1742 3005
235 87 310 127 193
535 91 627 140 Cap.
659 90 794 126 XLVl.
854 90 912 126 De
942 96 1070 126 saneto
1103 91 1304 140 Gregorio.

230 193 401 239 quaedam
426 192 574 239 singulis
601 191 724 226 (liebus
752 192 933 227 dominicis
966 192 1071 227 beato
1098 191 1270 237 Gregorio
1303 202 1411 237 panes
1436 193 1620 234 offerebat,

231 261 286 294 eui
310 270 384 293 cum
415 269 478 303 per
509 259 692 292 missarum
719 257 904 292 sollemnia
936 267 1063 302 corpus
1090 257 1218 292 domini
1243 258 1385 294 offerret
1412 264 1445 294 et
1470 259 1619 294 diceret:

231 335 356 369 corpus
385 323 514 357 domini
544 325 656 358 nostri
678 323 762 358 Jesu
791 322 922 357 Christi
952 323 1112 368 proficiat
1142 324 1206 357 tibi
1238 326 1273 358 in
1304 326 1406 359 vitam
1432 330 1620 362 aeternam,

232 390 363 423 lasciva
389 390 545 424 subrisit.
592 389 654 424 Ille
678 391 840 424 continuo
867 388 1045 423 dexteram
1071 388 1115 422 ab
1144 389 1220 433 ejus
1235 399 1295 424 ore
1319 395 1524 425 convertens
1540 401 1621 436 par—

233 460 300 489 tem
324 455 417 489 illam
448 455 609 489 dominici
641 456 798 500 corporis
826 465 932 499 super
964 453 1075 489 altare
1103 454 1281 499 deposuit,
1315 456 1533 500 postmodum
1561 467 1620 490 eo-

234 531 305 555 ram
331 521 460 566 populo
484 522 726 567 interrogavit.
754 531 856 566 quam
881 520 925 554 ob
950 530 1091 554 causam
1121 520 1237 556 ridere
1261 522 1537 565 praesumserit?
1580 521 1625 555 At

233 586 312 621 illa:
339 588 421 632 quia
446 598 588 631 panem,
622 598 720 632 quem
747 587 900 631 propriis
925 586 1083 620 manibus
1108 587 1272 623 feceram.
1298 591 1335 621 tu
1361 597 1487 631 corpus
1514 586 1623 620 domi-

234 653 345 686 nicum
370 652 589 697 appellabas.
639 652 737 686 Tunc
770 652 962 697 Gregorius
990 662 1052 696 pro
1082 652 1324 687 incredulitate
1348 653 1503 686 mulieris
1529 663 1567 687 se
1592 654 1626 686 in

234 719 393 751 oratione
424 719 614 761 prostravit
647 722 681 751 et
710 728 858 762 surgens
889 717 1091 762 particulam
1128 717 1221 752 illam
1253 720 1353 763 panis
1388 720 1499 752 instar
1525 718 1627 763 digiti

233 792 370 816 carnem
407 783 533 816 factam
561 784 693 826 reperit
729 787 763 816 et
793 784 843 816 sie
875 787 1065 816 matronam
1100 782 1145 816 ad
1179 783 1279 817 lidem
1309 784 1455 818 reduxit.
1507 784 1628 818 Oravit

234 850 359 882 iterum
386 852 420 883 et
443 858 581 882 carnem
613 847 707 881 illam
742 849 776 880 in
802 857 926 892 panem
958 857 1161 881 conversam
1186 849 1269 882 vidit
1305 853 1337 883 et
1361 854 1542 883 matronae
1567 859 1626 882 sn*

234 913 393 948 mendum
414 913 570 948 tradidit.
596 933 643 939 —-
663 934 709 939 —
779 917 849 950 12.
890 913 1105 953 Quibusdam
1137 914 1350 958 principibus
1384 915 1521 960 aliquas
1547 925 1626 960 pre—

234 980 347 1013 tiosas
380 979 548 1024 reliquias
585 978 782 1024 petentibus
816 979 1068 1024 aliquantulum
1101 979 1143 1013 de
1177 982 1288 1013 sancti
1319 979 1487 1015 Johannis
1523 991 1627 1016 evan-

236 1045 388 1090 gelistae
409 1044 595 1079 dalmatica
618 1044 757 1086 tribuit,
807 1045 900 1090 quod
930 1044 981 1078 illi
1010 1046 1241 1089 suscipientes
1269 1050 1429 1091 tanquam
1461 1047 1545 1080 viles
1573 1058 1626 1080 re*

238 1109 366 1155 liquias
399 1120 474 1144 cum
506 1111 747 1155 indignatione
781 1112 886 1144 iliniia
922 1110 1033 1145 eidem
1065 1110 1301 1145 reddidi-rimi.
1357 1112 1454 1146 Tunc
1487 1118 1628 1147 sanctus

239 1174 432 1221 Gregorius
458 1178 617 1210 oratione
651 1176 742 1210 sacta
773 1176 947 1211 cultellum
973 1178 1075 1221 petiit
1106 1181 1137 1211 et
1170 1186 1318 1221 pannum
1350 1178 1444 1211 illum
1471 1180 1627 1224 pupugit*

238 1240 282 1275 de
307 1242 407 1286 cujus
432 1242 678 1286 punctionibus
703 1244 848 1287 sanguis
872 1244 1031 1286 protinus
1060 1244 1247 1284 emanavit,
1273 1244 1392 1288 sicque
1420 1254 1519 1288 quam
1547 1255 1627 1288 pre-

237 1308 353 1341 tiosae
378 1312 495 1342 essent
522 1308 706 1352 reliquiae,
733 1308 897 1341 divinitus
925 1312 977 1342 est
1005 1313 1194 1342 ostensum.
1227 1330 1271 1333 —
1294 1329 1338 1334 —
1384 1314 1457 1346 13.
1484 1309 1628 1349 Quidam

239 1372 382 1406 divitum
407 1372 637 1407 Romanorum
668 1374 789 1407 relicta
817 1374 969 1419 conjuge
1003 1374 1119 1408 suerat
1152 1384 1173 1408 a
1198 1373 1361 1418 pontifice
1394 1377 1631 1410 communione

238 1440 413 1483 privatus.
439 1438 529 1483 quod
558 1438 617 1473 ille
642 1439 889 1473 molestissime
917 1439 1051 1481 ferens,
1079 1439 1141 1473 sed
1166 1441 1406 1475 auctoritatem
1430 1442 1516 1474 tanti
1542 1452 1629 1485 pon-

237 1505 340 1539 tilicis
367 1515 536 1539 evacuare
561 1516 629 1538 non
656 1504 776 1539 valens
803 1515 981 1549 magorum
1009 1505 1178 1550 suffragia
1201 1507 1394 1550 requisivit,
1422 1507 1479 1551 qui
1505 1517 1543 1541 se.
1559 1508 1631 1541 suis

238 1569 448 1604 carminibus
474 1580 582 1614 agere
608 1571 860 1614 promiserunt,
882 1575 919 1604 ut
946 1572 1099 1605 immisso
1126 1571 1294 1605 daemone
1318 1571 1449 1605 tamdiu
1473 1572 1631 1606 caballus

240 1635 413 1680 pontilicis
437 1640 636 1671 vexaretur,
662 1646 844 1680 quousque
867 1646 941 1670 cum
966 1648 1107 1671 sessore
1136 1648 1198 1670 suo
1225 1637 1491 1681 periclitaretur.
1530 1638 1630 1671 (liun-

240 1712 306 1746 (μω
323 1701 514 1747 (lregorius
540 1700 729 1746 aliquando
749 1712 854 1745 super
867 1701 1040 1735 caballum
1058 1714 1155 1736 sunm
1173 1704 1350 1743 transiret,
1375 1704 1526 1737 immisso
1546 1702 1630 1738 (lae-

240 1778 340 1801 mone
354 1768 447 1811 magi
475 1767 551 1811 ejus
584 1777 706 1811 equum
725 1770 792 1800 tam
809 1766 946 1800 sortiter
961 1769 1078 1801 vexari
1099 1768 1264 1803 fecerunt.
1293 1772 1327 1801 ut
1345 1779 1561 1814 nequaquam
1587 1770 1631 1804 ab

239 1833 356 1878 aliquo
382 1834 493 1866 teneri
516 1833 658 1867 valeret.
717 1831 816 1865 Tunc
841 1831 1032 1877 Gregorius
1060 1833 1236 1867 revelante
1264 1834 1387 1876 spiritu
1415 1833 1632 1878 ‹habelicam

240 1899 485 1932 immissionem
511 1908 727 1942 cognoscens
756 1898 848 1931 sacto
871 1899 981 1931 crucis
1008 1900 1189 1943 signaculo
1213 1904 1281 1933 tam
1301 1898 1472 1932 caballum
1492 1909 1512 1933 a
1530 1910 1632 1944 prac—

240 1965 330 1997 senti
355 1963 453 1997 rabie
481 1963 661 2001 liberavit,
711 1974 811 2008 quam
843 1963 1019 1997 maleficos
1055 1969 1226 2009 perpetua
1252 1965 1421 1998 caecitate
1446 1964 1632 2006 mulctavit,

240 2029 297 2074 qni
325 2033 454 2063 reatum
481 2039 578 2062 suum
603 2028 808 2062 confitentes
841 2028 886 2062 ad
919 2031 1010 2063 sacri
1044 2029 1208 2074 baptismi
1240 2031 1389 2074 gratiam
1416 2030 1632 2074 postmodum

240 2099 481 2138 pervenerunt.
540 2094 672 2133 Quibus
698 2093 830 2131 lumen,
871 2106 917 2129 ne
950 2100 1058 2129 artem
1093 2097 1262 2141 magicam
1290 2095 1506 2139 relegerent,
1533 2095 1633 2131 reddi

239 2159 366 2197 noluit,
403 2170 464 2194 cos
493 2164 606 2194 tamen
633 2159 872 2194 ecclesiastico
900 2160 1058 2195 subsidio
1085 2163 1208 2195 nutriri
1234 2162 1422 2205 praecepit.
1450 2181 1494 2185 —
1519 2180 1565 2185 -—
1589 2180 1634 2185 ——

237 2228 311 2262 14.
339 2224 486 2268 Legitur
511 2236 648 2271 quoque
679 2227 712 2259 in
742 2225 850 2264 libi-o,
887 2228 944 2271 qui
971 2236 991 2260 a
1017 2226 1160 2261 Graecis
1188 2227 1319 2271 Lymon
1353 2225 1494 2267 dicitur,
1541 2226 1634 2271 quod

238 2289 373 2331 abbas,
423 2291 481 2334 qni
513 2294 676 2334 praeerat
707 2293 919 2325 monasterio
946 2293 1056 2326 sancti
1091 2292 1270 2337 Gregorii,
1312 2291 1422 2326 eidem
1452 2293 1633 2333 nuntiavit,

239 2355 332 2400 quod
362 2355 500 2400 quidam
532 2355 720 2389 monachus
754 2367 861 2400 penes
897 2367 936 2391 se
968 2361 1175 2392 numismata
1208 2359 1277 2392 tria
1311 2356 1467 2391 liaberet.
1526 2356 1632 2396 Quem

240 2420 432 2464 Gregorius
465 2421 509 2455 ad
541 2421 688 2455 aliorum
717 2426 886 2457 terrorem
918 2426 1235 2459 exeommunicavit.
1298 2423 1518 2458 Postmodum
1550 2433 1632 2456 vero

240 2487 403 2530 temporis
430 2486 540 2521 frater
563 2489 708 2522 moritur
732 2492 853 2522 saneto
884 2487 1056 2533 Gregorio
1082 2491 1277 2532 nesciente,
1305 2490 1362 2535 qui
1390 2490 1511 2529 iratus,
1541 2486 1631 2532 qnod

238 2551 314 2583 sine
339 2551 560 2586 absolutione
577 2557 731 2587 mortuus
758 2553 883 2595 suerat7
909 2557 1100 2590 orationem
1120 2556 1153 2589 in
1181 2554 1359 2600 epitaphio
1385 2553 1536 2596 sei-ipsit,
1565 2562 1633 2597 qua

240 2624 314 2648 eum
340 2615 383 2648 ab
410 2619 774 2653 excominuiiieationis
800 2620 935 2654 vinculo
965 2621 1184 2655 absolvebat.
1234 2619 1337 2654 Dedit
1363 2627 1437 2652 eam
1461 2619 1519 2651 uni
1546 2617 1630 2661 ‹lya-

237 2689 400 2714 conornm
428 2684 665 2726 praecipiens.
700 2688 734 2718 ut
762 2695 834 2719 cam
860 2695 967 2729 snper
991 2686 1126 2720 foveam
1160 2685 1279 2718 fratris
1306 2683 1457 2718 defuncti
1484 2684 1630 2730 legeret,
