1742 3005
289 93 370 134 286
544 94 641 144 Cap.
667 94 807 131 LXIII.
865 94 923 132 De
953 101 1083 133 sancto
1112 95 1226 134 Petro
1266 97 1435 135 martire.

289 202 527 246 exposuerunt
550 200 601 234 'ac
635 198 726 233 filum
766 201 939 246 sanguiue
968 180 1189 236 ¹cruentatum
1223 203 1334 238 eidem
1357 207 1683 249 praesentaverunt.

290 268 390 302 Prior
414 271 529 301 autem
556 266 599 300 ad
624 266 808 300 multorum
833 267 1034 301 instantiam
1060 268 1252 303 sollennem
1276 270 1572 314 praedicationem
1600 281 1684 305 con-

289 335 424 369 vocavit
448 337 482 368 et
507 332 675 378 quidquid
695 332 886 378 praedietis
912 333 1117 368 mulieribus
1144 334 1339 378 acciderat,
1376 346 1492 370 eoram
1527 336 1686 370 omnibus

289 401 407 435 retulit
428 404 461 435 et
488 399 579 434 filum
605 400 717 444 ipsum
744 401 792 434 sie
820 403 1035 434 cruentatum
1065 401 1225 435 omnihus
1246 400 1412 435 ostendit.
1461 401 1587 436 Iterum
1607 403 1684 447 qui-

288 467 367 501 dam
393 467 564 511 magister
587 467 673 500 artis
699 468 947 512 grammaticae
983 467 1017 500 in
1052 466 1172 501 eadem
1198 466 1464 511 praedieati0ne
1489 469 1685 501 consistens

288 534 413 568 factum
438 534 549 577 ipsum
577 533 694 576 eoepit
712 532 896 577 plurimum
916 532 1078 567 deridere
1099 537 1134 567 et
1157 532 1379 567 adstantibus
1400 532 1541 567 dicere:
1570 532 1686 568 videte

288 600 413 642 modo,
449 599 600 644 qualiter
630 600 690 632 isti
724 598 851 633 fratres
880 599 1085 644 simplisrium
1117 598 1226 633 corda
1260 599 1448 644 decipiunt.
1496 598 1583 633 Nam
1612 609 1686 633 eum

286 667 463 711 aliquibus
491 664 705 698 mulierculis
733 664 776 698 de
804 666 877 698 suis
905 664 1136 699 familiai-Ibus
1163 664 1423 707 conduxerunt,
1453 669 1490 699 ut
1514 665 1605 699 filum
1630 666 1685 709 ip-

287 744 361 767 sum
389 735 422 765 in
448 731 567 775 aliquo
592 731 764 775 sanguine
788 731 967 775 tingerent
993 734 1026 764 et
1052 732 1102 764 sic
1128 731 1337 766 miraculose
1364 731 1538 766 accidisse
1560 740 1684 765 narra-

287 802 374 833 rent.
422 797 511 831 Dum
537 795 627 830 haee
652 795 711 830 ille
736 795 887 837 diceret,
927 797 1086 839 protinus
1121 795 1265 829 ultionis
1293 795 1431 830 divinae
1458 796 1598 841 plagam
1624 806 1683 830 ae-

285 866 379 909 eepit
408 867 441 898 et
474 864 584 907 ipsum
611 861 904 896 validissimarum
944 860 1093 895 febrium
1121 865 1240 896 aestus
1265 862 1381 896 multis
1407 861 1683 907 adspicientibus

284 933 337 965 sie
366 930 525 970 vexavit,
560 932 598 962 ut
622 938 643 962 a
666 927 929 972 praedieatione
954 929 1033 972 ipsa
1058 928 1150 962 inter
1183 938 1304 962 manus
1329 930 1516 963 amicorum
1539 930 1574 962 in
1599 939 1682 973 pro-

285 998 396 1042 priam
430 995 566 1029 domum
601 993 808 1029 deferretur.
859 993 929 1028 Sed
963 1003 1038 1027 eum
1072 994 1297 1029 vehementer
1322 994 1431 1030 febris
1460 999 1684 1030 excreseeret

286 1068 320 1097 et
354 1063 414 1096 ille
448 1065 592 1095 mertem
620 1061 767 1094 vicinam
790 1060 950 1101 timeret,
989 1060 1204 1104 praedictum
1232 1063 1384 1106 priorem
1417 1071 1599 1096 accersere
1627 1061 1680 1095 sa-

284 1131 331 1164 eit
358 1132 392 1163 et
420 1132 551 1162 reatum
579 1136 677 1161 suum
701 1126 870 1160 confitens
895 1125 969 1159 Deo
997 1130 1030 1161 et
1054 1126 1160 1161 heato
1186 1127 1289 1162 Petro
1315 1137 1430 1161 eoram
1448 1127 1540 1161 dieto
1563 1128 1681 1172 priore

282 1199 400 1230 votum
423 1195 536 1234 vovit,
564 1192 676 1239 quod,
703 1193 734 1226 si
760 1192 837 1236 ejus
862 1193 996 1226 meritis
1022 1193 1206 1227 sanitatem
1231 1195 1416 1238 reciperet,
1444 1204 1519 1227 eum
1545 1204 1682 1238 semper

282 1264 319 1296 in
350 1260 499 1306 speciali
536 1259 725 1294 devotione
757 1256 905 1292 haberet
938 1261 972 1292 et
1007 1257 1049 1292 de
1083 1262 1224 1293 caetero
1251 1260 1406 1305 linguam
1431 1259 1475 1294 ad
1500 1260 1588 1294 talia
1612 1271 1681 1294 non

280 1329 432 1362 laxaret.
479 1326 575 1362 Mira
606 1335 684 1367 res,
717 1335 796 1359 mox
834 1328 872 1359 ut
904 1323 1120 1368 praedictum
1149 1329 1267 1359 votum
1291 1326 1456 1370 protulit⁷
1495 1327 1680 1361 sanitatem

279 1396 452 1440 integram
477 1393 623 1438 recepit.
643 1412 688 1417 -
706 1412 751 1438 ή-
769 1412 813 1416 ——
838 1394 904 1428 ll.
933 1390 1090 1430 Quadam
1114 1392 1190 1425 viee
1216 1400 1290 1425 eum
1315 1393 1481 1436 supprior
1505 1391 1679 1436 praedicti

280 1461 351 1494 Ioci
377 1458 547 1505 quosdam
574 1457 712 1503 Iapides
739 1456 993 1502 pulcherrimos
1031 1460 1066 1492 et
1098 1467 1245 1503 magnos
1272 1458 1307 1491 in
1333 1457 1484 1503 quadam
1509 1458 1590 1491 navi
1614 1467 1678 1502 pro

281 1526 542 1560 construetione
567 1524 771 1569 praedictae
797 1523 972 1559 eeclesiae
1000 1522 1161 1565 duceret,
1184 1525 1286 1558 navis
1312 1525 1391 1568 ipsa
1419 1535 1461 1558 ex
1486 1524 1678 1569 improviso

280 1591 417 1626 cuidam
444 1590 555 1624 littori
582 1592 633 1623 sie
658 1590 832 1633 inhaesit,
866 1594 904 1625 ut
937 1589 1136 1624 nullatenus
1170 1594 1294 1634 posset
1326 1591 1471 1625 moveri.
1498 1589 1677 1635 <Descen-

280 1656 402 1692 dentes
429 1667 514 1691 vero
542 1660 670 1690 nautae
696 1665 815 1689 omnes
842 1657 1054 1690 unanimiter
1080 1657 1192 1700 ipsam
1217 1656 1454 1701 impellebant,
1482 1655 1546 1690 sed
1566 1654 1680 1689 nulla-

277 1727 379 1758 tenus
427 1732 568 1757 movere
601 1725 777 1766 poterant.
827 1721 911 1755 Cum
950 1732 1036 1767 ergo
1071 1732 1193 1756 navem
1233 1733 1272 1757 se
1307 1724 1470 1757 amisisse
1501 1724 1679 1766 putarent,

277 1789 481 1834 praedictus
517 1789 683 1833 suppri0r
717 1787 878 1821 omnibus
912 1787 993 1821 aliis
1020 1787 1210 1822 licentiatis
1236 1798 1370 1822 manum
1396 1788 1440 1822 ad
1465 1798 1588 1823 navem
1614 1798 1677 1832 ap-

277 1856 397 1901 posuit
423 1859 456 1889 et
479 1855 605 1889 leviter
627 1855 738 1899 ipsam
763 1853 944 1898 impellens
970 1853 1074 1887 dixit:
1103 1854 1136 1888 in
1164 1855 1301 1888 nomine
1326 1854 1437 1888 saneti
1461 1853 1555 1888 Petri
1583 1863 1675 1887 mar-

278 1922 379 1963 tiris,
419 1922 455 1954 in
490 1921 590 1965 eujus
619 1919 785 1954 honorem
810 1918 948 1963 Iapides
977 1920 1065 1954 Istos
1094 1919 1304 1961 deserimuS,
1331 1919 1430 1954 vade.
1480 1919 1676 1964 Statimque

277 1989 376 2022 navis
402 1986 624 2022 velocissime
652 1996 689 2020 se
715 1986 823 2019 movit
850 1989 884 2020 et
909 1985 952 2020 de
977 1985 1096 2020 littore
1123 1994 1210 2019 sana
1236 1987 1402 2028 recessit,
1442 1995 1549 2030 super
1575 1995 1677 2030 quam

276 2058 404 2089 nautae
436 2052 693 2087 adscendentes
726 2061 845 2085 omnes
871 2052 958 2085 ‘sani
995 2055 1029 2085 et
1061 2051 1193 2085 hilares
1221 2050 1266 2085 ad
1294 2052 1441 2096 propria
1466 2054 1674 2086 remearunt.

276 2141 320 2146 κ
344 2139 388 2145 —
409 2140 454 2144 -
489 2122 558 2156 12.
594 2118 633 2152 ln
666 2119 851 2163 provincia
886 2117 1056 2152 Franciae
1083 2118 1226 2152 civitate
1253 2117 1403 2152 Senonis
1426 2117 1545 2162 puella
1568 2126 1676 2161 quae-

278 2187 354 2221 dam
388 2196 462 2219 cum
496 2186 531 2218 in
565 2194 691 2230 aquam
726 2185 852 2228 raptim
886 2187 1125 2219 transeuntem
1154 2183 1342 2218 cecidisset
1368 2186 1401 2218 et
1426 2193 1489 2227 per
1513 2192 1673 2228 magnum

277 2252 428 2296 spatium
465 2251 633 2294 temporis
671 2251 851 2293 stetisset,
899 2249 1039 2284 tandem
1075 2250 1117 2283 de
1161 2248 1301 2283 flumine
1347 2253 1485 2282 mortua
1522 2252 1577 2282 est
1612 2258 1672 2282 ex-

276 2321 400 2354 tracta,
448 2316 555 2360 Cujus
590 2316 711 2349 mortis
749 2319 849 2349 erant
881 2319 1031 2360 quatuor
1068 2319 1295 2359 argumenta,
1342 2314 1479 2349 scilieet
1513 2323 1673 2359 maguum

277 2384 427 2429 spatium
466 2383 634 2426 temporis
671 2385 705 2416 et
746 2380 910 2426 rigiditas
947 2381 1106 2424 eorporis
1148 2384 1182 2415 et
1212 2380 1392 2425 frigiditas
1434 2384 1468 2415 et
1509 2380 1670 2426 nigredo.

276 2449 404 2484 Delata
435 2453 489 2483 est
522 2459 607 2494 ergo
636 2458 657 2482 a
681 2447 888 2493 quibusdam
914 2446 957 2481 ad
988 2446 1174 2481 ecelesiam
1200 2446 1356 2480 fratrum.
1407 2446 1474 2486 Qui
1499 2457 1573 2481 eum
1597 2454 1671 2480 eam

277 2519 398 2550 saneto
423 2515 528 2550 Petro
555 2516 750 2555 vovissent,
778 2515 942 2548 continuo
968 2514 1059 2548 vitae
1087 2516 1140 2548 est
1166 2512 1304 2547 reddita
1328 2516 1362 2547 et
1375 2512 1491 2547 saluti.
1508 2531 1552 2536 ——
1569 2530 1670 2535 -ffl

277 2584 350 2616 13.
374 2580 497 2617 Frater
517 2581 697 2616 Johannes
722 2580 875 2614 Polonus
900 2590 975 2614 eum
1002 2578 1095 2624 apud
1118 2578 1310 2613 Bononiam
1333 2580 1504 2622 quartana
1528 2574 1671 2610 labora-

278 2649 332 2680 ret
358 2649 392 2680 et
416 2647 450 2679 in
476 2647 566 2681 sesto
593 2648 706 2681 saneti
729 2646 824 2682 Petri
847 2647 1000 2680 martiris
1025 2655 1218 2680 sermonem
1243 2642 1288 2677 ad
1315 2642 1442 2676 elerum
1469 2641 1588 2676 faeere
1609 2641 1672 2677 de-

280 2711 399 2755 beret,
424 2713 661 2748 accessionem
687 2712 807 2748 eadem
832 2715 934 2747 nocte
955 2712 1059 2757 Juxta
1084 2719 1221 2745 cursum
1244 2707 1438 2744 naturalem
1462 2712 1671 2753 exspectans
