1742 3005
207 59 304 111 Cap.
325 51 544 96 LXXXIII:
566 55 625 97 De
643 60 773 93 sancto
795 55 953 101 Quirico
972 61 1009 93 et
1026 54 1144 93 sulita
1166 55 1247 107 ejus
1265 61 1398 94 matre.
1430 55 1506 96 351

124 165 207 198 minl
241 161 405 198 Modesto
444 161 658 209 paedagogo
694 161 771 208 ejus
807 162 971 207 apparuit
1004 164 1038 196 et
1064 163 1101 195 ut
1124 170 1245 196 navem
1273 163 1510 199 conscendens

123 239 266 274 puerum
302 228 347 263 ad
384 228 488 262 aliam
513 231 643 262 terram
668 227 832 269 duceret,
867 229 1062 272 imperavit.
1112 226 1211 266 Quod
1245 236 1320 262 oum
1344 228 1510 273 fecisset,

123 293 243 339 aquila
269 294 314 328 iis
339 293 453 328 cibum
479 293 654 329 afferebat
678 297 712 328 et
735 293 843 328 multa
866 292 995 327 ibidem
1019 292 1195 327 mirabilia
1219 292 1407 330 faciehant.
1455 295 1511 331 In-

121 363 221 394 terea
258 358 350 393 filius
382 359 601 405 Dyocletiani
634 360 857 403 imperatoris
894 367 915 392 a
952 358 1122 392 daemone
1157 360 1325 403 arripitur
1360 365 1404 403 et,
1442 363 1509 396 nisi

121 423 223 458 Vltus
247 425 411 459 Lucanus
437 427 570 467 veniat,
607 436 645 460 se
676 434 850 469 nunquam
886 424 982 457 exire
1018 423 1157 457 fatetur.
1200 423 1300 459 Vltus
1334 429 1514 470 quaeritur

91 478 157 524 'met
184 489 344 525 inventus
374 490 417 525 ad
442 492 685 535 imperatorem
707 488 855 530 ducitur,
877 490 931 522 cui
952 488 1218 533 D3'0(·let1a11us:
1246 501 1342 533 puer,
1368 503 1511 536 puerum

124 567 234 591 meum
262 566 389 590 sanare
415 555 541 589 vales?
590 554 652 588 Cui
678 554 758 587 ille:
794 564 861 587 non
889 564 976 598 ego,
996 554 1075 588 «sed
1110 554 1290 597 dominus,
1327 559 1512 603 statimque

122 632 229 666 super
263 631 339 656 eum
371 630 492 654 manus
528 620 696 664 imposuit
727 623 761 653 et
787 621 945 664 protinus
971 620 1014 653 ab
1041 631 1081 654 eo
1102 620 1249 655 daemon
1274 622 1423 668 aufugit,
1471 624 1512 659 Et

122 688 171 721 ait
201 686 472 730 Dyoeletianusz
508 696 617 730 puer,
665 684 809 719 consule
846 684 911 719 tibi
950 689 984 720 et
1018 685 1094 720 Diis
1129 687 1310 731 sacrifica,
1346 700 1388 724 ue
1419 691 1512 725 mala

122 755 232 786 morte
258 752 423 786 intereas.
474 750 574 791 Quod
600 760 675 784 cum
700 750 760 785 ille
785 755 966 785 recusaret
997 756 1031 785 et
1068 753 1101 785 in
1128 762 1303 788 carcerem
1330 765 1403 789 cum
1430 756 1511 791 Mo-

121 817 223 853 desto
249 818 376 851 missus
403 816 549 869 ¹fuisset,
587 815 704 850 subito
739 816 825 851 ferri
860 817 989 859 moles,
1027 827 1116 862 quae
1150 820 1193 852 iis
1228 823 1303 853 erat
1334 822 1510 865 imposita,

120 882 248 918 cecidit
270 887 305 917 et
328 892 448 917 carcer
473 883 639 916 immenso
666 881 793 917 lumine
817 884 1032 916 coruscavit:
1068 883 1160 928 quod
1180 894 1271 918 ‘eum
1307 886 1512 931 imperatori

120 950 313 983 nuntiatum
338 948 486 990 fuisset,
521 946 668 982 eductus
695 949 729 981 in
759 947 930 981 clibanum
962 947 1139 982 ardentem
1166 951 1333 992 mittitur,
1368 952 1431 986 sed
1456 957 1510 987 ta-

122 1026 198 1050 men
233 1014 378 1049 illaesus
415 1013 605 1059 egreditur.
655 1012 754 1047 Tunc
787 1012 843 1047 leo
876 1013 1046 1048 terribilis
1081 1014 1126 1048 ad
1165 1025 1240 1049 eum
1274 1015 1511 1053 devorandum

121 1081 288 1121 mittitur,
315 1078 378 1114 sed
404 1082 518 1113 tamen
543 1077 587 1112 ab
615 1089 656 1113 eo
683 1077 763 1113 fidei
788 1080 915 1113 virtute
939 1079 1109 1123 placatur.
1159 1080 1314 1116 Tandem
1338 1084 1413 1127 ipse
1437 1096 1512 1119 cum

120 1146 286 1181 Modesto
315 1149 348 1180 et
375 1144 579 1180 Crescentia
604 1146 740 1180 nutrice
765 1155 840 1186 sua,
870 1155 959 1190 quae
985 1154 1123 1189 semper
1150 1157 1225 1181 eum
1245 1153 1365 1183 secuta
1384 1149 1511 1192 suerat,

121 1213 157 1246 in
183 1211 366 1257 equuleum
390 1209 559 1255 suspendi
591 1210 756 1255 jubetur,
792 1209 855 1245 sed
891 1210 1007 1244 subito
1040 1215 1101 1245 aer
1137 1213 1382 1256 perturbatur,
1416 1220 1511 1249 terra

120 1278 335 1319 concutitur,
368 1278 524 1310 tonitrua
555 1278 732 1321 mugiunt,
767 1276 947 1320 §dolorum
981 1278 1111 1321 templa
1138 1285 1301 1313 corruunt
1326 1285 1359 1314 et
1387 1281 1512 1315 multos

123 1342 296 1383 occidunt,
322 1343 513 1386 imperator
530 1346 644 1375 autem
666 1343 808 1375 territus
828 1342 966 1386 fugiens
994 1345 1121 1387 pugnis
1148 1354 1186 1379 se
1212 1347 1432 1390 percutiebat
1458 1348 1511 1382 di-

77 1412 84 1418 ·
121 1417 223 1441 cens:
260 1407 349 1441 vach
382 1406 484 1447 mihi,
527 1406 620 1451 quod
653 1407 696 1440 ab
730 1418 797 1440 uuo
832 1418 940 1451 puero
968 1410 1080 1442 victus
1115 1420 1199 1444 sum.
1247 1410 1300 1445 Illi
1327 1418 1439 1447 autem
1468 1415 1510 1447 ab

121 1472 254 1518 angelo
277 1474 440 1506 contiuuo
465 1472 570 1506 soluti
591 1473 693 1517 juxta
720 1472 894 1517 quoddam
923 1473 1050 1508 flumen
1075 1485 1113 1509 se
1140 1477 1345 1510 invenerunt
1381 1483 1415 1512 et
1441 1479 1511 1512 ihi-

121 1537 199 1572 dem
226 1542 416 1583 pausantes
441 1542 475 1572 et
500 1542 642 1572 orantes
667 1539 799 1572 animas
826 1538 964 1573 domiuo
992 1539 1240 1583 reddiderunt,
1264 1553 1406 1587 quorum
1434 1554 1509 1578 cor-

119 1613 209 1647 pora
242 1603 285 1637 ab
311 1603 439 1648 aquilis
478 1603 654 1638 custodita
687 1603 866 1638 Florentia
894 1605 1118 1650 ¹)sepelivit.
1165 1606 1266 1641 Passi
1292 1613 1371 1642 sunt
1397 1615 1511 1645 autem

120 1667 184 1701 suh
212 1667 462 1717 Dyocletiano,
500 1671 559 1715 qui
594 1671 710 1715 eoepit
734 1671 829 1704 eirca
855 1679 964 1705 annos
994 1670 1124 1706 domiui
1149 1672 1388 1709 ducentesimo
1415 1680 1511 1710 octo-

119 1735 254 1778 gesimo
280 1735 439 1779 septimo.

531 1990 658 2051 GAP.
693 1991 923 2053 mim.
968 1995 1098 2057 (78.)

119 2087 218 2146 De
248 2088 470 2133 saneto
501 2087 768 2143 Quirino
797 2092 863 2134 et
886 2091 1098 2154 Qulita
1123 2090 1267 2148 ejus
1286 2094 1507 2139 matre.

207 2195 370 2235 Quiricus
396 2208 568 2243 quaerens
594 2207 723 2241 arcum,
746 2199 801 2234 vel
827 2210 848 2234 a
872 2199 995 2241 chisil,
1035 2199 1126 2245 quod
1163 2204 1216 2233 est
1250 2200 1438 2243 fortitudo,
1476 2206 1509 2237 et

118 2269 179 2293 cus
203 2262 321 2306 niger,
352 2265 384 2305 ²)
399 2264 500 2308 quasi
523 2263 625 2297 sortis
652 2275 716 2309 per
739 2267 899 2299 virtutem
926 2270 959 2300 et
991 2267 1094 2311 niger
1129 2276 1191 2310 per
1222 2265 1507 2309 Inimiliatiouem,

119 2325 174 2359 vel
201 2335 222 2359 a
248 2327 381 2370 quiris,
417 2328 510 2372 quod
538 2332 592 2362 est
615 2328 738 2373 hasta,
766 2331 820 2365 vel
849 2341 869 2365 a
893 2331 1058 2376 quiriles,
1097 2331 1188 2376 quod
1219 2331 1346 2365 dicitur
1382 2332 1505 2368 sedile.

118 2389 198 2435 Ipse
225 2392 314 2425 enim
339 2401 441 2425 arcus
470 2391 555 2435 suit,
591 2394 626 2427 id
663 2400 737 2438 est,
775 2407 901 2431 curvus
937 2398 970 2430 in
997 2396 1051 2429 sui
1078 2394 1341 2437 humiliatione,
1373 2397 1408 2431 in
1431 2401 1505 2432 tor—

119 2460 310 2490 mentorum
336 2458 526 2501 passione,
553 2459 656 2503 niger
679 2462 714 2494 in
739 2463 796 2496 sui
821 2462 1068 2507 despectione,
1102 2460 1206 2494 hasta
1230 2462 1265 2494 in
1288 2463 1418 2497 inimici
1443 2463 1520 2506 de<

188 2578 217 2610 1)
236 2581 359 2608 Recent.
378 2579 512 2606 addunt:
532 2579 716 2607 illustris
735 2585 914 2609 matrona
934 2576 1069 2610 sancfo
1095 2582 1187 2610 vito
1213 2582 1421 2609 revelante
1445 2593 1503 2610 re-

119 2621 223 2655 perit
243 2626 280 2648 et
299 2632 341 2650 ea
360 2624 565 2659 accipiens
590 2624 818 2653 honorifice
843 2635 866 2653 s.
969 2630 998 2662 2)
1017 2632 1051 2654 In
1071 2637 1132 2662 seq.
1153 2637 1216 2662 cap.
1237 2627 1377 2655 omittunt
1394 2629 1504 2655 verba:

120 2666 229 2699 qnasi
255 2680 286 2688 —
312 2668 646 2697 humiliationem.
