1742 3005
226 70 308 111 4⁴8
422 73 516 122 Cap.
549 71 668 107 CVH.
738 69 797 106 De
828 75 958 106 saneto
994 70 1190 106 Germano
1220 69 1417 120 episcope.

684 295 810 357 GAP.
847 294 976 357 cvii.
1013 294 1164 359 (102.)

387 396 487 440 De
517 396 738 440 saneto
769 394 1095 443 Germano
1135 393 1450 449 episcopo.

314 504 505 539 Germanus
539 504 668 538 dieitur
693 514 713 538 a
740 505 897 549 germine
924 508 957 538 et
982 513 1068 544 ana,
1106 502 1199 548 quod
1232 505 1285 536 est
1317 512 1473 542 sursum,
1514 508 1616 548 quasi

224 582 409 616 supernum
441 581 596 616 germen.
646 570 735 604 Tria
767 571 855 605 enim
889 571 1111 615 reperiuntur
1145 570 1179 602 in
1219 572 1342 615 segete
1382 570 1614 615 germinante,

224 637 360 672 scilieet
389 637 486 671 calor
518 636 711 678 naturalis,
756 635 880 670 humer
918 635 1174 670 nutrimentalis
1221 640 1255 669 et
1296 636 1386 669 ratio
1424 636 1614 670 seminalis.

223 702 352 737 Beatus
378 704 487 748 igitur
522 701 712 735 Germanus
749 701 876 735 dicitur
910 703 1011 746 quasi
1049 712 1166 736 semen
1200 703 1422 748 germinans:
1459 704 1543 747 quia
1578 704 1614 736 in

222 770 300 812 ipso
336 768 401 801 suit
433 768 532 802 calor
568 777 632 811 per
665 766 837 801 servorem
871 766 1092 809 dilectionis,
1126 766 1249 801 humor
1280 779 1344 812 per
1368 769 1616 813 pinguedinem

223 834 421 868 devotionis
447 838 481 869 et
506 835 596 867 ratio
622 832 799 867 seminalis
827 843 890 877 per
914 834 1074 867 virtutem
1100 833 1394 877 praedicationis,
1422 844 1487 877 per
1514 844 1615 879 quam

222 900 348 934 multos
393 901 427 933 in
461 899 529 933 side
564 902 597 933 et
632 898 787 932 moribus
823 898 1029 944 generabat,
1079 899 1185 944 Cujus
1227 901 1331 933 vitam
1366 899 1615 934 Constantinus

224 967 402 1012 presbiter
429 966 473 999 ad
500 969 654 999 sanctum
674 966 876 999 Censurium
900 966 1099 1009 episcopum
1125 964 1441 1000 Altisiodorensein
1462 967 1616 1010 scripsit.

314 1032 505 1066 Germanus
541 1031 780 1064 nobilissimus
814 1041 945 1075 genere
971 1032 1005 1063 in
1029 1030 1116 1064 urbe
1142 1030 1360 1065 Altisiodoro
1387 1035 1488 1065 natus
1515 1036 1548 1066 et
1570 1031 1615 1065 li-

223 1098 404 1133 beralibus
442 1096 568 1131 studiis
603 1097 784 1141 plurimum
817 1096 974 1130 eruditus
1007 1096 1146 1129 tandem
1173 1096 1314 1130 Romam
1342 1097 1386 1131 ad
1413 1097 1614 1132 discendnm

218 1167 311 1211 juris
339 1164 521 1198 seientiam
549 1167 603 1197 est
628 1163 828 1207 profectum,
855 1162 914 1196 ubi
939 1166 1068 1196 tantum
1095 1162 1277 1208 dignitatis
1304 1165 1450 1208 accepit,
1475 1167 1512 1197 ut
1539 1174 1614 1197 eum

223 1236 366 1266 senatus
393 1229 438 1263 ad
463 1227 597 1263 Gallias
622 1230 894 1271 transmitteret,
928 1233 965 1263 ut
990 1230 1121 1273 apicem
1149 1228 1294 1263 ducatus
1318 1231 1426 1264 totius
1453 1229 1616 1275 Burgun-

224 1298 302 1332 diae
330 1297 516 1331 obtineret.
567 1295 649 1330 Cum
686 1306 772 1341 ergo
807 1295 1122 1330 Altisiodorensem
1157 1296 1331 1329 civitatem
1359 1297 1508 1330 caeteris
1534 1295 1615 1329 dili-

222 1365 362 1409 gentius
388 1364 624 1407 gubernaret,
651 1361 811 1396 arborem
839 1361 1010 1407 quandam
1039 1363 1154 1406 pinum
1182 1362 1215 1394 in
1240 1360 1357 1396 media
1380 1362 1523 1395 civitate
1551 1360 1615 1395 lia-

222 1430 349 1472 bebat,
387 1428 433 1463 ad
466 1429 565 1473 eujus
601 1438 715 1461 ramos
732 1435 812 1472 ‘pro
840 1428 1072 1462 admiratione
1099 1428 1294 1462 venationis
1322 1427 1473 1461 serarum
1497 1428 1617 1472 capita,

222 1495 497 1539 suspendebant.
547 1494 615 1528 Sed
643 1505 715 1528 eum
742 1497 884 1528 sanctus
911 1493 1056 1528 Amator
1081 1493 1236 1538 ejusdem
1256 1494 1408 1527 civitatis
1429 1494 1615 1537 episeopus

223 1562 265 1596 de
299 1561 363 1595 tali
391 1571 466 1595 cum
500 1562 654 1594 vanitate
680 1571 788 1605 saepe
816 1560 1069 1605 redargueret,
1104 1570 1270 1601 monens,
1306 1563 1343 1593 nt
1379 1560 1481 1593 etiam
1519 1558 1613 1592 illam

222 1627 382 1662 arborem
412 1626 519 1660 incidi
546 1626 740 1669 mandaret,
766 1638 808 1661 ne
835 1627 955 1671 aliqua
981 1625 1073 1659 mala
1100 1627 1241 1659 occasio
1269 1636 1310 1660 ex
1329 1624 1394 1659 hoc
1413 1624 1614 1659 christianis

222 1695 395 1732 eveniret.
439 1693 498 1727 ille
542 1692 739 1726 nullatenus
777 1693 963 1736 acquievit.
1013 1691 1169 1730 Quadam
1203 1696 1316 1726 autem
1351 1693 1428 1725 vice
1468 1690 1614 1724 absente

222 1759 394 1793 Germano
427 1758 587 1792 arborem
614 1757 737 1790 incidit
760 1762 793 1791 et
815 1757 975 1791 incendio
999 1761 1105 1791 totam
1142 1756 1262 1797 dedit,
1297 1757 1391 1801 qued
1422 1755 1612 1790 Germanus

221 1824 368 1858 audiens
394 1823 607 1858 christianae
634 1824 817 1867 religionis
844 1822 972 1856 oblitus
996 1822 1147 1856 vallatus
1166 1821 1334 1854 militibus
1364 1822 1446 1854 illuc
1470 1820 1614 1854 advenit

223 1895 257 1924 et
283 1895 425 1924 mortem
454 1891 611 1934 episcopi
643 1890 835 1924 intentarit.
883 1888 1078 1932 Episcopus
1106 1891 1219 1920 autem
1254 1886 1373 1921 divina
1398 1887 1612 1921 revelatione

224 1956 427 1991 Germanum
463 1955 530 1989 sibi
567 1966 807 1989 successurum
840 1964 1037 2000 agnoscens
1065 1953 1194 1987 furenti
1229 1954 1336 1987 cessit
1374 1957 1407 1987 et
1431 1952 1611 1995 Augusto-

223 2023 346 2056 dunum
382 2023 548 2066 perrcxit.
596 2020 815 2055 Postmodum
849 2020 1101 2056 Altisiodorum
1142 2029 1305 2053 reversus
1340 2018 1543 2053 Germanum
1578 2018 1613 2051 in

222 2088 373 2122 eeclesia
407 2092 508 2122 caute
544 2088 713 2122 conclusit
748 2091 782 2121 et
815 2086 941 2121 ibidem
977 2097 1051 2120 eum
1087 2090 1274 2119 tonsurans
1302 2086 1412 2129 ipsum
1438 2084 1506 2117 sibi
1534 2093 1613 2117 sue-

223 2165 397 2189 cessorem
417 2164 496 2188 esse
512 2154 697 2198 praedixit.
750 2153 848 2192 Quod
876 2153 1002 2186 sactum
1030 2156 1093 2185 est.
1143 2151 1227 2185 Nam
1251 2151 1453 2195 paulopost
1473 2151 1611 2194 episco-

220 2230 284 2264 pus
312 2220 461 2253 feliciter
486 2219 573 2252 obiit
609 2223 642 2253 et
668 2218 871 2253 Germanum
905 2218 1006 2263 plebs
1040 2219 1150 2251 omnis
1178 2218 1210 2250 in
1238 2218 1427 2250 antistitem
1454 2214 1613 2259 postula-

220 2287 288 2327 vit,
322 2287 380 2330 qui
416 2285 615 2319 substantia
649 2284 863 2329 pauperibus
900 2289 1049 2330 erogata
1084 2289 1117 2318 et
1142 2295 1249 2318 uxore
1276 2285 1309 2316 in
1337 2292 1493 2316 sororem
1520 2290 1612 2314 com-

220 2355 352 2385 mutata
382 2362 509 2395 eorpus
547 2361 643 2385 suuni
685 2362 746 2395 per
781 2352 928 2396 triginta
960 2360 1069 2384 annos
1105 2351 1156 2384 sie
1181 2349 1332 2390 afflixit,
1366 2351 1403 2381 ut
1442 2355 1612 2390 nunquam

219 2428 341 2461 panem
366 2417 539 2459 frumenti,
568 2418 780 2459 murvinum,
807 2427 873 2450 non
905 2416 1124 2461 ¹)legumen,
1152 2424 1325 2460 nunquam
1343 2413 1397 2447 vel
1414 2412 1521 2446 salem
1549 2420 1612 2454 pro

218 2494 345 2527 sapore
376 2483 576 2517 comederit.
631 2482 691 2517 Bis
717 2487 829 2517 tamen
860 2483 893 2515 in
920 2493 1022 2524 anno,
1051 2482 1187 2515 scilieet
1212 2482 1245 2514 in
1272 2479 1404 2524 paseha
1430 2480 1462 2511 et
1490 2474 1609 2514 natali,

220 2549 331 2581 vinnm
367 2549 546 2590 sumebat,
585 2548 647 2582 sed
682 2552 795 2583 tamen
836 2550 946 2593 ipsum
985 2548 1054 2582 vini
1089 2556 1251 2592 saporem
1279 2545 1380 2589 aquis
1404 2541 1518 2575 nimiis
1548 2551 1607 2574 ex-

291 2647 315 2676 1)
336 2646 393 2671 Alii
422 2648 592 2678 sagimen
619 2647 737 2680 legunt,
766 2656 800 2672 ex
829 2655 886 2680 quo
914 2656 970 2673 rec.
990 2645 1061 2672 libri
1081 2644 1211 2680 pessime
1231 2641 1435 2670 confinxerunt
1456 2637 1613 2670 sungui-

222 2700 237 2715 li
250 2700 311 2717 ΙἸΙΙ.
