1742 3005
424 96 523 145 Cap.
547 95 680 132 LXVI.
739 96 797 133 De
828 103 955 133 sancta
987 97 1200 147 Apollonia.
1428 99 1506 137 293

112 199 286 244 Phrygiae
331 201 532 244 provinciae
574 201 658 235 urbe
703 201 888 235 crucifixus
932 201 1179 246 lapidatusque
1213 202 1302 237 obiit
1333 203 1503 248 sinnilque

113 274 188 298 cum
225 262 364 308 filiabus
401 266 474 298 suis
507 264 555 298 ibi
583 268 784 310 requiescit.
833 265 925 300 Haec
949 265 1131 300 YsidornS.
1181 266 1231 301 De
1257 267 1420 313 Philippo
1440 278 1501 302 au-

110 333 197 371 tem,
223 331 283 375 qui
307 329 372 363 suit
396 329 438 364 de
462 329 518 364 Vll
545 330 782 374 dyaconihus,
810 330 897 364 dixit
922 331 1149 375 Hieronymus
1187 333 1219 365 in
1246 333 1499 378 martirologio,

81 401 89 405 *
110 394 204 439 quod
240 394 326 429 vlit.
362 394 449 439 ydus
484 395 567 430 Julii
592 397 704 440 signis
741 400 774 429 et
810 396 984 440 prodigiis
1014 396 1154 430 inclitus
1183 398 1274 441 apud
1300 398 1501 432 Caesar-iam

110 460 300 505 requievit,
333 460 436 504 juxta
470 470 570 504 quem
595 464 666 494 tres
694 459 788 494 filiae
815 461 892 505 ejus
919 460 1107 494 tumulatae
1133 466 1232 503 sunt,
1268 472 1346 496 nam
1377 467 1502 507 quarta

109 524 202 570 apud
232 523 407 570 Ephesum
439 525 639 568 requiescit.
689 524 823 559 Primus
862 536 947 570 ergo
980 524 1160 570 Philippus
1196 527 1238 560 ab
1278 528 1345 561 isto
1373 527 1499 570 differt,

109 592 190 635 quia
215 589 274 624 ille
299 589 364 623 suit
388 589 589 633 apostolus,
618 590 685 624 iste
714 589 910 634 dyaconus,
947 590 1006 624 ille
1034 592 1183 635 quiescit
1210 592 1302 636 apud
1327 592 1498 637 Hierapo-

108 655 174 697 lin,
199 656 265 688 iste
291 653 383 698 apud
409 653 641 697 Caesaream,
668 655 727 689 ille
753 654 875 689 habuit
902 654 988 690 duas
1014 656 1103 690 {ilias
1130 657 1394 702 prophetissas,
1431 659 1498 692 iste

107 724 275 766 quatuor,
302 720 385 754 licet
410 719 568 764 hystoria
593 720 837 755 ecclesiastica
862 721 1024 755 videatur
1048 721 1184 764 dicere,
1210 722 1304 768 qnod
1331 724 1394 757 i'uit
1417 722 1498 757 Phi-

105 785 221 830 lippus
254 785 459 830 apostolus,
494 788 554 831 qui
585 785 709 820 habuit
733 784 792 820 1111
828 785 917 820 filias
953 787 1220 831 prophetissas,
1264 787 1326 823 sed
1364 790 1398 822 in
1435 787 1499 821 hoe

107 852 219 897 magis
245 850 452 897 Hieronymo
480 856 533 886 est
560 851 780 887 credendum.

622 1202 747 1264 GAP.
792 1198 979 1263 mlx>

360 1302 467 1346 De
505 1302 773 1346 sancta
812 1296 1237 1354 Apollonia.

194 1410 277 1443 Cum
302 1409 394 1453 apud
420 1409 667 1444 Alexandriam
704 1408 918 1453 temporibus
946 1408 1046 1442 Decii
1080 1409 1301 1451 imperatoris
1337 1408 1495 1440 immanis

103 1475 302 1519 persecutio
337 1479 459 1508 contra
492 1475 557 1509 Dei
592 1484 714 1509 servos
746 1475 929 1507 sumsisset
954 1472 1154 1512 exordium,
1186 1472 1324 1517 quidam
1350 1472 1495 1505 Divinus

102 1540 240 1573 nomine
265 1540 371 1573 miser
395 1539 599 1574 daemonum
626 1539 835 1584 principalia
861 1539 1040 1583 praevenit
1065 1536 1188 1577 edula,
1214 1539 1495 1581 superstitiosum

104 1610 226 1640 contra
251 1605 408 1651 eJusdem
443 1605 574 1639 Christi
600 1604 747 1639 famulos
782 1605 938 1638 excitans
968 1602 1113 1647 uagus,
1150 1612 1170 1636 a
1205 1613 1272 1647 qno
1310 1604 1493 1637 multitudo

103 1673 249 1706 incensa
279 1671 368 1705 nihil
392 1670 487 1705 aliud
511 1680 612 1715 quam
644 1671 779 1714 piorum
812 1671 1019 1714 sangninem
1054 1668 1206 1702 sitiebat.
1258 1668 1370 1702 Primo
1408 1680 1493 1713 ergo

104 1736 274 1781 quosdam
313 1736 504 1782 religiosos
543 1737 724 1781 utriusque
761 1745 866 1769 sexus
905 1736 1137 1779 corripientes
1175 1733 1265 1767 alios
1309 1744 1371 1778 per
1413 1744 1491 1767 eor—

102 1812 166 1846 pus
191 1801 406 1836 membratim
442 1801 595 1835 fustibus
631 1802 893 1835 conscisserunt
928 1800 1125 1844 vultumque
1161 1803 1194 1833 et
1226 1799 1348 1833 oculos
1382 1802 1493 1833 acutis

103 1866 245 1901 calamis
278 1867 498 1902 terebrantes
534 1866 634 1901 extra
669 1867 846 1900 civitatem
880 1866 1084 1910 ejecerunt,
1123 1864 1293 1910 quosdam
1333 1876 1413 1899 vero
1448 1865 1491 1898 ad

101 1932 207 1976 §dola
233 1931 469 1976 producentes
494 1931 644 1966 adorare
671 1930 847 1976 cogebant
878 1936 1103 1972 recusantes,
1140 1931 1206 1964 imo
1239 1932 1355 1975 potius
1390 1941 1490 1965 exse-

103 2000 263 2038 crantes,
298 1995 414 2030 vincla
449 1996 597 2040 pedibus
635 1998 851 2030 innectentes
887 2000 920 2030 et
951 2007 1014 2040 per
1047 1996 1183 2040 plateas
1208 1997 1314 2029 totius
1342 1996 1493 2029 civitatis

102 2061 282 2096 trahentes
308 2060 483 2105 foedoque
509 2060 756 2105 horrendoque
789 2061 953 2105 supplicii
983 2071 1113 2105 genere
1139 2060 1348 2103 discerpunt.
1399 2058 1493 2104 Ergo

103 2130 178 2162 erat
213 2125 268 2160 his
301 2125 519 2170 temporibus
557 2125 728 2170 quaedam
759 2125 964 2159 admiranda
998 2126 1099 2169 virgo
1137 2124 1332 2169 longaevae
1365 2126 1491 2158 aetatis

102 2193 238 2226 nomine
263 2190 475 2236 Apollonia,
513 2192 707 2233 castitatis,
743 2190 948 2225 sobrietatis
986 2194 1090 2235 atque
1125 2189 1315 2225 munditiae
1347 2189 1492 2224 floribus

104 2255 286 2298 redimita,
316 2260 481 2302 tanquam
516 2256 675 2290 columna
715 2255 909 2290 fortissima
942 2257 1020 2299 ipso
1058 2256 1184 2299 spiritu
1209 2254 1339 2289 domini
1366 2255 1491 2289 confir-

103 2326 196 2356 mata
222 2331 284 2366 pro
312 2315 393 2355 fidei
419 2331 502 2355 suae
527 2323 650 2355 merito
676 2326 710 2356 et
736 2323 862 2355 virtute
889 2331 910 2354 a
935 2320 1074 2354 domino
1101 2324 1268 2364 percepta
1287 2319 1494 2353 admiranda

103 2386 241 2432 angelis
267 2390 302 2421 et
326 2384 523 2419 hominibus
549 2385 722 2430 praehens
750 2382 962 2430 spectacula.
1012 2385 1094 2419 Cum
1118 2386 1235 2428 itaque
1261 2384 1379 2419 furens
1406 2385 1491 2419 mul-

102 2451 213 2486 titudo
244 2461 308 2495 per
343 2449 465 2483 domos
501 2460 680 2484 servorum
713 2451 779 2485 Dei
817 2453 965 2485 irrueret
1002 2454 1106 2495 atque
1138 2448 1344 2483 crudelitate
1372 2449 1491 2484 hostili

103 2520 227 2552 cuneta
244 2516 425 2560 diriperet,
455 2515 588 2558 rapitur
606 2517 763 2558 protinus
790 2515 836 2549 ad
857 2514 1007 2548 tribunal
1028 2515 1208 2558 impiorum
1224 2514 1491 2559 beataApollo-

101 2583 161 2616 nia
188 2581 410 2626 simplicitate
438 2581 623 2614 innocens.
661 2581 785 2613 virtute
813 2580 1028 2619 soi-tissima,
1067 2578 1151 2613 nihil
1185 2590 1270 2614 sane
1304 2579 1396 2614 alind
1430 2580 1472 2613 de

171 2690 198 2721 J)
219 2692 305 2716 Deest
327 2689 398 2716 haee
418 2688 542 2720 legenda
565 2688 593 2714 in
613 2687 796 2715 editionibus
819 2686 1042 2713 recenlioribus.
