1742 3005
400 111 496 162 Cap.
527 109 703 148 LXXIII.
768 111 828 149 De
858 116 988 148 sancto
1020 109 1169 161 spiritu.
1396 109 1478 150 335

88 217 213 263 plicem
238 218 304 252 vim
331 218 461 252 amoris
487 218 633 262 spiritus
659 220 802 252 sanctus
829 216 936 252 efficit
961 218 994 251 in
1019 216 1097 259 his,
1131 225 1219 262 quos
1244 216 1367 262 replet,
1388 219 1479 264 quia

87 284 232 318 inclinat
256 293 318 318 eos
345 293 410 328 per
434 283 665 318 humilitatem
692 287 726 318 et
750 284 804 317 sui
828 287 1048 325 contemtum,
1074 282 1189 318 elevat
1212 283 1247 316 in
1266 283 1477 318 desiderium

86 359 316 394 supernorum
359 353 394 384 et
429 349 614 384 coordinat
646 350 792 384 invicem
826 360 890 394 per
928 348 1201 383 uniformitatem
1234 360 1377 384 morum.
1426 349 1478 385 De

85 417 190 450 tertio
217 415 408 458 sciendum,
436 414 529 460 quod
556 416 721 459 apparuit
743 415 860 459 potins
886 416 920 447 111
946 414 1080 459 lingua,
1109 424 1210 458 quam
1234 416 1267 448 in
1285 416 1354 449 alio
1372 426 1476 450 mem-

86 480 174 523 bro,
211 481 341 526 triplici
375 483 522 516 ratione.
570 481 712 526 Lingua
745 481 834 514 enim
866 483 919 514 est
952 478 1138 513 nwmbrum
1175 480 1257 524 igne
1290 479 1477 516 Geliennae

86 546 350 588 inflammatum,
394 545 537 580 difficile
583 544 628 579 ad
670 544 861 590 regendum
892 549 926 579 et
956 545 1041 579 utile
1074 545 1164 579 bene
1198 550 1339 579 rectum.
1390 547 1478 586 Quia

87 622 173 657 ergo
197 612 320 657 lingua
344 613 426 657 igne
451 611 613 645 infernali
641 610 854 657 inflammata
878 614 964 651 erat,
992 610 1071 644 ideo
1099 612 1180 657 igne
1205 613 1349 656 spiritus
1367 615 1478 647 sancti

87 677 286 723 indigebat,
311 675 507 712 Jacob.III:
522 676 643 721 lingua
659 681 780 710 nostra
797 677 888 721 ignis
907 680 960 711 est
980 680 1060 717 em,
1081 676 1318 721 quiadifficile
1329 680 1477 724 regitur,

86 742 166 777 ideo
198 752 283 788 prae
320 743 469 778 caeteris
502 741 666 777 membris
701 743 820 787 gratia
854 743 999 786 spiritus
1023 743 1133 776 sancti
1167 742 1321 788 indiget,
1354 743 1476 779 Jacob.

84 807 150 843 III:
183 809 294 843 omnis
325 813 452 843 natura
481 808 673 843 bestiarum
700 812 763 843 etc.
815 807 905 847 Quia
930 807 1026 842 utilis
1051 808 1176 850 valde,
1210 810 1241 842 si
1265 808 1355 844 hene
1380 812 1476 855 regi-

83 878 160 916 tur,
196 874 276 909 ideo
300 884 447 909 necesse
482 874 567 917 fuit,
600 878 638 908 ut
663 875 823 919 spiritum
857 877 1013 907 sanctum
1038 878 1207 908 rectorem
1233 874 1391 909 haberet.
1440 876 1477 910 In

85 939 207 985 lingua
231 941 334 974 etiam
360 941 537 985 apparuit,
564 939 609 973 ad
635 938 913 985 significandum,
940 938 1032 983 quod
1058 939 1346 983 praedicantibus
1375 942 1479 976 valde

86 1006 309 1039 necessarius
344 1005 429 1048 fuit;
462 1004 749 1051 praedicantibus
785 1005 873 1039 enim
909 1005 1134 1038 necessarius
1172 1010 1246 1048 est,
1283 1008 1365 1051 quia
1394 1008 1479 1041 facit

87 1081 149 1105 eos
171 1071 270 1116 loqui
292 1070 470 1106 ferventer
496 1070 631 1116 absque
655 1070 873 1115 trepiditate‚
902 1075 935 1105 et
961 1069 1041 1104 ideo
1067 1072 1195 1104 missus
1223 1076 1276 1106 est
1303 1074 1337 1106 in
1358 1075 1478 1117 specie

85 1137 192 1182 ignis.
239 1136 460 1171 Bernardus:
486 1138 579 1172 venit
605 1137 750 1182 spiritus
776 1141 919 1170 sanctus
946 1146 1053 1181 super
1078 1136 1273 1181 discipulos
1297 1139 1329 1171 in
1346 1138 1477 1183 linguis

86 1203 223 1248 igneis,
248 1207 287 1237 ut
311 1202 420 1238 verba
443 1204 548 1249 ignea
571 1203 799 1248 loquerentur
824 1207 856 1236 et
880 1201 995 1247 legem
1022 1203 1159 1247 igneam
1184 1203 1328 1249 linguae
1352 1205 1479 1250 igneae

87 1269 342 1313 praedicarent.
393 1268 787 1314 Confidentersabsque
812 1268 1114 1313 pusillanimitate,
1148 1269 1226 1303 Act.
1254 1268 1316 1305 IV:
1352 1270 1480 1314 repleti

86 1338 166 1369 sunt
199 1345 318 1370 omnes
352 1336 478 1380 spiritu
513 1338 635 1369 sancto
666 1339 700 1369 et
734 1338 924 1379 coeperunt
953 1334 1051 1379 loqui
1084 1344 1158 1368 cum
1183 1334 1313 1369 fiducia
1336 1335 1477 1370 verbum

85 1400 152 1434 Dei
183 1404 248 1435 etc.
296 1400 540 1445 Multipliciter
573 1404 720 1446 propter
751 1401 960 1445 capacitatis
993 1400 1190 1435 auditorum
1223 1401 1478 1441 diversitatem,

87 1470 122 1501 ct
146 1466 226 1500 ideo
253 1466 381 1501 dicitur
406 1466 482 1500 Act.
508 1465 549 1508 Il,
579 1466 671 1511 quod
696 1470 887 1510 coeperunt
910 1466 1007 1510 loqui
1027 1468 1133 1500 variis
1152 1467 1293 1513 linguis.
1342 1466 1480 1501 Utiliter

86 1531 133 1566 ad
158 1531 438 1566 aedificationem
466 1535 500 1565 et
523 1531 730 1572 utilitatem,
758 1531 883 1564 Ysaias
909 1530 1020 1565 LXII:
1048 1533 1193 1577 spiritus
1220 1532 1350 1566 domini
1375 1543 1482 1577 super

87 1608 140 1632 me
167 1608 208 1632 eo
235 1597 330 1643 quod
352 1598 492 1632 unxerit
515 1607 568 1632 me
593 1601 658 1632 etc.
708 1596 832 1632 Tertio
857 1598 956 1642 ipsae
983 1597 1125 1643 linguae
1160 1603 1397 1642 apparuerunt
1422 1609 1479 1633 se·

87 1663 201 1698 dendo
229 1663 273 1697 ad
291 1662 570 1709 significandum,
598 1662 691 1709 quod
709 1662 994 1708 praesidentibus
1010 1665 1235 1699 necessarius
1252 1669 1337 1699 erat.
1370 1665 1478 1700 Prac-

87 1727 283 1762 sidentibus
312 1739 451 1774 quoque
475 1733 510 1763 et
530 1728 711 1774 judicibus
737 1731 960 1764 necessarius
989 1735 1062 1772 est,
1088 1732 1171 1776 quIa
1194 1731 1331 1766 confert
1358 1736 1479 1766 aucto—

88 1795 226 1829 ritatem
269 1794 314 1828 ad
354 1798 534 1840 peccatum
578 1795 843 1838 remittendum3
882 1795 962 1831 Joh.
1002 1796 1090 1831 XX:
1131 1798 1281 1842 accipite
1321 1800 1479 1843 spiritum

88 1863 266 1903 sanctum,
299 1871 444 1906 quorum
473 1862 680 1896 remiseritis
707 1865 856 1906 peccata
881 1866 946 1897 etc.
995 1863 1211 1908 Sapientiam
1242 1863 1287 1898 ad
1314 1864 1481 1910 judicari--

89 1925 189 1967 dum,
220 1925 349 1962 Ysaias
374 1927 476 1962 XIII:
523 1937 651 1973 ponam
687 1928 846 1972 spiritum
878 1939 989 1963 meum
1025 1939 1131 1974 super
1171 1940 1268 1970 eum,
1307 1930 1480 1977 Judicium

89 1991 255 2035 gentibus
280 1992 449 2036 proferet.
497 1993 805 2028 Mansuetudinem
831 1994 876 2028 ad
910 1995 1206 2040 supportandum,
1241 1996 1383 2031 Numeri
1416 1995 1481 2029 XI:

90 2055 182 2089 dabo
208 2057 252 2090 iis
278 2056 321 2092 de
349 2058 498 2102 spiritu,
535 2060 595 2103 qui
620 2060 655 2092 111
676 2063 713 2093 10
739 2064 814 2101 est,
847 2064 886 2094 ut
916 2065 1143 2105 supportetur
1166 2072 1253 2095 onus
1278 2061 1400 2105 populi
1426 2065 1479 2095 te-

88 2130 174 2155 cum.
225 2121 377 2166 Spiritus
409 2122 527 2168 Moysi
564 2127 640 2158 erat
674 2125 818 2168 spiritus
850 2126 1147 2169 mansuetudinis,
1186 2131 1224 2160 ut
1256 2130 1354 2171 patet
1380 2125 1481 2161 Num.

88 2185 173 2220 XII:
199 2191 275 2222 erat
297 2188 443 2234 Moyses
471 2190 773 2224 mansuetissimus
800 2195 865 2225 etc.
916 2190 1082 2226 Ornatum
1115 2193 1312 2226 sanctitatis
1348 2191 1391 2225 ad
1426 2193 1481 2227 iu-

90 2250 328 2294 formandum3
354 2253 434 2289 Joh.
461 2253 590 2289 XXVI:
615 2257 760 2300 spiritus
785 2255 913 2290 domini
941 2258 1079 2291 ornavit
1096 2257 1226 2292 coelos.
1274 2258 1375 2292 Circa
1398 2268 1481 2292 sex-

89 2321 182 2360 tum,
214 2318 250 2351 111
285 2328 372 2362 quos
401 2319 538 2359 scilicet
569 2322 697 2355 missus
731 2325 800 2364 est,
834 2322 1046 2364 notandum,
1083 2323 1176 2368 quod
1206 2325 1335 2357 missus
1368 2327 1421 2357 051
1448 2324 1482 2356 111

92 2382 304 2427 discipulos,
331 2383 388 2428 qui
415 2383 555 2418 fuerunt
578 2387 801 2432 receptacula
823 2387 951 2422 munda
976 2392 1010 2422 et
1043 2388 1179 2422 habilia
1209 2388 1254 2422 ad
1281 2390 1481 2433 susceptio-

90 2458 166 2482 nem
194 2449 340 2492 spiritus
366 2450 477 2483 sancti
502 2455 647 2494 propter
670 2456 823 2496 septem,
851 2440 941 2498 quae
966 2453 1106 2488 fuerunt
1130 2455 1165 2487 in
1192 2454 1248 2487 iis.
1295 2453 1368 2498 Ipsi
1394 2455 1482 2488 0111111

91 2514 202 2557 primo
234 2513 374 2548 fuerunt
406 2515 521 2548 animo
557 2517 684 2560 quieti,
717 2517 809 2562 quod
841 2522 984 2552 notatur
1015 2519 1051 2551 in
1082 2517 1170 2561 hoc,
1213 2517 1307 2564 quod
1337 2518 1482 2553 dicitur:

92 2576 171 2612 dum
195 2579 452 2624 complerentur
473 2579 548 2615 dies
575 2585 818 2625 pentecostes,
853 2583 891 2617 id
918 2586 973 2617 est
999 2582 1076 2617 dies
1102 2583 1346 2628 requietionis.
1393 2583 1482 2619 Illud

93 2644 180 2676 enim
206 2642 332 2679 festum
358 2649 434 2680 erat
457 2645 502 2679 ad
528 2647 682 2691 requiem
709 2646 930 2691 deputatum,
956 2647 1053 2682 Ysai.
1078 2648 1209 2684 LXVI:
1247 2660 1354 2695 super
1381 2661 1481 2696 quem

92 2709 281 2753 requiescit
313 2711 458 2755 spiritus
496 2722 609 2755 meus,
653 2713 721 2747 nisi
766 2723 873 2758 super
903 2712 1067 2749 humilem
1104 2718 1169 2749 etc.
1224 2715 1385 2751 Secundo
1426 2715 1480 2749 di-
