1742 3005
438 105 535 156 Cap.
566 104 643 143 LV.
703 105 761 142 De
792 112 921 142 sancto
955 104 1146 143 Secundo.
1410 103 1490 143 245

104 222 142 245 se
167 210 330 244 umbrosa
363 210 505 244 silentia
539 214 631 245 metu
660 210 921 255 ¹)incumbente
954 210 1253 246 submurmurant:
1289 210 1367 255 quis
1394 219 1490 243 nam-

103 287 169 322 que
195 282 249 312 est
276 276 336 311 ille
359 276 530 310 terribilis
556 280 590 311 et
621 278 725 310 nimio
752 276 939 321 splendore
963 286 1130 310 coruscus
1146 305 1154 319 ‚
1191 285 1364 321 nunquam
1386 275 1492 310 talem

102 347 222 377 noster
245 344 382 387 excepit
407 346 584 385 tartarus,
619 352 792 388 nunquam
818 344 852 376 in
877 347 1030 376 nostram
1055 352 1240 377 cavernam
1274 341 1380 376 talem
1406 351 1490 376 evo-

101 410 184 443 muit
214 408 381 451 mundus,
419 410 564 442 invasor
596 412 650 442 est
676 409 763 450 iste,
801 418 868 441 non
902 407 1062 449 debitor,
1102 407 1268 441 effractor
1292 411 1346 442 cst
1370 411 1404 442 et
1428 406 1488 442 de-

100 479 265 517 structor,
291 485 359 508 non
373 478 550 519 peccator,
578 474 638 508 sed
656 473 858 518 praedator.
897 472 1053 507 ,Iudicem
1075 472 1242 515 videmus,
1267 483 1336 507 non
1352 473 1488 518 suppli-

99 552 183 582 cem,
211 542 304 576 venit
330 550 502 586 pugnare,
532 550 599 573 non
628 537 863 579 succumbere,
892 539 1052 583 eripere,
1082 549 1149 572 non
1176 547 1327 573 manere.

573 877 699 940 GAP.
732 878 813 941 tv.
847 877 960 941 (53.
969 879 1005 941 ).

434 980 535 1025 Be
564 979 786 1024 saneto
816 976 1125 1028 Secundo.

185 1088 364 1124 Secundus
390 1087 518 1123 dicitur
544 1090 645 1134 quasi
674 1100 712 1124 se
736 1089 902 1131 condens,
931 1088 964 1123 id
993 1092 1058 1129 est,
1085 1098 1123 1122 se
1147 1085 1332 1120 honestate
1357 1096 1486 1119 morum

99 1165 326 1200 componens,
354 1154 408 1189 vel
435 1154 615 1189 Secundus
643 1155 769 1190 dicitur
793 1156 894 1200 quasi
920 1153 1128 1195 secundans,
1155 1152 1191 1186 id
1217 1155 1292 1195 est,
1318 1151 1488 1186 obsecun-

96 1220 195 1263 dans,
221 1220 256 1254 id
281 1224 346 1263 est,
374 1220 546 1255 mandatis
572 1221 700 1255 domini
727 1221 987 1265 obtemperans,
1013 1219 1070 1254 vel
1095 1217 1275 1253 Secundus
1305 1219 1407 1262 quasi
1432 1228 1487 1252 se-

95 1297 169 1320 cum
207 1286 287 1322 dux.
356 1286 435 1321 Fuit
477 1288 565 1322 enim
602 1297 685 1320 suus
721 1286 816 1327 duX,
868 1287 951 1331 quia
986 1286 1122 1319 ratione
1149 1283 1370 1319 sensualitati
1401 1283 1489 1318 hene

94 1352 248 1397 praefuit
281 1356 316 1388 et
341 1354 454 1397 ipsam
487 1351 534 1386 ad
568 1362 668 1385 omne
702 1361 790 1395 opus
823 1350 948 1385 bonum
983 1349 1161 1395 produxit.
1218 1348 1282 1384 Vel
1308 1349 1488 1385 Secundus

94 1417 221 1452 dicitur
241 1421 403 1463 respectu
429 1418 541 1463 primi,
575 1416 665 1451 duae
693 1418 782 1451 enim
807 1420 887 1451 sunt
914 1417 990 1450 viae
1017 1415 1120 1450 eundi
1146 1414 1189 1449 ad
1216 1417 1342 1457 vitam,
1376 1417 1490 1461 prima

94 1493 158 1528 per
173 1484 410 1528 poenitentiae
426 1483 626 1525 lamentum,
651 1481 805 1517 secunda
821 1493 884 1527 per
901 1483 1104 1516 martirium.
1151 1480 1221 1515 Iste
1237 1485 1349 1515 autem
1368 1482 1490 1515 martir

93 1550 270 1593 pretiosus
294 1559 363 1582 non
391 1548 503 1582 solum
527 1549 590 1582 ivit
614 1559 677 1593 per
702 1549 861 1593 primam,
891 1548 953 1583 sed
979 1549 1081 1583 etiam
1108 1559 1171 1592 per
1196 1546 1396 1582 secundam.

182 1613 362 1649 Secundus
387 1614 487 1649 miles
514 1618 696 1656 strenuus,
732 1613 794 1648 sed
820 1613 949 1649 Christi
977 1613 1111 1648 athleta
1143 1614 1310 1658 egregius
1337 1616 1371 1647 et
1396 1622 1487 1647 mar-

91 1681 137 1714 tir
154 1679 283 1713 domini
308 1680 486 1726 gloriosus
505 1681 540 1713 in
564 1681 707 1714 civitate
738 1680 881 1715 Astensi
906 1680 1063 1714 martirio
1085 1683 1275 1713 coronatus
1295 1682 1360 1722 est,
1385 1680 1486 1724 cujus

90 1745 251 1791 gloriosa
275 1746 476 1790 praesentia
502 1745 683 1790 praedicta
708 1747 832 1780 civitas
859 1746 1056 1780 illustratur
1080 1751 1113 1781 et
1130 1757 1170 1781 eo
1196 1746 1291 1780 velut
1315 1745 1487 1791 singulari

89 1815 238 1856 patrono
265 1811 428 1846 laetatur.
486 1810 551 1845 Hic
587 1820 610 1846 a
643 1810 747 1846 beato
775 1811 966 1854 Calocero,
1003 1813 1061 1857 qui
1095 1821 1116 1846 a
1143 1811 1178 1858 ²)
1191 1811 1345 1856 Sapritio
1380 1821 1483 1856 prae-

89 1877 181 1912 fecto
206 1878 240 1911 in
268 1878 410 1912 civitate
434 1876 578 1912 Astensi
603 1878 638 1911 iu
664 1888 805 1913 carcere
830 1877 1027 1920 tenebatur,
1055 1877 1155 1913 fidem
1183 1877 1311 1913 Christi
1340 1876 1482 1912 edoctus

89 1947 156 1980 est.
204 1942 287 1978 Gum
312 1944 421 1989 igitur
444 1941 569 1978 beatus
596 1943 799 1979 Marcianus
826 1945 859 1977 in
885 1943 1106 1978 Tei-(lonensi
1137 1945 1277 1979 civitate
1308 1942 1482 1978 detinere-

88 2012 144 2042 tur
169 2010 204 2042 in
229 2018 392 2050 carcere,
427 2008 603 2053 sapritius
627 2010 710 2044 illuc
734 2008 909 2054 proficisci
939 2009 1066 2052 voluit,
1094 2013 1132 2044 ut
1157 2020 1233 2045 eum
1259 2009 1391 2044 faceret
1418 2009 1480 2041 im-

87 2074 224 2116 molari,
247 2073 429 2108 Secundus
454 2077 568 2109 autem
595 2077 760 2120 tanquam
788 2085 895 2110 causa
921 2075 1040 2109 solatii
1067 2085 1183 2110 secum
1208 2078 1262 2109 est
1285 2073 1479 2118 profectus,

86 2140 225 2175 beatum
249 2138 466 2174 Marcianum
501 2139 620 2175 videre
658 2140 875 2175 desiderans.
934 2140 1017 2175 Cum
1052 2151 1138 2186 ergo
1173 2143 1273 2174 extra
1303 2140 1479 2174 civitatem

87 2205 268 2240 Astensem
295 2205 454 2248 fuissent,
482 2206 642 2242 columba
666 2217 773 2252 super
797 2205 993 2240 Semmdum
1021 2205 1238 2240 descendens
1265 2206 1372 2250 capiti
1401 2206 1478 2250 ejus

85 2269 234 2313 insedit,
267 2271 323 2304 cui
349 2270 437 2305 dixit
461 2271 655 2317 Sapritius:
682 2272 783 2315 vide,
809 2272 988 2315 Secunde,
1027 2270 1201 2317 quomodo
1227 2271 1284 2306 Dii
1308 2272 1419 2306 nostri
1443 2275 1478 2306 te

85 2338 214 2378 amant,
239 2338 277 2369 ut
305 2337 407 2370 etiam
433 2347 515 2372 aves
541 2339 714 2373 coelestes
739 2337 785 2372 ad
812 2341 846 2374 te
870 2337 1079 2373 visitandum
1102 2339 1350 2372 transmittant.
1392 2336 1476 2371 Cum

85 2405 200 2435 autem
225 2400 270 2435 ad
299 2401 333 2446 3)
347 2401 549 2448 Tanagrum
570 2404 708 2438 fluvium
727 2404 982 2449 pervenissent,
1008 2403 1097 2438 vidit
1114 2402 1295 2438 Secundus
1312 2401 1475 2448 angelum

86 2466 215 2501 domini
239 2477 345 2512 super
375 2476 500 2513 aquam
526 2468 758 2504 ambulantem
796 2473 831 2504 et
856 2468 924 2503 sihi
952 2467 1141 2502 dicentem:
1168 2466 1345 2509 Secunde,
1373 2466 1473 2502 fidem

85 2531 218 2568 habeas
249 2537 284 2568 et
315 2534 365 2568 sic
397 2544 502 2578 super
531 2533 710 2578 ydolorum
740 2534 892 2569 cultores
926 2532 1132 2568 ambulabis.
1193 2532 1255 2567 Cui
1280 2532 1472 2578 sapritius:

152 2678 179 2711 1)
198 2677 250 2707 Ed.
268 2681 311 2705 Pr.
331 2677 546 2707 incubante
566 2678 661 2707 offert.
739 2679 768 2712 2)
785 2681 906 2708 Reoeni.
926 2681 1008 2707 Sam
1018 2678 1163 2707 britius
1182 2678 1293 2712 legunt.
1369 2679 1396 2712 3)
1416 2678 1471 2710 Ed.

85 2724 126 2750 rr.
147 2721 232 2755 legit:
252 2724 385 2751 Thana
396 2733 411 2757 g
423 2734 487 2752 um.
