1742 3005
427 89 521 138 Cap.
554 86 703 126 CLXu.
757 87 816 125 De
846 88 1020 124 omnibus
1052 87 1202 125 sanctis.
1431 86 1510 125 725

130 202 230 239 quam
262 201 335 226 cum
371 191 513 227 Christo
552 202 629 226 csse
666 196 867 237 coeperunt,
897 192 1002 226 multo
1035 194 1146 238 magis
1180 195 1335 237 possunt.
1387 190 1514 226 Paulus

128 258 311 303 apostolus
339 256 541 293 echxvl
568 257 636 291 sibi
665 257 747 291 dicit
774 259 809 290 in
836 259 915 291 navi
945 259 1077 292 animas
1102 257 1330 300 condonatas,
1357 261 1391 292 et
1416 261 1514 302 post-

127 333 228 369 quam
246 324 420 358 resolutus
438 325 555 368 coepit
574 334 652 358 esse
665 334 739 357 cum
752 322 906 365 Christo,
930 323 1069 365 ¹)multo
1090 325 1203 368 magis
1217 323 1363 368 potest?
1389 322 1513 357 Tertio

124 392 344 431 constanter,
379 389 617 434 Augustinus:
652 389 784 423 framea
810 392 863 423 est
889 389 1005 422 anima
1029 390 1183 422 martiris
1210 388 1395 432 splendida
1419 389 1510 422 cari·
1533 424 1540 429 ,

127 458 213 497 tate,
241 458 344 488 acuta
368 456 526 496 veritate,
552 454 618 490 Dei
643 455 832 500 pugnantis
857 453 995 487 vibrata
1020 454 1157 495 virtute,
1184 463 1273 498 quae
1299 453 1393 487 bella
1418 452 1511 495 fecit,

125 529 216 565 quac
254 519 562 554 contradicentium
607 523 768 553 catervas
809 517 1053 563 redarguendo
1095 520 1292 562 superavit,
1337 519 1512 562 percussit

51 612 105 637 'N
124 584 296 627 infestos,
330 586 519 629 prostravit
550 585 731 619 adversos.
780 583 864 618 Item
903 582 1189 628 Chrysostomus:
1227 585 1310 618 torti
1343 587 1509 629 torquen-

107 637 217 685 v‘tibus
252 649 417 684 fortiores
452 652 624 684 steterunt
661 650 746 693 2)ac
782 649 955 684 laniantes
989 649 1140 695 ungulas
1185 649 1318 685 laniata
1356 648 1511 684 membra

123 717 290 750 vicerunt.
340 713 464 749 Tertia
497 714 695 750 differentia
725 719 779 750 est
811 714 1074 758 consessorum,
1109 726 1252 761 quorum
1288 715 1442 761 dignitas
1477 718 1511 750 et

124 780 332 816 excelientia
364 781 609 815 manifestatur
642 792 684 816 ex
718 792 779 824 eo,
817 780 910 827 quod
942 781 1049 816 Deum
1087 781 1241 816 confessi
1284 785 1364 815 sunt
1396 781 1508 815 tribus

121 845 255 889 modis,
288 846 426 880 scilicet
458 846 583 888 corde,
623 857 683 881 ore
712 850 747 882 et
773 857 891 892 opere.
942 846 1127 881 Confessio
1153 851 1267 881 autem
1298 845 1416 880 cordis
1441 857 1510 880 non

121 911 252 947 sufficit
291 913 366 946 sine
405 911 629 947 consessione
661 913 754 954 oris,
800 913 891 947 sicut
930 911 1058 957 probat
1096 912 1366 957 Chrysostomus
1404 922 1509 956 super

122 977 338 1014 Matthaeum
376 982 526 1023 quatuor
559 978 765 1012 rationibus.
828 977 997 1018 Quantum
1039 977 1082 1012 ad
1127 980 1269 1023 primam
1309 980 1361 1012 sic
1402 977 1507 1012 dicit:

121 1043 223 1079 radix
245 1043 480 1078 consessionis
507 1042 594 1078 fides
620 1048 672 1078 est
690 1043 818 1086 cordis,
844 1043 1021 1078 consessio
1044 1048 1157 1079 autem
1178 1044 1308 1078 fructus
1331 1048 1383 1079 est
1408 1042 1506 1085 fidei,

121 1112 213 1145 sicut
230 1119 329 1155 erg0,
358 1108 521 1154 quamdiu
541 1109 642 1143 radix
661 1113 714 1144 est
736 1111 813 1144 viva
833 1111 866 1144 in
883 1115 989 1152 terra,
1016 1120 1162 1145 necesse
1182 1114 1247 1153 est,
1275 1114 1380 1144 utaut
1393 1119 1507 1143 ramos

120 1174 293 1221 producat
317 1178 376 1209 aut
403 1173 510 1217 solia,
547 1176 577 1209 si
605 1180 718 1211 autem
747 1186 815 1210 non
842 1175 1069 1221 produxerit,
1098 1177 1174 1210 sine
1201 1175 1306 1209 dubio
1336 1175 1507 1220 intellige,

120 1242 204 1288 quia
228 1239 330 1275 radix
357 1242 434 1286 eJus
462 1241 494 1274 in
518 1245 613 1275 terra
638 1242 769 1276 siccata
796 1246 867 1284 est,
905 1243 958 1276 sic
987 1242 1149 1287 quamdiu
1184 1241 1270 1276 tides
1307 1240 1424 1275 cordis
1456 1242 1506 1274 in-

119 1311 222 1353 tegra
253 1310 326 1349 est,
360 1316 497 1351 semper
536 1309 709 1353 germinat
743 1308 1000 1342 consessionem
1038 1309 1071 1341 in
1104 1318 1184 1349 ore,
1218 1309 1249 1341 si
1282 1311 1396 1341 autem
1422 1317 1504 1340 con-

119 1372 229 1408 sessio
256 1372 411 1406 marcida
435 1372 540 1407 suerit
567 1374 662 1415 oris,
701 1373 861 1419 intellige
896 1374 972 1407 sine
998 1373 1122 1415 dubio,
1159 1375 1241 1418 quia
1275 1372 1360 1407 fides
1388 1371 1506 1406 cordis

119 1438 197 1484 ejus
218 1438 291 1483 Jam
322 1441 404 1472 ante
429 1439 560 1473 siccata
584 1443 648 1474 est.
699 1438 868 1478 Quantum
895 1437 941 1473 ad
966 1439 1155 1473 secundam
1181 1441 1232 1473 sic
1257 1438 1358 1472 dicit:
1387 1439 1417 1472 si
1442 1437 1506 1471 tibi

118 1502 265 1548 prodest
296 1502 402 1537 corde
435 1504 578 1539 credere
615 1508 649 1539 et
675 1514 791 1539 coram
818 1504 1015 1539 hominihus
1041 1516 1108 1538 non
1135 1504 1312 1546 confiteri,
1350 1514 1435 1549 ergo
1473 1506 1507 1537 et

118 1568 250 1603 infideli
285 1567 490 1613 hypocritae
525 1569 683 1605 confiteri
718 1570 890 1604 Christum
926 1570 1090 1615 prodest,
1126 1571 1263 1605 etiamsi
1300 1569 1406 1604 corde
1439 1579 1506 1603 non

119 1633 262 1677 credat3
298 1635 327 1668 si
353 1638 467 1669 autem
494 1634 554 1670 ille
580 1635 667 1670 nihil
692 1635 827 1681 proficit
855 1637 929 1670 sine
955 1634 1021 1670 fide
1046 1635 1235 1678 confitens,
1272 1646 1334 1671 nec
1360 1639 1396 1669 tu
1421 1646 1502 1680 pro-

119 1698 194 1739 ficis
236 1694 413 1734 credendo
449 1702 526 1735 siue
566 1702 801 1737 consessione.
849 1702 1020 1742 Quantum
1059 1700 1102 1735 ad
1140 1703 1277 1736 tertiam
1316 1702 1365 1735 sic
1400 1700 1502 1734 dicit:

119 1766 209 1800 et‘si
235 1764 364 1800 sufficit
388 1765 549 1808 Christo,
581 1767 665 1812 quia
687 1768 874 1813 cognoscis
910 1778 1007 1810 eum,
1049 1769 1185 1801 etiamsi
1219 1767 1402 1802 consessus
1429 1777 1506 1802 cum

118 1841 188 1865 non
215 1831 324 1866 fueris
347 1841 464 1873 coram
491 1831 710 1875 hominibus,
747 1843 832 1879 ergo
859 1836 893 1868 et
917 1834 982 1867 tibi
1006 1832 1178 1876 sufficiat,
1215 1834 1297 1879 quia
1322 1834 1507 1879 cognoscit

118 1901 155 1932 te
180 1896 362 1941 Christus,
401 1899 537 1932 etiamsi
566 1897 750 1934 consessus
779 1909 847 1933 non
876 1898 981 1934 fuerit
1007 1903 1042 1933 te
1066 1909 1180 1933 coram
1205 1899 1297 1941 Deo;
1332 1900 1363 1933 si
1391 1903 1506 1934 autem

105 1963 182 1998 tihi
206 1974 274 1998 non
302 1963 432 1998 sufficit
457 1965 612 2010 cognit10
638 1965 736 2009 ejuS,
761 1975 826 2000 nec
850 1964 902 1998 illi
930 1963 1081 1999 sufficiet
1104 1963 1191 1999 fides
1217 1968 1286 1999 tua.
1337 1964 1506 2005 Quantum

121 2027 165 2062 ad
192 2032 350 2073 quartam
378 2031 428 2063 sic
453 2028 553 2063 dicit:
591 2031 621 2063 si
656 2031 745 2064 enim
780 2029 960 2064 sufficeret
984 2029 1069 2064 fides
1098 2029 1238 2073 cordis,
1271 2040 1332 2064 cor
1357 2035 1506 2064 tantum-

120 2093 222 2127 modo
248 2094 313 2129 tihi
339 2094 432 2128 Deus
459 2098 635 2136 creasset,
670 2105 760 2128 nunc
792 2099 906 2130 autem
938 2098 972 2128 et
996 2104 1036 2127 os
1062 2094 1124 2127 tibi
1152 2096 1304 2137 creavit,
1339 2099 1376 2128 ut
1400 2093 1507 2128 corde

119 2158 244 2194 credas
271 2162 306 2193 et
331 2169 392 2193 ore
419 2158 632 2196 confitearis.
682 2159 805 2194 Tertio
832 2159 988 2194 confessi
1006 2163 1087 2193 sunt
1113 2159 1220 2194 Deum
1245 2169 1363 2204 opere.
1414 2158 1506 2199 Qua-

118 2224 202 2259 liter
225 2228 338 2259 autem
365 2226 443 2270 quis
468 2224 575 2259 Deum
601 2236 708 2270 opere
733 2224 940 2261 confiteatur
964 2228 1024 2260 aut
1049 2229 1176 2271 neget,
1203 2223 1358 2259 ostendit
1383 2223 1506 2259 Hiero-

119 2299 240 2335 nymus
275 2300 382 2335 super
410 2290 495 2325 illud
531 2291 564 2324 in
600 2291 789 2337 originali:
827 2290 1010 2326 confitetur
1035 2301 1075 2326 se
1099 2290 1208 2326 Deum
1234 2300 1341 2325 nosse
1368 2289 1508 2324 dicens:

120 2354 281 2390 Christus
306 2357 482 2401 sapientia
506 2359 579 2399 est,
600 2357 764 2402 Justitia,
797 2358 951 2400 veritas,
988 2357 1180 2399 sanctitas,
1207 2355 1389 2390 fortitudo.
1437 2353 1507 2389 Ne-

120 2423 226 2466 gatur
259 2430 322 2465 per
359 2421 594 2466 insipientiam
629 2423 830 2468 sapientia,
876 2434 940 2468 per
981 2423 1202 2468 iniquitatem
1238 2422 1401 2467 justitia,
1445 2429 1510 2464 per

120 2486 338 2521 mendacium
364 2486 493 2520 veritas
509 2512 518 2527 ‚
551 2496 615 2530 per
640 2488 890 2533 turpitudinem
922 2490 1110 2531 sanctitas,
1145 2498 1210 2532 per
1235 2485 1509 2520 imbecillitatem

121 2553 225 2586 animi
261 2550 449 2594 fortitudo,
493 2554 527 2586 et
560 2553 837 2597 quotiescunque
873 2555 1039 2588 vincimur
1077 2554 1168 2587 vitiis
1202 2555 1307 2597 atque
1342 2552 1508 2595 peccatis,

190 2651 219 2683 1)
243 2653 350 2677 Tunc
377 2658 440 2677 ora
467 2649 669 2676 clausurus
698 2653 757 2676 est
776 2649 829 2676 Ed.
850 2653 894 2677 Pr.
913 2649 1052 2684 praefert.
1173 2650 1201 2682 2)
1227 2648 1281 2676 Ed.
1310 2652 1352 2675 Pr.
1380 2647 1509 2684 pessime

123 2692 225 2721 offert:
253 2694 529 2722 acclamantes
555 2693 730 2725 ungulas,
