1742 3005
225 107 307 147 336
541 109 636 158 Cap.
667 106 840 144 LXXIII.
904 108 962 145 De
994 114 1122 145 sancto
1155 107 1303 159 spiritu.

225 213 374 246 lectione
399 211 505 251 uniti,
535 209 627 255 quod
651 212 793 243 notatur
818 210 852 242 iu
877 207 966 251 hoe,
993 209 1086 254 quod
1113 210 1258 245 dicitur:
1284 213 1382 246 erant
1410 219 1530 244 omnes
1558 220 1619 254 pa-

225 279 319 311 riter.
370 275 456 310 Erat
490 276 579 309 enim
616 276 661 309 iis
695 285 757 308 cor
780 285 883 308 unum
911 277 945 309 et
973 275 1087 308 anima
1112 285 1190 308 una.
1241 276 1340 310 Sicut
1363 276 1451 310 enim
1477 276 1622 319 spiritns

227 343 374 376 hominis
403 352 472 375 nou
499 340 652 375 vivificat
676 340 829 375 membra
856 341 1039 385 corporiS,
1064 341 1178 383 nisi¹)
1203 342 1238 374 in
1265 342 1356 383 vita,
1385 343 1435 376 sic
1460 353 1524 376 nec
1550 342 1621 386 spi-

229 409 313 441 ritus
341 410 482 441 sanctus
509 407 646 441 scilicet
678 405 833 440 membra
865 406 1075 450 spiritualia.
1124 404 1167 440 Et
1199 407 1291 440 sicut
1324 407 1418 452 ignis
1450 407 1622 453 lignorum

227 473 401 507 ‹liv1si0ne
424 472 670 518 eistinguitur,
698 473 903 517 sic-spiritus
919 471 1622 516 sanctusperdiscordiaminhominibus,

230 544 263 574 et
289 538 368 573 ideo
396 542 556 572 cantatur
580 538 622 572 de
649 538 842 582 apostolis:
872 538 1003 571 invenit
1027 547 1088 571 eos
1111 537 1305 572 concordes
1326 538 1472 572 caritate
1496 537 1623 571 etillu-

228 606 354 639 stravit
368 615 429 639 eos
450 603 621 638 inundans
652 603 809 646 2)deitas
829 602 983 637 deitatis,
1034 601 1157 636 Tertio
1174 602 1253 637 loco
1278 603 1417 645 secreti,
1446 602 1537 647 quod
1560 614 1623 637 uo-

228 675 320 704 tatur
336 671 370 703 in
385 669 461 710 lioc,
481 669 575 713 quod
592 669 763 703 diciturin
785 667 906 702 eodem
924 667 1016 708 loco,
1042 668 1176 702 scilicet
1191 669 1225 702 in
1249 668 1451 702 coenaculo.
1479 667 1624 702 Hos.II:

229 736 350 769 ducam
380 744 453 768 eam
482 735 516 767 in
545 733 770 767 solitudinem
797 737 831 767 et
856 732 906 766 ibi
932 733 1056 777 loquar
1084 732 1127 766 ad
1157 743 1217 767 cor
1242 734 1331 778 ejus.
1382 733 1513 773 Quarto
1540 744 1623 768 ora*

229 803 322 834 tione
355 798 508 839 assidui,
541 798 633 832 unde
669 799 921 843 praemittitur:
968 802 1068 832 erant
1108 803 1377 841 perseverantes
1417 801 1626 834 unanimiter

229 868 263 900 in
289 867 466 906 oratione,
493 864 582 898 unde
610 868 788 898 cantamus
814 863 856 898 de
884 865 948 897 iis:
974 862 1155 897 orantibus
1180 863 1353 907 apostolis
1385 864 1420 908 ³)
1433 864 1540 898 Deum
1565 875 1624 899 ve—

230 934 326 966 nisse
356 932 502 965 nuntiat.
553 929 654 970 Quod
686 931 775 964 enim
813 930 926 963 oratio
967 931 1172 964 necessaria
1204 930 1250 963 sit
1284 929 1328 963 ad
1368 931 1626 974 susceptionem

231 999 375 1042 spiritus
408 997 537 1037 sancti,
574 995 729 1029 ostendit
764 995 845 1039 Sap.
873 994 950 1029 Vll:
992 996 1151 1029 invocavi
1187 999 1221 1029 et
1254 997 1348 1029 venit
1381 997 1493 1030 inme
1520 996 1626 1040 spiri-

231 1068 284 1097 tus
326 1063 535 1106 sapientiae.
584 1061 667 1095 Item
705 1060 783 1095 Joli.
820 1060 922 1095 XIV:
959 1060 1095 1105 rogaho
1130 1065 1262 1105 patrem
1298 1072 1407 1096 meum
1445 1065 1480 1095 et
1521 1061 1626 1095 alium

231 1127 446 1173 paracletum
482 1126 579 1160 dabit
615 1126 725 1159 vobis.
777 1126 903 1165 Quinto
932 1125 1126 1160 humilitate.
1153 1126 1324 1170 praediti,
1362 1126 1455 1172 quod
1488 1131 1629 1160 notatur

232 1197 265 1229 in
290 1195 377 1235 hoe,
405 1192 499 1239 quod
530 1192 659 1225 dicitur
684 1190 871 1233 sedentes3
909 1191 1038 1236 psalm:
1074 1192 1132 1236 qui
1165 1193 1292 1226 emittis
1328 1192 1441 1226 sontes
1474 1193 1507 1225 in
1541 1201 1624 1226 con-

233 1258 404 1300 vallibus,
443 1258 477 1291 id
507 1262 562 1292 est
587 1259 737 1303 gratiam
767 1258 912 1301 spiritus
941 1259 1053 1291 sancti
1081 1257 1190 1291 donas
1217 1257 1423 1299 humilibus,
1461 1262 1495 1292 et
1521 1268 1627 1301 super

232 1336 331 1371 quem
356 1325 555 1370 requiescet
579 1325 723 1368 spiritus
743 1333 839 1357 meus
865 1327 932 1359 etc,
980 1322 1087 1357 Sexto
1115 1333 1201 1368 pace
1226 1324 1412 1368 conjuncti,
1441 1323 1534 1368 quod
1559 1333 1623 1356 nov-

232 1396 325 1425 tatur
350 1392 384 1425 in
410 1390 496 1431 hoc,
539 1389 633 1435 quod
672 1393 771 1424 erant
804 1389 839 1422 in
870 1388 1086 1430 Jerusalem,
1128 1399 1218 1434 quae
1247 1390 1497 1433 interpretatur
1536 1390 1625 1422 visio

230 1459 338 1501 pacis.
391 1456 490 1496 Quod
518 1460 631 1490 autem
657 1455 702 1489 ad
730 1442 965 1499 recipiendum
987 1455 1147 1499 spiritum
1167 1458 1321 1489 sanctum
1341 1464 1408 1499 pax
1422 1455 1628 1488 necessaria

231 1525 296 1564 sit,
335 1521 491 1556 ostendit
525 1521 684 1555 dominus
717 1519 795 1555 Joh.
831 1520 917 1554 XX:
952 1519 1013 1554 ubi
1043 1522 1154 1565 primo
1186 1530 1306 1565 pacem
1331 1519 1458 1554 obtulit
1484 1519 1626 1554 dicens:

231 1600 298 1634 pax
335 1589 456 1624 vohis,
504 1586 633 1621 deindo
666 1588 783 1620 statim
819 1586 1012 1620 insufflavit
1049 1590 1084 1621 et
1126 1585 1230 1621 dixit:
1282 1587 1430 1630 accipite
1468 1587 1626 1630 spiritum

232 1659 399 1689 sanctum.
449 1652 603 1696 Septimo
632 1653 666 1685 in
692 1652 984 1697 contemplatione
1015 1653 1142 1693 erecti,
1181 1652 1274 1698 quod
1307 1656 1449 1687 notatur
1481 1653 1516 1685 in
1547 1651 1627 1694 hoc,

232 1720 325 1766 quod
352 1720 511 1764 spiritum
537 1721 692 1751 sanctum
721 1721 928 1760 receperunt
953 1719 986 1750 in
1011 1720 1187 1762 superiori
1212 1718 1424 1761 coenaculo,
1452 1719 1545 1754 unde
1574 1719 1629 1753 di-

232 1788 279 1820 cit
304 1785 431 1819 (llossa
460 1783 609 1817 ibidem:
649 1783 707 1828 qui
734 1783 892 1827 spiritum
918 1788 1072 1816 sanctum
1099 1783 1302 1825 desitlerat,
1337 1786 1453 1818 carnis
1479 1784 1625 1818 domici-

231 1852 311 1885 lium
345 1848 620 1884 transscendens
654 1849 777 1882 mentis
805 1849 1096 1893 contemplatione
1133 1848 1257 1883 calcat.
1308 1850 1410 1883 Circa
1444 1851 1625 1894 septimum

232 1921 376 1961 propter
396 1914 476 1960 quid
502 1915 639 1949 scilicet
662 1916 788 1960 missus
808 1918 872 1951 cst,
900 1914 1087 1948 notandum
1102 1914 1331 1960 quodmissus
1343 1919 1548 1959 estpropter
1563 1926 1625 1950 sex

232 1992 378 2018 causas,
411 1991 499 2026 quae
526 1984 690 2014 notantur
718 1981 751 2013 in
778 1979 844 2014 liae
870 1983 1099 2014 auctoritate:
1136 1980 1333 2024 paracletus
1364 1985 1478 2014 autem
1518 1983 1624 2025 spiri-

232 2053 284 2082 tus
324 2052 464 2081 sanctus
502 2051 564 2080 etc.
615 2045 729 2080 Primo
765 2045 809 2079 ad
849 2046 1098 2081 consolandum
1132 2050 1306 2087 moestos,
1349 2046 1442 2091 quod
1474 2051 1625 2089 notatur,

230 2125 305 2148 cum
335 2113 480 2146 dicitur:
508 2111 731 2155 paracletus,
759 2112 851 2156 quod
877 2111 965 2146 idem
992 2116 1045 2146 est
1071 2121 1111 2145 ac
1138 2112 1352 2153 consolator,
1375 2111 1501 2146 Ysaias
1526 2111 1626 2146 LXI:

230 2181 376 2224 spiritus
414 2178 543 2212 domini
577 2187 683 2221 super
717 2188 770 2212 me
808 2182 874 2211 etc.
912 2182 945 2212 et
971 2179 1130 2223 sequitur
1154 2181 1190 2210 ut
1217 2187 1381 2221 ponerem
1411 2177 1626 2211 consolatio-

229 2256 305 2279 nem
333 2244 535 2289 lugentibus
562 2243 666 2287 SJOn.
718 2242 931 2287 Gregorius:
966 2243 1168 2277 consolator
1203 2244 1347 2287 spiritus
1378 2242 1526 2283 dicitur,
1568 2245 1626 2288 qui

231 2312 274 2345 de
299 2311 434 2355 peccati
462 2309 724 2354 perpetratione
758 2309 1014 2349 moerentibus,
1051 2308 1129 2342 dum
1163 2319 1261 2353 spem
1292 2310 1416 2343 veniae
1441 2313 1625 2354 paeparat,

231 2377 274 2410 ab
318 2376 510 2410 afflictione
552 2374 717 2407 tristitiae
764 2378 907 2407 mentem
950 2375 1053 2408 levat.
1103 2374 1263 2409 Secundo
1298 2374 1343 2408 ad
1383 2374 1623 2409 vivificandum

232 2447 406 2483 mortuos,
442 2440 533 2486 quod
562 2443 721 2481 notatur,
756 2450 830 2473 cum
862 2440 990 2473 dicitur
1014 2441 1180 2484 spiritus,
1215 2440 1308 2485 quod
1343 2441 1487 2485 spiritus
1522 2441 1621 2477 cuim,

233 2509 289 2550 qui
325 2506 486 2541 viviticat.
536 2505 660 2540 lizecli.
693 2505 875 2541 xxxvii:
916 2516 999 2539 ossa
1031 2505 1133 2539 arida
1166 2506 1284 2541 audite
1321 2505 1458 2540 verbum
1493 2503 1621 2538 domini

235 2576 298 2604 etc.
349 2572 435 2605 licre
477 2583 543 2617 ego
583 2573 759 2605 immittam
793 2572 826 2604 in
868 2582 929 2605 vos
968 2573 1126 2617 spiritum
1164 2576 1198 2605 et
1233 2572 1370 2607 vivetis.
1419 2568 1543 2602 Tertio
1577 2568 1620 2603 ad

303 2670 327 2699 I)
347 2669 536 2694 1t1··-····iior«-s
558 2669 670 2699 Ioanni:
690 2680 706 2694 11
719 2669 726 2694 ἰ
738 2669 767 2694 si
790 2678 801 2694 3
813 2678 828 2694 11
839 2673 872 2694 111
896 2679 937 2694 1111
949 2668 954 2694 ἰ
968 2674 974 2694 1
987 2679 1012 2697 ;1,
1117 2670 1146 2699 Q)
1164 2667 1238 2695 Alii:
1258 2665 1444 2693 divinitat
1460 2666 1489 2692 is
1510 2666 1620 2699 legunt.

241 2714 261 2742 1)
281 2711 328 2737 siv
349 2714 484 2744 itm-mni„
507 2713 557 2739 1:11.
577 2717 618 2739 l'r.
640 2713 725 2745 logii:
747 2724 787 2739 vu
800 2724 827 2740 111
846 2714 1017 2742 vonisse.
