1742 3005
265 91 343 131 188
562 95 659 145 Cap.
695 92 831 132 XLVI.
889 94 946 132 De
977 102 1108 133 sancto
1139 93 1340 146 Gregorio.

261 197 323 232 Dei
351 207 414 241 per
438 197 607 232 Judaeam
631 198 870 242 praedicaret,
919 199 1045 234 multos
1070 193 1180 247 signis
1206 205 1240 236 et
1264 200 1437 246 prodigiis
1464 201 1647 233 converte—

259 263 330 297 bat.
402 262 498 297 Unde
532 264 658 300 Judaei
690 264 886 299 invidentes
920 266 1032 310 ipsum
1060 267 1095 299 in
1121 267 1267 300 coneilio
1293 268 1498 300 statuerunt.
1571 263 1647 298 Duo

260 339 345 374 ergo
371 327 452 362 salsi
476 333 609 373 testes,
649 331 708 375 qui
733 331 845 374 ipsum
869 335 1140 373 accusaverant,
1176 332 1286 375 primo
1312 333 1345 364 in
1371 332 1483 375 ipsum
1508 328 1645 373 lapides

259 395 444 437 miserunt,
493 406 580 441 quos
612 395 750 440 lapides
784 398 819 430 in
853 398 1087 431 testimonium
1122 396 1192 430 illis
1231 405 1344 430 seeum
1377 396 1458 430 fecit
1490 394 1645 438 sepeliri.

259 459 324 499 Qui
349 458 427 494 dum
452 459 688 505 lapidaretur,
719 463 833 496 securi
860 472 954 497 more
982 471 1125 496 romano
1152 463 1344 506 percutitur
1370 463 1404 495 et
1431 461 1584 494 extensis
1611 461 1644 493 in

257 525 390 560 coelum
423 526 580 560 manibus
611 528 770 571 spiritum
805 527 877 562 Deo
912 526 1064 562 reddidit
1097 530 1132 561 et
1166 526 1325 560 subditur
1349 525 1488 560 ibidem.
1538 525 1645 569 Cujus

256 601 381 636 corpus
410 591 452 625 de
475 592 610 627 Judaea
635 592 776 627 Romam
803 596 836 627 et
861 591 940 626 inde
967 592 1139 627 Trevirim
1164 597 1217 627 est
1240 591 1457 626 translatum.
1496 589 1532 624 ln
1558 599 1644 635 qua-

257 655 334 690 dam
360 667 444 691 vero
470 658 541 691 alia
565 658 717 703 legenda
744 659 885 704 legitur,
913 657 1026 703 quod,
1054 657 1132 692 dum
1159 657 1314 693 Matliias
1341 659 1375 690 in
1401 655 1644 691 Macedoniam

255 722 457 757 advenisset
481 726 516 757 et
540 723 639 757 fidem
663 723 792 757 Christi
823 723 1062 767 praedicaret,
1111 722 1283 768 quandam
1307 724 1483 767 potionem
1508 722 1643 755 toxica-

254 790 345 829 tam,
398 797 486 832 quae
514 789 589 822 visu
615 792 756 821 cunctos
781 789 966 832 privabat,
999 787 1068 821 sibi
1092 787 1281 830 dederunt,
1329 798 1429 832 quam
1454 789 1489 821 in
1514 786 1642 821 Clu-isti

254 853 390 887 nomine
418 852 508 886 bibit
532 856 565 887 et
587 853 715 887 nullam
741 853 931 888 laesionem
957 853 1119 894 incurrit,
1154 856 1189 888 et
1213 863 1287 887 cum
1312 852 1373 886 illa
1398 853 1540 897 potione
1566 851 1643 896 plus

257 928 357 963 quam
386 918 470 953 CCL
498 922 768 960 excaecassent,
793 919 852 953 ille
879 918 1026 963 singulis
1053 929 1188 952 manum
1216 920 1395 963 imponens
1422 927 1540 951 omnes
1563 916 1642 950 illu-

253 985 408 1018 minavit.
478 984 655 1029 Dsaholus
691 990 803 1018 autem
839 986 873 1018 in
916 984 1173 1018 similitudinem
1209 984 1352 1017 infantis
1390 984 1432 1017 iis
1467 991 1642 1027 apparens

254 1051 377 1091 suasit,
403 1053 439 1083 ut
461 1049 631 1085 Mathiam
658 1050 867 1092 occiderent,
897 1051 954 1095 qui
981 1060 1099 1084 eorum
1123 1050 1249 1084 cultum
1276 1051 1482 1091 evacuaret,
1508 1051 1543 1082 et
1567 1057 1639 1081 cum

253 1116 329 1159 ipse
355 1116 389 1148 in
415 1115 527 1149 medio
556 1126 673 1149 eorum
699 1116 918 1150 consisteret.
944 1113 1056 1149 tribus
1079 1119 1196 1148 tamen
1221 1114 1343 1148 diebus
1369 1125 1443 1149 eum
1471 1123 1639 1159 (praeren-
1671 1125 1678 1128 ·

253 1185 305 1214 tes
330 1182 466 1215 minime
491 1182 706 1215 invenerunt.
779 1179 901 1215 Tertia
925 1184 1038 1214 autem
1065 1180 1120 1215 die
1149 1191 1186 1214 se
1212 1181 1254 1213 iis
1282 1180 1509 1214 manifestans
1534 1177 1639 1211 dixit:

253 1257 320 1291 ego
344 1257 438 1288 sum,
485 1257 584 1292 quem
610 1246 768 1280 manibus
795 1250 875 1290 post
896 1249 1031 1291 tergum
1057 1246 1178 1291 ligatis
1204 1249 1236 1280 et
1260 1245 1339 1280 sune
1364 1244 1453 1278 collo
1478 1244 1639 1288 imposito

252 1310 440 1345 crudeliter
465 1312 665 1347 afflixerunt
691 1316 725 1345 et
750 1313 799 1345 sic
827 1313 861 1344 in
889 1322 1029 1346 earcere
1056 1312 1281 1346 recluserunt.
1353 1310 1419 1345 Ubi
1453 1309 1639 1344 daemones

253 1381 464 1421 apparentes
491 1376 650 1411 dentibus
676 1378 711 1410 in
736 1387 810 1411 eum
837 1376 1052 1418 fremebant,
1087 1377 1148 1411 sed
1176 1377 1459 1421 appropinquare
1485 1385 1551 1408 non
1575 1384 1638 1418 po-

250 1447 385 1485 terant,
422 1443 578 1477 dominus
605 1446 718 1476 autem
745 1452 819 1476 eum
840 1442 946 1476 multo
972 1442 1098 1477 lumine
1123 1442 1168 1476 ad
1191 1453 1263 1476 eum
1292 1443 1432 1475 veniens
1460 1441 1570 1485 ipsum
1596 1438 1638 1473 de

250 1512 345 1542 terra
369 1508 500 1543 levavit
527 1511 559 1542 et
594 1507 732 1542 vincula
765 1508 905 1541 solvens
938 1511 971 1542 et
1005 1508 1151 1541 dulciter
1173 1507 1375 1541 confortans
1402 1507 1526 1540 ostium
1553 1515 1636 1549 ape-

250 1574 329 1607 ruit.
379 1573 442 1612 Qui
467 1584 632 1619 egressus
658 1572 798 1607 verbum
825 1572 953 1606 domini
977 1573 1214 1617 praedicavit,
1257 1572 1334 1606 dum
1361 1575 1473 1605 autem
1500 1570 1637 1615 quidam

250 1638 417 1671 obstinati
443 1640 691 1683 persisterent,
720 1639 807 1672 dixit
832 1640 893 1672 iis:
921 1638 1090 1672 denuncio
1116 1637 1229 1679 vobis,
1258 1637 1349 1683 quod
1378 1637 1444 1670 vivi
1469 1637 1503 1668 in
1530 1635 1636 1668 inser-

249 1714 325 1737 num
353 1703 590 1745 descendetis,
636 1715 783 1750 moxque
807 1709 902 1739 terra
929 1715 965 1738 se
992 1705 1129 1748 aperuit
1154 1706 1188 1738 et
1211 1707 1351 1737 cum-tos
1379 1701 1457 1735 illos
1485 1701 1630 1747 degluti

249 1769 310 1810 vit,
337 1769 462 1814 reliqui
490 1781 572 1804 vero
600 1770 643 1803 ad
671 1770 842 1804 dominum
871 1773 950 1804 sunt
972 1770 1145 1804 conversi.

784 2013 909 2075 cAP.
948 2012 1093 2074 xm.

565 2117 663 2160 De
711 2114 931 2160 saneto
971 2111 1305 2169 Gregorio.

335 2224 526 2270 Gregorius
554 2223 678 2256 dicitur
703 2233 723 2256 a
749 2233 835 2268 grex
870 2225 905 2257 et
938 2232 1047 2267 gone,
1103 2220 1195 2266 quod
1229 2223 1281 2255 est
1314 2218 1519 2264 praedicare
1555 2219 1627 2252 sir(-

244 2292 380 2332 direre,
407 2289 495 2323 unde
521 2287 712 2333 Gregorius
742 2289 842 2332 quasi
866 2289 987 2333 gregis
1015 2286 1248 2331 praedicator.
1299 2284 1361 2320 Vel
1388 2284 1513 2318 dieitur
1541 2283 1626 2318 (ire-

242 2357 362 2401 gorius
399 2356 497 2400 quasi
535 2354 743 2398 egregorius
777 2351 821 2386 ab
848 2354 1013 2398 egregius
1038 2356 1072 2386 et
1096 2362 1182 2397 goi-e
1208 2352 1309 2396 quasi
1332 2352 1499 2397 egregius
1526 2359 1629 2393 prae-

241 2421 377 2455 dicator
400 2424 435 2455 et
460 2420 591 2453 doctor.
667 2419 728 2453 Vel
766 2418 958 2463 Gregorius
983 2419 1016 2451 in
1044 2418 1165 2463 lingua
1189 2420 1309 2451 nostra
1336 2416 1487 2461 vigilans
1514 2417 1628 2454 sonat,

243 2489 323 2531 quia
348 2488 423 2531 ipse
451 2485 612 2531 vigilavit
638 2483 727 2526 sibi,
762 2484 834 2518 Deo
863 2487 897 2517 et
924 2485 1038 2529 gregi.
1088 2482 1164 2517 Sibi
1188 2494 1252 2528 per
1276 2481 1462 2516 munditiae
1487 2488 1626 2513 conser-

242 2553 431 2593 vationem,
470 2551 542 2585 Deo
569 2561 630 2595 per
655 2551 823 2584 internam
847 2549 1195 2593 contmnplationcm‚
1235 2549 1337 2593 gregi
1363 2557 1425 2591 per
1449 2543 1626 2578 assiduam

240 2615 554 2659 praedicationem3
603 2620 637 2650 et
658 2615 745 2649 haec
770 2616 837 2649 tria
863 2618 1038 2649 merentur
1071 2613 1133 2648 Dei
1160 2614 1338 2647 visionem.
1410 2610 1626 2655 Augustinus

241 2681 273 2713 in
300 2679 389 2713 libro
416 2679 457 2713 de
481 2680 619 2714 ordine:
670 2682 699 2714 is
726 2680 820 2715 videt
848 2680 975 2722 Deum,
1003 2679 1060 2723 qui
1086 2678 1173 2713 bene
1205 2678 1307 2718 vivit,
1336 2675 1422 2712 bene
1453 2675 1567 2710 studet
1593 2680 1627 2710 et
