1742 3005
64 108 160 158 Cap.
194 104 329 144 CLIII.
367 104 426 143 De
456 103 596 141 sanctis
614 101 815 152 Dionysio,
845 99 1002 140 Rustico
1032 106 1069 139 et
1088 98 1325 140 Eleutherio.
1361 98 1444 140 685

62 206 185 245 servus
210 212 288 244 tuus
307 207 430 244 dilexit
449 206 545 242 illud.
594 205 678 242 Inde
699 210 811 242 autem
829 207 976 252 erigitur
999 208 1033 241 et
1051 204 1095 240 ad
1112 204 1245 241 bestias
1261 205 1443 240 ferocissi-

60 285 132 309 mas
156 275 263 309 multo
284 274 421 320 Jejunio
448 274 621 308 excitatas
647 273 842 318 projicitur.
892 272 962 308 Sed
988 282 1063 306 cnm
1088 273 1124 306 in
1149 282 1225 306 eum
1250 272 1444 316 impetuose

38 344 258 383 currerent,
303 341 439 385 signum
479 340 591 373 crucis
632 340 799 383 opposuit
838 342 872 373 et
909 338 1209 372 mansuetissimas
1244 347 1304 372 eas
1339 336 1443 379 secit3

60 405 186 441 deinde
212 408 246 440 in
272 405 444 442 clibanum
464 405 639 450 jactatur,
667 404 730 439 sed
757 405 927 438 exstincto
954 404 1036 448 igne
1062 403 1110 436 nil
1136 402 1308 444 laeditur,
1327 405 1331 409 '
1350 403 1446 436 cruci

60 472 219 517 affigitur
245 476 279 507 et
306 471 434 505 diutius
459 470 585 504 ibidem
611 473 806 514 torquetur,
833 468 913 502 inde
932 467 1114 512 depositus
1140 477 1215 500 eum
1240 469 1313 501 suis
1339 469 1445 502 sociis

61 540 95 571 et
137 538 252 571 multis
295 537 374 571 aliis
406 535 567 570 fidelibus
603 535 736 568 carceri
777 535 1005 578 mancipatur.
1070 532 1138 567 Ubi
1187 532 1264 566 dum
1303 533 1446 566 missam

59 603 254 638 ceiebraret
296 606 331 636 et
366 600 529 645 populum
563 600 849 641 communicaret,
894 599 1053 633 dominus
1084 599 1188 634 Jesus
1222 598 1333 633 eidem
1371 608 1446 632 cum

60 669 225 702 immenso
255 667 382 700 lumine
415 666 580 710 apparuit
605 668 639 699 et
664 675 787 709 panem
814 666 990 710 accipiens
1017 666 1047 700 ei
1082 665 1189 699 dixit:
1221 666 1342 709 accipe
1367 663 1445 706 hoc,

62 743 142 768 care
163 742 281 775 meus,
315 733 397 777 quia
428 741 557 766 mecum
593 735 646 766 est
681 732 830 765 maxima
854 741 988 766 merces
1018 734 1089 765 tua.
1138 730 1222 764 Post
1246 730 1314 764 hoc
1335 729 1447 775 judici

60 800 276 844 praesentati
304 799 425 833 iterum
451 798 552 832 novis
576 796 760 841 suppliciis
788 800 983 831 mactantur
1008 801 1042 832 et
1062 797 1165 842 juxta
1187 796 1326 841 ydolum
1351 794 1447 830 Mer-

59 865 148 899 curii
179 874 254 899 cum
289 863 474 899 securibus
501 864 610 898 ‚trium
645 864 762 907 capita
795 863 829 896 in
864 862 1087 897 confessione
1114 863 1281 896 trinitatis
1307 861 1444 905 praeci-

61 929 199 973 duntur,
228 931 415 974 statimque
442 939 569 974 corpus
595 929 706 962 sancti
740 928 899 972 Dionysii
934 938 972 963 se
1009 929 1122 962 erexit
1157 931 1192 961 et
1218 930 1323 971 caput
1348 935 1446 959 suum

60 996 150 1031 inter
175 996 322 1030 brachia
350 995 477 1042 angelo
504 994 592 1029 duce
625 998 659 1029 et
692 993 839 1028 coelesti
869 994 997 1029 lumine
1030 992 1262 1038 praecedente
1287 1002 1351 1037 per
1378 991 1446 1025 duo

60 1061 225 1096 milliaria
259 1061 458 1106 deportavit
487 1070 508 1094 a
542 1060 640 1102 loco,
676 1060 734 1105 qni
763 1060 889 1094 dicitur
915 1070 1010 1093 mons
1039 1061 1235 1100 martirum,
1267 1067 1378 1102 usque
1403 1056 1447 1091 ad

59 1127 192 1168 locum,
216 1126 275 1161 ubi
300 1136 390 1161 nunc
414 1135 477 1160 sua
503 1125 673 1161 electione
699 1130 733 1161 et
757 1126 820 1160 Dei
847 1125 1069 1170 providentia
1084 1126 1285 1170 requiescit.
1331 1124 1448 1158 Tanta

60 1197 173 1228 autem
192 1192 320 1227 ibidem
339 1191 543 1238 angelorum
562 1191 715 1226 melodia
734 1193 899 1234 insonuit,
927 1195 963 1225 ut
985 1192 1074 1225 inter
1089 1191 1228 1233 multos,
1249 1192 1306 1236 qui
1325 1190 1446 1225 audie-

60 1262 138 1294 runt
156 1262 190 1293 et
208 1257 441 1300 crediderunt,
461 1259 562 1291 etiam
585 1257 774 1301 ¹)Laertia
791 1268 879 1291 uxor
897 1257 1065 1302 praefecti
1084 1257 1205 1291 Lubrii
1223 1257 1448 1291 christianam

60 1335 98 1360 se
119 1334 197 1360 esse
217 1324 381 1358 clamavit
400 1328 434 1358 et
459 1334 536 1358 mox
563 1323 607 1357 ab
627 1325 740 1368 impiis
763 1323 938 1358 decollata
958 1327 991 1357 et
1012 1324 1044 1356 in
1071 1334 1134 1356 suo
1161 1324 1333 1369 sanguine
1358 1322 1446 1367 bap·

59 1392 168 1425 tizata
192 1389 375 1431 occubuit,
402 1389 492 1423 filius
518 1393 632 1423 autem
660 1390 736 1432 ejus
762 1390 899 1422 nomine
925 1388 1065 1434 Virbius
1092 1388 1221 1423 Romae
1247 1388 1311 1422 snb
1336 1387 1447 1421 tribus

58 1455 331 1502 imperatoribus
361 1454 532 1489 militavit.
582 1454 716 1489 Deinde
741 1454 898 1489 Parisios
927 1454 1065 1489 rediens
1091 1454 1290 1498 baptizatur
1312 1458 1346 1488 et
1365 1453 1448 1487 reli-

59 1524 242 1569 giosorum
283 1530 426 1555 numero
472 1521 641 1558 sociatur.
689 1520 774 1554 Dum
810 1524 923 1554 autem
958 1519 1117 1554 infideles
1149 1524 1361 1562 metuerent,
1406 1530 1449 1554 ne

59 1591 259 1623 sanctorum
283 1585 416 1621 Rustici
442 1590 476 1621 et
499 1584 693 1621 Eleutherii
718 1596 869 1630 corpora
895 1585 1076 1619 christiani
1102 1586 1305 1630 sepelirent,
1327 1586 1448 1631 jusse-

60 1657 161 1695 runt,
186 1656 224 1686 ut
246 1653 281 1686 in
305 1651 470 1697 Sequana
493 1656 746 1697 mergerentur.
793 1651 958 1686 Matrona
983 1655 1097 1685 autem
1125 1638 1449 1697 quaedam'nobilis

61 1723 222 1755 vectores
249 1717 295 1752 ad
320 1716 500 1762 prandium
527 1718 685 1752 invitavit
716 1720 750 1752 et
776 1716 846 1751 illis
876 1717 1097 1761 epulantibus
1136 1721 1334 1751 sanctorum
1369 1727 1456 1761 cor-—

61 1795 150 1830 pora
188 1783 318 1818 furtive
363 1783 534 1827 surripuit
572 1787 606 1818 et
644 1793 732 1829 agro
766 1793 829 1817 suo
865 1782 1000 1817 occulte
1036 1782 1181 1827 sepeliri
1216 1782 1318 1824 fecit,
1360 1791 1450 1827 quae

61 1854 187 1896 postea
213 1848 458 1894 persecutione
484 1853 647 1883 cessante
673 1849 754 1884 iude
779 1849 922 1883 sustulit
947 1852 980 1883 et
1006 1850 1146 1893 corpori
1170 1848 1266 1882 beati
1292 1848 1452 1892 Dionysii

61 1913 252 1950 honorilice
283 1915 443 1948 sociavit.
490 1913 592 1948 Passi
626 1918 706 1949 sunt
737 1914 801 1949 sub
826 1914 1025 1949 Domitiano
1053 1924 1144 1948 auno
1170 1914 1299 1948 domini
1327 1913 1451 1956 xcvi,

63 1981 191 2015 aetatis
227 1989 309 2014 vero
343 1979 437 2014 beati
471 1979 630 2025 Dionysii
665 1980 738 2015 XC.
790 1981 827 2025 2)
841 1981 943 2014 Circa
976 1990 1087 2015 annos
1115 1979 1245 2014 domini
1268 1979 1451 2014 DCCCXV

62 2049 219 2090 tempore
250 2043 423 2079 Ludovici
452 2045 564 2091 legati
594 2045 779 2080 Michaelis
816 2047 1038 2090 imperatoris
1070 2044 1452 2088 Constantinopolitaui

63 2113 154 2145 inter
198 2113 340 2144 caetera
378 2120 521 2144 munera
570 2110 769 2145 detulerunt
818 2110 997 2144 Ludovico
1047 2110 1118 2143 lilio
1169 2109 1287 2143 Caroli
1333 2110 1452 2154 magni

63 2175 174 2210 libros
212 2174 370 2219 Dionysii
411 2174 454 2210 de
493 2175 679 2221 gerarchia
713 2175 755 2210 de
793 2174 927 2210 Graeco
971 2176 1007 2208 in
1041 2173 1203 2208 Latinum
1244 2174 1449 2217 translatos,

64 2242 123 2287 qui
163 2250 238 2275 cum
282 2239 414 2286 gaudio
456 2244 537 2275 suut
577 2242 730 2285 recepti,
781 2245 815 2276 et
858 2241 941 2275 XIX
980 2240 1106 2274 infirmi
1149 2241 1185 2274 iu
1225 2241 1305 2285 ipsa
1349 2243 1451 2274 nocte

63 2308 100 2340 in
135 2306 287 2341 ecclesia
321 2306 398 2351 ejus
439 2307 562 2341 curati.
622 2306 705 2341 Cum
748 2306 840 2351 apud
882 2306 1074 2341 Arelatium
1115 2309 1255 2340 sanctus
1294 2304 1451 2350 Regulus

66 2373 255 2417 episcopus
309 2364 495 2405 missarum¹
539 2372 724 2407 sollemnia
778 2371 995 2414 celebraret,
1054 2371 1292 2416 apostolorum
1338 2370 1450 2404 nomi—

64 2438 167 2472 nibus
200 2437 236 2469 in
271 2445 404 2470 canone
435 2438 592 2471 recitatis
625 2437 801 2482 adjunxit:
839 2441 873 2472 et
897 2437 1013 2471 beatis
1045 2436 1246 2470 martiribus
1271 2436 1339 2469 tuis
1363 2434 1449 2468 Dio-

65 2504 185 2548 nysio,
219 2501 362 2536 Rustico
395 2504 429 2536 et
458 2499 672 2537 Eleutherio.
722 2502 796 2542 Quo
830 2501 924 2536 dicto
956 2511 1030 2535 Cum
1065 2500 1178 2535 adhuc
1205 2500 1270 2534 Dei
1301 2499 1450 2534 famulos

65 2568 185 2602 vivere
216 2565 396 2608 crederet,
433 2565 615 2610 plurimum
648 2567 767 2601 mirari
800 2567 938 2611 coepit,
981 2576 1043 2600 cur
1075 2576 1192 2600 eorum
1223 2567 1366 2600 nomina
1398 2567 1450 2600 sic

134 2665 164 2698 1)
180 2664 293 2697 Vulgo:
312 2656 454 2693 iun-tia.
488 2664 590 2691 Verba
608 2661 830 2690 antecedentia:
849 2667 884 2691 et
904 2662 1004 2693 cred.
1024 2662 1135 2692 omittit
1153 2662 1207 2691 Ed.
1225 2665 1271 2691 Pr.
1345 2663 1374 2697 2)
1394 2660 1448 2690 Ed.

65 2714 111 2738 ΡΥ.
130 2708 240 2737 omittit
257 2709 365 2737 verbaz
385 2707 493 2737 circa
513 2722 542 2729 -
565 2710 588 2735 D
601 2711 620 2737 C
631 2710 650 2736 C
662 2709 760 2736 CXV.
1284 2728 1287 2729 γ
