1742 3005
298 62 393 111 Cap.
425 59 594 97 LXVIII.
652 59 710 97 De
742 60 960 96 inventione
993 65 1144 96 sanetae
1175 59 1306 95 crucis.
1416 56 1497 96 303

111 175 186 200 men
212 162 392 200 Nicodemi
424 164 572 206 dieitur,
614 165 706 210 quod
741 175 815 199 cum
841 163 966 199 Judaei
992 166 1101 209 ipsum
1132 163 1370 204 reclusissent,
1398 154 1499 197 Chri-

109 236 184 265 stus
220 240 410 276 resurgens
450 242 524 266 eum
564 229 644 265 inde
684 231 811 275 eripuit
849 234 883 264 et
908 231 941 264 in
969 229 1197 265 Arimathiam
1224 229 1332 263 duxit.
1380 228 1501 263 Potest

109 297 190 339 ilici,
217 296 311 342 quod
335 306 408 331 cum
437 296 582 331 eductus
608 306 629 330 a
655 295 920 340 praedieatione
946 296 1076 329 Christi
1104 307 1171 329 non
1197 299 1366 336 cessaret,
1393 305 1413 329 a
1437 294 1498 330 Ju-

109 362 208 396 daeis
242 363 364 396 iterum
401 367 456 397 est
489 362 657 396 reclusus
706 361 846 396 Mortuo
881 371 1018 405 quoque
1042 360 1263 405 Vespasiano
1291 362 1500 405 imperatore

109 428 212 462 Titus
249 427 340 462 filius
376 430 454 473 ejus
491 427 602 462 eidem
641 428 673 460 in
700 425 846 470 imperio
873 427 1066 467 successit⁷
1102 428 1161 471 qui
1186 426 1249 460 l'uit
1272 428 1324 460 vir
1349 427 1500 461 clemen-

109 495 264 528 tissimus
298 498 333 528 et
366 493 493 527 multae
527 492 752 526 liberalitatis
785 495 974 535 tantaeque
999 490 1167 525 bonitatis
1202 490 1287 531 suit,
1328 493 1419 525 sicut
1454 492 1503 525 ait

110 558 282 593 Eusebius
318 558 560 592 Caesariensis
597 558 632 590 in
667 555 835 590 chronica
872 560 906 589 et
939 560 1091 590 testatur
1124 555 1373 601 Hieronymus,
1409 556 1500 601 quod

110 624 188 658 (lum
215 623 363 669 quodam
391 632 470 657 sero
497 621 704 656 recordatus
732 621 875 662 suisset„
905 621 999 666 quod
1024 622 1085 655 illo
1113 623 1169 656 (lie
1195 622 1242 656 niI
1262 622 1344 655 honi
1369 623 1503 667 egisset

109 694 169 725 aut
193 688 281 723 nihil
308 688 486 729 dedisset,
515 689 581 721 ait:
616 698 635 721 o
662 688 763 720 amici
791 686 881 720 (lieni
907 687 1056 731 perdidi.
1105 686 1190 721 Post
1213 687 1319 732 longa
1344 692 1503 731 tempora

109 753 249 800 quidam
272 753 397 789 Judaei
417 753 612 788 Jerusalem
634 752 862 787 reaedificare
883 752 1054 788 volentes.
1083 757 1251 786 exeuntes
1274 754 1384 796 primo
1405 763 1503 787 mane

109 820 275 864 plurimas
301 829 423 854 cruces
453 819 496 854 de
523 829 602 853 rore
628 821 856 860 invenerunt,
893 828 979 863 quas
1014 819 1128 852 territi
1166 819 1342 863 fugientes
1379 823 1412 851 et
1447 827 1501 852 se-

111 885 222 919 cundo
249 895 348 920 mane
376 885 582 926 redeuntes,
618 886 879 928 unusquisque.
912 887 953 916 ut
983 884 1032 917 ait
1069 883 1214 918 Miletus
1254 885 1287 918 iu
1322 883 1502 918 chronica.

111 961 231 985 cruces
265 952 479 996 sanguineas
514 950 669 984 vestibus
704 950 777 982 suis
821 950 945 982 insitas
979 950 1119 982 invenit.
1170 949 1234 988 Qui
1280 948 1505 983 vehementer

110 1017 222 1050 territi
258 1017 292 1050 in
327 1015 446 1061 sugam
480 1016 601 1049 iterum
632 1016 724 1049 versi
759 1018 858 1055 sunt,
897 1014 959 1049 sed
995 1016 1099 1049 tertio
1127 1015 1184 1047 (lie
1212 1016 1345 1049 reversi
1372 1025 1504 1058 vapor·—

112 1083 203 1127 ignis
231 1081 274 1116 de
298 1086 393 1116 terra
419 1080 625 1125 prodeuntis
650 1082 788 1125 penitus
815 1084 893 1114 sunt
920 1081 1045 1115 exusti.
1197 1071 1202 1074 ¹

553 1399 678 1461 GAP.
714 1399 905 1460 valll.
944 1399 1064 1461 (64.)

268 1500 367 1543 De
405 1496 790 1542 inventione
829 1499 1090 1543 sanctae
1130 1496 1351 1541 crucis.

207 1605 365 1640 Iuventio
393 1610 536 1640 sanctae
564 1607 677 1639 crucis
703 1605 850 1647 dicitur,
892 1607 974 1650 quia
1010 1605 1073 1639 tali
1107 1604 1163 1640 die
1199 1608 1321 1639 sancta
1348 1614 1432 1638 crux
1457 1605 1508 1638 in-

119 1675 221 1705 venta
247 1670 356 1705 fuisse
384 1672 545 1705 refertur.
595 1670 682 1705 Nam
710 1675 743 1704 et
767 1676 869 1705 antea
890 1671 953 1705 I'uit
970 1674 1110 1706 inventa
1131 1682 1151 1705 a
1171 1670 1267 1706 Seth.
1295 1670 1365 1703 filio
1387 1669 1509 1707 Adam.

119 1739 151 1770 in
177 1738 337 1771 terrestri
363 1733 552 1781 paradiso,
588 1737 681 1770 sicut
704 1736 797 1770 infra
820 1741 1003 1777 narratur,
1039 1747 1060 1770 a
1087 1736 1276 1770 Salomone
1302 1737 1336 1769 in
1360 1734 1509 1770 Libano.

117 1812 138 1836 a
162 1803 287 1848 regina
314 1801 410 1836 Saba
444 1803 479 1837 in
515 1801 712 1836 Salomonis
747 1803 890 1847 templo,
927 1812 948 1836 a
973 1802 1119 1837 Judaeis
1157 1804 1189 1836 in
1222 1811 1314 1846 aqua
1340 1802 1510 1845 piscinae.

118 1867 224 1902 hodie
250 1867 294 1901 ab
320 1867 454 1902 Helena
481 1869 517 1902 in
542 1872 652 1902 morte
680 1868 877 1902 calvariae.

207 1932 364 1967 inventio
390 1937 535 1968 sanctae
560 1935 673 1967 crucis
689 1937 770 1978 post
785 1943 896 1968 annos
922 1933 974 1968 CC
994 1937 1028 1968 et
1047 1932 1194 1977 amplius
1213 1942 1233 1966 a
1254 1932 1513 1966 resurrectione

120 1998 252 2031 domini
277 1997 372 2031 sacta
396 2002 470 2039 est,
504 1998 636 2044 legitur
669 2000 759 2033 enim
793 2000 828 2033 in
859 1999 1044 2044 evangelio
1078 1997 1281 2038 Nic-odoini,
1317 1996 1412 2041 quod
1439 2006 1514 2029 cum

119 2063 231 2098 Adam
258 2062 510 2103 infirmaretur,
543 2061 631 2097 Seth
664 2062 756 2096 filins
782 2064 859 2108 ejus
892 2067 1014 2107 portas
1039 2062 1196 2106 paradisi
1224 2061 1313 2095 adiit
1339 2065 1373 2095 et
1400 2060 1513 2095 oleum

121 2129 208 2175 ligni
233 2129 520 2169 misericordiae,
558 2138 626 2172 quo
654 2138 780 2172 corpus
807 2129 918 2173 patris
946 2131 1161 2172 perungeret
1187 2131 1221 2161 et
1247 2127 1431 2160 sanitatem
1459 2136 1513 2159 re-

123 2195 277 2238 ciperet,
312 2193 513 2238 postulavit.
565 2193 627 2227 Cui
667 2203 842 2238 apparens
876 2192 1030 2227 Michael
1064 2191 1299 2237 archangelus
1335 2192 1403 2225 ait:
1441 2191 1513 2224 noli

122 2258 285 2293 laborare
336 2269 450 2304 neque
506 2258 592 2294 flere
627 2270 690 2304 pro
739 2259 817 2293 oleo
859 2258 950 2304 ligni
997 2256 1261 2292 misericordiae
1310 2256 1513 2291 obtinendo.

123 2326 206 2370 quia
253 2323 451 2358 nullatenus
499 2323 585 2358 illud
635 2326 781 2370 assequi
825 2326 959 2369 poteris
977 2351 985 2365 ,
1045 2324 1115 2358 nisi
1166 2321 1303 2368 quando
1353 2320 1514 2365 completi

124 2389 254 2423 suerint
286 2389 438 2434 quinque
476 2389 588 2423 millia
623 2391 807 2435 quingenti
838 2390 939 2430 anni,
985 2388 1067 2423 licet
1101 2387 1144 2421 ab
1177 2387 1289 2422 Adam
1325 2395 1436 2430 usque
1470 2384 1514 2419 ad

123 2455 324 2500 passionem
357 2453 489 2488 Christi
518 2455 600 2487 anni
631 2458 765 2488 tantum
799 2455 993 2498 ¹)quinque
1027 2452 1138 2485 millia
1165 2455 1300 2486 centum
1322 2451 1515 2495 nonaginta

122 2529 247 2553 novem
285 2518 431 2552 fluxiSse
465 2516 663 2552 credantur.
711 2518 861 2564 Legitur
904 2526 1041 2562 quoque
1081 2516 1189 2557 alibi,
1238 2515 1329 2561 quod
1366 2515 1512 2561 angelus

190 2617 218 2649 1)
238 2616 291 2643 Ed.
310 2620 354 2643 Pr.
374 2616 452 2643 male
472 2615 560 2648 legit:
587 2618 627 2642 Μ.
650 2615 895 2647 Ομηοιιὲεηῐὶ
923 2613 1089 2647 triginta
1116 2617 1197 2640 tres
1216 2613 1293 2641 etin
1314 2617 1409 2640 antec.
1429 2616 1513 2647 post:

124 2659 322 2688 nisiaddit:
348 2666 575 2688 transactus
603 2665 640 2687 et
