1742 3005
427 124 524 174 Cap.
557 122 655 160 XIV.
720 123 778 160 De
809 121 1013 173 epiphania
1043 121 1200 159 donnini.
1452 126 1505 164 89

120 241 192 264 eum
219 228 265 267 ibl
291 229 468 274 sapientes
493 229 584 275 legis
620 232 654 263 et
678 227 813 263 scribae
840 227 1046 262 residerent.
1115 226 1258 270 Tertia,
1314 232 1350 262 ut
1375 228 1500 265 Judaei

120 293 375 330 inexcusabiles
404 297 603 335 manerent,
631 295 829 339 potuissent
852 294 941 328 enim
966 293 1100 328 dicere:
1124 303 1187 327 nos
1214 292 1351 338 quidem
1375 296 1496 329 nativi-

120 361 201 395 tatis
236 360 346 395 locum
379 360 627 406 cognovimus,
676 363 811 404 tempus
846 362 958 394 autem
993 360 1230 404 ignoravimus
1266 363 1300 394 et
1330 360 1409 395 ideo
1435 372 1503 396 non

118 425 301 460 credimus.
365 424 464 472 Magi
489 435 574 471 ergo
599 424 826 460 ostenderunt
851 425 995 460 Judaeis
1021 428 1156 469 tempus
1180 428 1214 459 et
1239 424 1365 461 Judaei
1390 430 1502 475 magis

119 492 241 526 locum.
317 492 449 532 Quarta
474 495 511 525 ut
536 492 585 525 sic
619 490 734 525 studio
758 501 937 536 magorum
961 489 1250 524 condemnaretur
1276 493 1420 538 pigritia
1443 494 1505 529 Ju-

120 556 296 592 dacorum.
345 557 429 591 Nam
454 556 505 589 illi
529 557 586 589 uni
611 554 804 600 prophetae
831 555 1066 598 crediderunt,
1092 556 1149 589 isti
1177 556 1335 600 pluribus
1361 559 1503 595 credere

120 622 315 657 noluerunt.
343 621 394 656 Illi
421 624 591 667 quaerunt
615 630 734 666 regem
760 620 922 663 alienum,
952 622 1009 655 isti
1033 632 1101 655 non
1126 627 1297 666 quaerunt
1315 626 1492 668 proprium

120 688 174 722 llli
200 690 367 722 venerunt
390 686 432 721 de
459 687 665 733 longinquo,
690 688 749 721 isti
775 691 975 722 manserunt
1001 689 1034 721 in
1060 688 1184 723 vicino.
1213 686 1273 722 Isti
1299 699 1402 735 reges
1431 690 1505 726 fue-

121 756 198 788 runt
215 751 589 787 successoresBalaam
608 757 642 788 et
661 751 705 787 ad
728 754 893 788 visionem
911 753 1035 788 stellae
1047 757 1227 796 venerunt,
1255 759 1400 800 propter
1410 756 1504 792 illam

119 818 336 864 prophetiam
348 819 460 863 patris
478 819 550 853 sui:
576 819 708 853 orietur
719 818 822 853 stella
833 829 875 854 ex
885 818 996 854 Jacob
1008 822 1042 854 et
1053 823 1220 865 exsurget
1228 818 1330 854 homo
1343 832 1385 856 ex
1395 821 1505 858 Israel

120 889 184 920 etc.
210 885 325 920 Aliam
344 893 497 926 causam,
519 883 608 919 unde
630 885 689 919 isti
708 886 882 919 molisunt
894 884 1165 927 adveniendum,
1186 887 1283 929 ponit
1295 886 1504 933 chrysosto-

121 961 194 985 mus
219 952 252 985 in
278 949 443 995 originali
469 959 576 994 super
599 949 817 985 Matthaeum
842 961 1026 993 asserens,
1055 950 1223 996 quosdam
1249 951 1384 996 dicere,
1413 955 1505 999 qnod

122 1016 259 1062 quidam
285 1019 495 1051 secretorum
523 1017 740 1061 inspectores
769 1016 950 1062 elegerunt
973 1015 1015 1050 de
1041 1026 1079 1050 se
1108 1017 1195 1061 ipsis
1220 1016 1303 1060 XII,
1328 1022 1362 1052 et
1382 1020 1410 1053 si
1428 1022 1505 1065 quis

119 1081 345 1124 moriebatur,
370 1081 460 1116 filius
485 1082 561 1127 eJus
590 1086 649 1116 aut
674 1082 801 1127 aliquis
829 1083 1101 1127 propinquorum
1128 1083 1161 1115 in
1188 1085 1263 1128 ejus
1288 1083 1399 1118 locum
1423 1085 1505 1120 sub-

120 1147 340 1183 stituebatur.
406 1147 447 1182 lli
472 1158 557 1193 ergo
582 1158 646 1193 per
668 1147 827 1194 singulos
853 1157 963 1181 annos
987 1151 1067 1192 post
1092 1158 1242 1184 mensem
1271 1150 1507 1185 ascendebant

110 1214 226 1259 ‘super
243 1216 390 1248 montem
411 1214 626 1248 victorialem
651 1218 684 1249 et
702 1213 814 1248 tribus
841 1212 963 1248 diebus
990 1213 1116 1248 ibidem
1144 1219 1319 1250 morantes
1337 1216 1369 1260 ¹)
1395 1227 1432 1251 se
1455 1217 1505 1251 la-

121 1279 251 1313 vahant
274 1283 308 1314 et
333 1279 484 1314 orabant
506 1279 634 1321 Deum,
671 1284 708 1314 ut
733 1281 776 1314 iis
803 1280 895 1314 illam
922 1279 1079 1321 stellam,
1108 1290 1210 1325 quam
1231 1281 1376 1315 Balaam
1402 1293 1506 1327 prae-

121 1344 270 1387 dixerat,
296 1345 508 1381 ostenderet..
557 1345 714 1385 Quadam
739 1351 852 1379 antem
881 1346 967 1387 vice,
995 1345 1127 1379 scilicet
1153 1347 1185 1378 in
1212 1346 1267 1380 die
1294 1347 1422 1382 natalis
1444 1347 1502 1382 do-

120 1412 214 1453 mini,
240 1410 319 1444 dum
343 1412 393 1444 sic
418 1410 545 1444 ibidem
572 1414 769 1452 manerent,
795 1411 898 1445 stella
930 1410 1101 1455 quaedam
1126 1411 1169 1445 ad
1196 1422 1256 1446 eos
1282 1423 1388 1457 super
1411 1424 1506 1448 mon—

121 1481 188 1510 tem
213 1477 321 1518 venit,
349 1485 439 1521 quae
464 1474 617 1509 habebat
643 1475 785 1511 sormam
811 1475 1031 1520 pulcherrimi
1059 1478 1169 1521 pueri,
1196 1488 1302 1522 super
1325 1480 1423 1524 eujus
1449 1490 1506 1514 ca—

122 1543 194 1587 pite
219 1552 303 1575 crux
326 1540 549 1586 splendebat,
577 1552 666 1586 quae
691 1551 814 1586 magos
839 1541 990 1575 allocuta
1014 1546 1067 1576 est
1093 1542 1228 1577 dicens:
1279 1545 1326 1578 ite
1355 1544 1507 1579 velocius

90 1647 104 1649 ,⁷
121 1609 156 1653 in
180 1606 422 1657 terram-,luda
446 1609 480 1641 et
504 1605 631 1641 ibidem
657 1617 795 1652 regem,
825 1617 923 1652 quem
954 1608 1121 1651 quaeritis
1136 1635 1144 1650 ,
1169 1612 1284 1642 natum
1310 1610 1507 1645 invenietis:

123 1672 220 1707 Tunc
243 1672 304 1721 illi
328 1673 491 1706 continuo
520 1673 638 1706 venire
663 1676 864 1716 coeperunt.
938 1672 1007 1707 Sed
1043 1672 1216 1718 quomodo
1243 1675 1277 1708 in
1302 1679 1371 1709 tam
1396 1685 1507 1720 parvo

122 1743 299 1784 tempore,
338 1738 472 1773 scilicet
494 1739 529 1772 in
554 1737 717 1772 tredecim
745 1737 867 1772 diebus
894 1748 957 1783 per
986 1742 1084 1772 tanta
1110 1743 1279 1773 terrarum
1307 1743 1424 1786 spatia
1450 1753 1508 1777 ve-

123 1806 196 1839 nire
232 1807 435 1850 potuerunt,
486 1803 619 1838 seilicet
645 1802 688 1837 ab
717 1804 850 1838 oriente
877 1814 986 1849 usque
1012 1805 1046 1837 in
1069 1803 1309 1848 Jberusalem,
1360 1817 1448 1852 quae
1474 1809 1507 1842 in

124 1870 292 1905 mediculo
317 1868 433 1904 mundi
458 1869 583 1903 dicitur
610 1879 688 1904 esse
716 1870 805 1912 sita,
849 1869 1028 1904 dicendum
1061 1874 1134 1913 est3
1185 1872 1370 1906 secundum
1395 1873 1509 1908 Remi-

123 1937 238 1982 gium‚
263 1937 424 1981 quoniam
447 1934 530 1969 talis
556 1945 661 1980 puer,
687 1934 732 1969 ad
758 1946 858 1980 quem
882 1935 1142 1980 properabant,
1169 1948 1230 1972 eos
1254 1939 1288 1971 in
1313 1942 1383 1972 tam
1411 1938 1509 1974 brevi

123 2002 239 2046 spatio
264 2000 455 2046 perducere
480 2002 604 2046 potuit.
647 2000 711 2036 Vel
738 2005 854 2046 potest
883 2001 948 2036 dici
975 2003 1160 2037 secundum
1185 2003 1391 2048 Jeremiam,
1417 2005 1510 2050 quod

124 2078 230 2112 super
249 2066 488 2101 dromedarios
509 2071 690 2110 venerunt,
717 2068 863 2112 quisunt
873 2068 1038 2102 animalia
1049 2069 1281 2112 velocissima,
1309 2071 1509 2115 quitantum

123 2136 265 2166 currunt
282 2141 349 2166 una
365 2131 433 2174 die,
460 2135 623 2177 quantum
651 2143 761 2178 equus
786 2135 820 2168 in
847 2134 971 2168 tribus.
996 2133 1093 2169 Unde
1119 2134 1245 2169 dicitur
1268 2136 1509 2172 dromedarius

124 2208 147 2232 a
169 2197 328 2240 dromos,
365 2197 459 2243 quod
484 2201 538 2232 est
561 2208 682 2233 cursus
698 2227 706 2240 ,
742 2203 776 2234 et
803 2210 903 2242 ares,
929 2199 1021 2245 quod
1044 2204 1098 2235 est
1125 2201 1243 2235 virtus.
1316 2201 1399 2237 Cum
1425 2213 1510 2249 ergo

122 2262 388 2298 ,lherosolimam
413 2265 602 2306 venissent,
628 2265 936 2312 interrogaverunt
961 2265 1128 2307 dicentes,
1154 2265 1214 2300 ubi
1238 2270 1303 2310 est,
1331 2270 1387 2313 qui
1409 2273 1510 2302 natus

124 2331 178 2362 est
202 2338 264 2362 rex
287 2327 511 2364 Judaeornm.
579 2329 656 2364 Non
687 2331 972 2377 interrogabant,
1021 2341 1066 2365 an
1093 2335 1194 2366 natus
1221 2323 1307 2374 sitq
1340 2335 1422 2378 quia
1446 2333 1511 2367 hoc

124 2391 325 2435 eredebant,
353 2393 414 2427 sed
441 2399 624 2438 quaerunt,
650 2395 708 2430 ubi
734 2400 836 2431 natus
861 2398 919 2439 sit,
946 2401 980 2432 et
1005 2398 1107 2441 quasi
1136 2398 1265 2441 aliquis
1292 2399 1511 2443 interrogas-

125 2462 180 2492 set
204 2468 284 2493 eos:
308 2457 399 2492 unde
425 2459 522 2493 scitis
549 2459 639 2494 hunc
664 2471 781 2507 regem
806 2465 921 2494 natum
949 2472 1040 2504 esse,
1066 2461 1339 2506 responderunt:
1365 2463 1511 2498 widimus

125 2522 261 2558 stellam
287 2525 363 2569 eJus
387 2525 422 2556 in
447 2525 580 2559 oriente
605 2529 639 2559 et.
664 2527 817 2560 venimus
843 2525 991 2560 adorare
1021 2537 1115 2568 eum,
1160 2524 1225 2560 hoc
1251 2531 1321 2562 est:
1362 2538 1425 2563 nos
1451 2539 1504 2565 ex-

126 2590 289 2624 sistentes
318 2591 350 2622 in
373 2590 506 2624 oriente
534 2589 680 2624 vidimus
705 2591 840 2626 stellam
868 2592 944 2636 ejiis
973 2593 1166 2626 nativitatis
1193 2594 1415 2628 ostensivam.
1450 2594 1502 2629 Vi*

231 2736 258 2768 1)
277 2734 329 2761 Ed.
351 2737 419 2761 noo..
440 2734 539 2766 legunt
566 2745 580 2756 v
593 2735 598 2759 l
610 2744 645 2761 ex
662 2746 676 2761 a
689 2736 704 2761 Ιι
716 2746 729 2761 a
742 2745 758 2761 n
772 2740 805 2762 ln
819 2746 838 2764 r.
