1742 3005
271 70 351 108 342
557 76 654 124 Cap.
686 74 876 113 Lxtht.
946 77 1003 114 De
1041 83 1171 114 sancto
1190 72 1374 116 Urbano.

362 177 519 214 Urbanus
553 178 690 212 Caltxto
726 189 840 224 papae
873 182 1069 224 successit,
1105 183 1206 228 quus
1241 186 1399 227 tempore
1431 192 1505 216 cum
1537 181 1664 218 suisset

272 246 420 277 maxima
447 246 648 288 persecutio
682 246 718 279 in
743 244 966 289 christianis,
999 246 1140 281 tandem
1172 247 1395 291 Alexander,
1428 249 1528 294 cujus
1554 251 1664 282 mater

274 310 437 343 Ammaea
472 309 666 344 christiana
703 314 798 353 erat,
844 321 946 356 quam
986 311 1159 358 Origenes
1198 318 1436 357 converterat,
1483 315 1663 358 imperium

272 376 404 409 sumsit.
452 374 534 419 Ipsa
558 377 668 421 igitur
692 375 797 411 fillum
826 378 990 422 precibus
1016 378 1181 413 maternis
1209 378 1363 421 induxit,
1388 382 1426 412 ut
1449 388 1470 412 a
1496 389 1664 424 persecu-

271 443 367 475 tione
400 440 670 476 christianorum
703 449 881 486 cessaret,
918 449 1154 479 verumtamen
1190 444 1392 479 Almachius
1427 443 1524 478 urbis
1560 454 1664 488 prae-

273 506 406 547 sectus,
434 509 492 552 qui
518 507 657 542 beatam
684 509 870 544 Caeciliam
899 510 1150 553 decollaverat,
1178 511 1213 544 in
1238 510 1450 544 christianos
1478 509 1668 544 crudeliter

273 574 476 615 saeviebat,
515 579 670 608 sanctum
712 576 821 620 igitur
851 575 1024 610 Urbanum
1058 576 1250 623 diligenter
1282 578 1412 622 inquiri
1449 576 1532 610 fecit
1564 576 1666 610 etf'in

274 639 423 684 quodam
455 644 558 674 antro
589 646 798 685 procurante
831 642 1002 686 Carpasio
1044 642 1194 687 quodam
1229 644 1387 677 ministro
1436 652 1511 677 cum
1553 641 1667 675 tribus

273 705 482 749 presbiteris
519 709 554 740 et
588 706 701 739 tribus
734 705 949 750 dyaconibus
977 712 1152 751 repertum
1179 710 1212 741 in
1239 718 1415 743 carcerem
1440 709 1528 742 mitti
1548 708 1667 753 jussit.

272 769 357 804 Post
390 769 456 804 hoc
493 780 609 805 coram
644 782 683 805 se
719 773 798 816 ipso
835 771 962 805 adduci
988 774 1171 816 praecepit
1203 776 1237 806 et
1264 773 1356 817 quod
1383 773 1670 817 quinquemillia

274 835 447 871 hominum
476 847 550 871 cum
575 837 752 884 sacrilega
778 836 934 872 Caecilia
962 841 995 872 et
1018 837 1215 873 illustribus
1242 839 1326 872 viris
1347 837 1518 883 Tyburtio
1545 842 1579 872 et
1596 837 1668 873 Va-

273 902 409 936 leriano
436 903 648 945 seduxerat,
687 903 798 938 eidem
829 902 962 948 objecit
991 908 1026 937 et
1051 904 1240 938 thesauros
1269 904 1445 939 Caeciliae
1472 905 1669 949 requisivit.

275 968 339 1003 Cui
364 968 544 1003 Urbanus:
570 974 607 1003 ut
630 969 746 1011 video,
774 970 851 1015 plus
877 974 912 1003 te
938 969 984 1003 ad
1009 970 1234 1004 saeviendum
1262 972 1297 1004 in
1323 974 1464 1004 sanctos
1489 969 1583 1003 ducit
1609 979 1669 1003 cu-

274 1026 426 1080 piditas,
454 1046 555 1079 quam
580 1035 693 1069 cultus
718 1035 889 1069 Deorum:
926 1035 1114 1069 thesaurus
1142 1036 1321 1070 Caeciliae
1349 1047 1413 1080 per
1438 1046 1558 1070 manus
1583 1045 1671 1080 pau-

275 1111 395 1145 perum
421 1101 540 1135 coelos
565 1101 779 1135 conscendit.
829 1101 911 1135 Cum
944 1102 1054 1146 igitur
1083 1105 1239 1134 sanctum
1264 1101 1439 1136 Urbanum
1463 1111 1537 1135 cum
1560 1102 1670 1135 sociis

274 1166 464 1211 plumbatis
493 1166 681 1201 caederent
706 1170 740 1200 et
769 1168 846 1211 ipse
883 1176 1010 1200 nomen
1043 1164 1172 1199 domini
1197 1165 1306 1211 Elyon
1346 1168 1546 1208 invocaret,
1585 1166 1669 1200 sub-

275 1232 395 1266 ridens
421 1233 621 1277 praefectus
647 1234 713 1266 ait:
747 1233 889 1276 sapiens
921 1231 995 1265 vult
1032 1232 1099 1265 iste
1134 1242 1243 1266 senex
1277 1232 1389 1267 videri
1415 1236 1448 1266 et
1474 1231 1553 1266 ideo
1583 1242 1671 1265 nunc

275 1299 399 1344 ignota
425 1298 591 1344 loquitur.
641 1298 723 1333 Cum
749 1303 863 1333 autem
890 1298 1054 1342 superari
1088 1308 1156 1331 non
1183 1302 1350 1342 possent,
1381 1300 1504 1332 iterum
1532 1299 1566 1332 in
1592 1308 1670 1331 car-

277 1375 391 1398 cerem
416 1364 660 1406 recluduntur⁷
695 1365 757 1398 ubi
789 1368 862 1398 tres
886 1363 1049 1397 tribunos
1077 1363 1121 1397 ad
1149 1374 1187 1397 se
1216 1365 1398 1398 venientes
1425 1374 1499 1397 cum
1526 1362 1672 1397 custode

276 1431 430 1464 carceris
458 1430 609 1465 Anolino
641 1436 783 1465 sanctus
808 1429 969 1465 Urbanus
995 1428 1198 1474 baptizavit.
1248 1429 1379 1464 Audito
1413 1430 1540 1475 igitur,
1579 1428 1673 1473 quod

275 1496 448 1530 Anolinus
485 1496 697 1531 christianus
735 1497 849 1531 sactus
886 1500 1000 1538 esset,
1036 1496 1217 1541 praesecto
1248 1496 1385 1530 sistitur
1417 1499 1451 1529 et
1474 1494 1673 1528 sacrificare

276 1572 426 1595 renuens
463 1561 679 1605 decollatur,
714 1567 855 1598 sanctus
891 1567 1004 1597 autem
1031 1561 1190 1596 Urbanus
1225 1572 1300 1595 cum
1325 1562 1433 1595 sociis
1460 1560 1504 1595 ad
1528 1561 1673 1593 simula-

276 1638 369 1661 crum
397 1627 535 1661 ducitur
558 1632 592 1662 et
616 1627 720 1662 thura
747 1630 927 1673 imponere
952 1633 1113 1674 urgetur:
1133 1632 1227 1675 June
1253 1631 1375 1661 orante
1400 1626 1540 1661 Urbano
1567 1627 1674 1660 simu-

276 1692 408 1727 lacrum
436 1693 563 1728 cecidit
590 1698 623 1728 et
657 1693 755 1728 XXII
792 1694 1020 1735 sacerdotes,
1069 1695 1127 1739 qui
1164 1695 1276 1739 ignem
1311 1692 1576 1734 ministrabant,
1612 1701 1673 1725 oc-

278 1758 373 1792 cidit.
423 1758 523 1792 Tunc
547 1761 759 1804 gravissime
785 1757 970 1793 laniantur
990 1763 1024 1793 et
1048 1763 1129 1803 post
1153 1759 1220 1793 hoc
1245 1758 1289 1792 ad
1316 1757 1581 1792 sacrificandiun
1609 1757 1673 1791 du-

279 1828 419 1864 cuntur,
457 1826 514 1868 qui
549 1826 583 1857 in
616 1826 727 1868 ipsum
759 1824 900 1868 ydolum
934 1810 1146 1867 exspuentes
1183 1824 1316 1857 frontes
1351 1833 1452 1856 cruce
1477 1823 1674 1855 munierunt

279 1894 312 1924 et
338 1891 483 1923 invicem
517 1889 598 1922 ‹lato
637 1891 735 1933 pacis
769 1889 889 1923 osculo
916 1888 1104 1932 capitalem
1138 1889 1345 1921 sententiam
1374 1892 1584 1931 acceperunt
1609 1888 1672 1920 sub

277 1954 503 1996 Alexandro,
532 1955 590 1999 qui
616 1956 731 1998 coepit
755 1956 848 1988 circa.
874 1965 996 1988 annum
1025 1953 1154 1986 domini
1177 1953 1313 1986 CCXX.
1363 1952 1432 1986 Sed
1450 1953 1564 1985 statim
1591 1952 1674 1985 Car-

277 2022 398 2064 pasius
425 2030 445 2053 a.
471 2020 638 2053 daemone
664 2021 834 2064 arripitur
867 2024 901 2062 et
934 2020 1028 2053 Deos
1056 2029 1138 2052 suos
1174 2017 1425 2061 blasphemans
1454 2021 1488 2051 et
1511 2017 1675 2051 christia-

277 2096 342 2120 nos
369 2087 495 2119 invitus
522 2084 748 2131 magnificans
776 2095 795 2118 a
821 2084 990 2119 daemone
1016 2084 1228 2119 suffocatur:
1264 2083 1356 2128 quod
1394 2084 1470 2128 ejus
1496 2094 1586 2116 uxor
1610 2084 1676 2118 Ar-

278 2153 394 2185 menia.
426 2151 547 2185 videns
582 2162 657 2185 cum
685 2150 756 2184 titia
785 2161 848 2185 sua
874 2151 1009 2186 Lucina
1037 2154 1069 2184 et
1095 2154 1170 2183 tota
1198 2149 1330 2183 familia
1357 2159 1377 2183 a
1404 2153 1527 2182 sancto
1553 2148 1676 2182 Fortu-

278 2221 360 2251 nato
396 2216 594 2260 presbitero
631 2217 808 2261 baptisma
842 2218 1001 2261 suscepit
1029 2220 1063 2251 et
1096 2219 1177 2261 post
1211 2214 1279 2249 hoc
1304 2219 1502 2249 sanctorum
1528 2224 1677 2259 corpora

279 2280 470 2316 honorilice
496 2281 670 2326 sepelivit.
