1742 3005
268 111 293 147 ὃ
631 112 725 160 (jap.
760 111 787 146 i.
855 111 913 147 Dc
944 110 1105 148 adventu
1137 112 1302 148 Domini.

271 228 332 262 per
371 216 470 251 tidem
506 216 669 250 habitans
703 214 873 249 illuminet
897 216 1100 249 eaecitatem
1127 219 1278 249 nostram
1314 219 1347 250 et
1374 216 1554 249 nobiseum
1590 225 1662 249 ma-

270 291 354 316 nens
387 281 531 326 adjuvet
562 281 794 314 infirmitatem
828 284 982 313 nostram
1014 283 1049 313 et
1078 290 1142 324 pro
1175 279 1276 314 nobis
1309 284 1405 315 stans
1431 280 1658 325 fragilitatem

268 351 423 381 nostram
448 349 614 391 protegat
637 349 671 379 et
694 347 904 389 propugnet.
963 343 1056 377 Haec
1078 343 1289 378 Bernartius.
1340 345 1441 379 Circa
1472 346 1658 380 secundum

270 412 476 450 adventum,
516 410 649 445 seilicet
675 409 719 444 ad
740 408 927 455 judicium,
959 408 1026 442 duo
1052 408 1204 443 videnda
1230 412 1329 450 sunt,
1364 409 1496 443 scilieet
1521 414 1659 445 antece-

272 479 387 513 dentia
411 477 580 523 judicium
605 480 639 511 et
663 475 876 510 comitantia.
915 473 1167 508 Antecedentia
1193 478 1272 509 sunt
1295 477 1373 509 tria.
1424 475 1535 520 Signa
1559 477 1659 510 terri—

272 543 373 585 bilia,
402 542 606 577 Antichristi
633 541 776 575 fallacia
804 544 839 574 et
862 540 955 586 ignis
980 539 1208 574 vehementia.
1282 541 1393 586 Signa
1421 544 1533 575 antem
1558 540 1661 574 terri-

273 609 358 642 bilia
382 607 629 653 praecedentia
657 606 823 652 judicium
849 609 1023 650 ponuntur
1048 607 1221 652 quinque,
1270 606 1353 640 Luc.
1385 605 1479 641 XXI.
1552 605 1662 640 Erunt

274 676 376 719 signa
410 676 444 708 in
475 674 549 708 sole
574 677 608 708 et
630 673 712 707 luna
751 675 785 706 et
809 671 921 706 stellis
947 675 980 706 et
1006 673 1039 705 in
1070 674 1174 706 terris
1199 682 1365 717 pressura
1390 674 1543 718 gentium
1577 682 1661 717 prae

274 739 476 774 ronsusione
509 740 643 774 sonitus
678 739 783 772 maris
818 741 853 772 et
887 737 1058 772 fluctuum.
1130 737 1216 772 Tria
1254 740 1357 784 signa
1389 738 1663 772 determinantur

275 805 420 849 Apoeal.
449 804 505 840 Vl.
555 803 616 838 Sol
641 804 753 838 faetus
780 807 834 838 est
856 804 968 848 niger,
992 807 1156 848 tanquam
1184 813 1305 838 saccus
1321 804 1496 838 cilicinus:
1521 807 1555 838 et
1580 804 1662 837 luna

276 872 368 904 taeta
394 874 447 904 est
472 871 561 904 sieut
587 870 746 915 sanguis,
773 873 807 904 et
821 868 945 903 stellae
970 868 1168 904 ceciderunt
1181 880 1287 914 super
1312 874 1450 904 terram.
1481 870 1540 903 Sol
1557 871 1663 914 igitur

276 937 401 970 «licitur
436 935 639 977 obscurari,
690 934 744 969 vel
781 938 945 979 quantum
985 934 1030 968 ad
1066 936 1119 968 sui
1157 935 1295 969 luminis
1332 937 1584 980 privationem,
1628 939 1663 968 ut

276 1006 374 1045 patre
401 1001 564 1042 familias,
592 1001 627 1034 id
653 1005 718 1042 est,
758 999 895 1034 homine
921 1002 1088 1035 moriente
1114 1002 1215 1046 quasi
1240 1001 1363 1046 lugere
1392 1001 1574 1043 videatur,
1609 1001 1663 1035 vel

276 1071 439 1113 quantum
464 1067 509 1102 ad
536 1068 681 1112 maj0ris
707 1066 794 1100 lucis
811 1094 818 1107 ‚
855 1066 888 1100 id
915 1071 988 1108 est,
1014 1066 1185 1100 claritatis
1207 1067 1334 1101 Christi
1361 1067 1445 1102 Jesu
1471 1077 1663 1112 superven-

276 1135 424 1175 tionem‚
467 1133 521 1168 vel
545 1136 710 1178 quantum
736 1132 781 1166 ad
809 1131 1081 1177 metaphoricam
1106 1133 1333 1170 locutionem,
1369 1134 1452 1178 quia
1477 1131 1663 1167 seeundum

276 1200 507 1245 Augustinum
530 1202 600 1232 tam
626 1208 751 1232 severa
777 1199 842 1232 erit
867 1197 1020 1232 vindicta
1041 1197 1181 1237 divina,
1227 1199 1319 1244 quod
1346 1200 1448 1234 etiam
1474 1198 1527 1232 Sol
1552 1201 1661 1242 ipsam

275 1266 450 1308 respicere
483 1275 551 1299 non
588 1263 742 1298 audebit.
816 1264 876 1299 Vel
904 1267 1067 1308 quantum
1093 1263 1137 1297 ad
1164 1266 1331 1298 mistieam
1360 1263 1662 1310 significationem,

276 1331 357 1374 quia
393 1330 445 1363 sol
474 1332 635 1375 Justitiae
670 1329 828 1363 Christus
861 1334 930 1363 tum
971 1329 1140 1363 obscurus
1166 1331 1253 1364 erit.
1307 1330 1525 1374 quianullus
1552 1331 1663 1373 ipsum

275 1396 430 1429 confiteri
456 1395 609 1430 audebit.
683 1395 823 1429 (ioelum
857 1399 972 1428 autem
1001 1394 1126 1428 dicitur
1152 1394 1206 1428 hie
1235 1396 1364 1429 aerium
1391 1398 1425 1429 et
1452 1394 1575 1429 stellae
1604 1405 1663 1428 vo-

275 1465 396 1495 cantur
421 1471 439 1494 a
468 1461 677 1498 substantia,
708 1462 787 1506 quia
817 1459 945 1494 habent
970 1460 1228 1494 similitudinem
1255 1460 1433 1495 stellarum
1451 1489 1458 1499 ,
1487 1464 1521 1495 et
1546 1460 1664 1494 dieun-

275 1531 330 1559 tur
352 1526 476 1561 stellae
500 1526 626 1561 cadere
654 1527 695 1561 de
721 1526 820 1561 coelo
847 1525 1032 1560 secundum
1055 1526 1153 1571 vulgi
1178 1527 1388 1570 opinionem,
1418 1525 1556 1570 quando
1582 1525 1665 1560 sub-

277 1593 405 1625 stantia
439 1592 629 1626 deseendit.
702 1591 798 1627 Unde
825 1596 859 1627 et
887 1593 1062 1636 scriptura
1087 1592 1283 1625 conformat
1307 1602 1344 1625 se
1369 1593 1537 1625 communi
1563 1591 1665 1624 modo

277 1657 453 1702 loquendi,
481 1662 559 1691 tune
587 1661 698 1691 autem
730 1659 875 1692 maxime
904 1657 960 1691 fiet
986 1657 1068 1691 talis
1096 1659 1299 1702 impressio.
1341 1659 1424 1702 quia
1449 1659 1553 1702 ignea
1579 1667 1664 1702 qua-

276 1724 356 1757 litas
392 1723 556 1757 abundat
625 1723 665 1758 Et
703 1724 767 1758 hoe
804 1724 885 1758 sat-it
919 1722 1077 1756 dominus
1103 1723 1146 1756 ad
1173 1728 1338 1757 terrorem
1365 1727 1585 1768 pet-catorum
1611 1724 1663 1758 vel

277 1789 399 1824 stellae
426 1789 584 1823 dicuntur
608 1790 753 1825 cadere,
796 1791 877 1834 quia
903 1790 1027 1834 igneas
1052 1800 1168 1823 eomas
1195 1792 1349 1824 emittent
1374 1790 1426 1823 vel
1454 1790 1570 1829 multi,
1608 1791 1663 1834 qui

276 1854 484 1889 videbantur
512 1856 655 1897 stellae,
699 1856 740 1889 de
767 1856 917 1889 eet-lesia
942 1855 1087 1890 cadent,
1136 1856 1187 1890 vei
1228 1858 1310 1900 quia
1348 1855 1525 1890 retrahent
1552 1855 1664 1889 lumen

277 1931 385 1957 suum,
416 1925 451 1954 ut
471 1923 604 1955 mininie
632 1922 823 1955 videantur.
875 1921 923 1955 lle
947 1925 1072 1966 quarto
1099 1923 1201 1967 signo
1228 1922 1319 1966 quod
1348 1923 1413 1956 erit
1438 1930 1605 1965 pressura
1630 1922 1664 1954 in

276 1987 379 2020 terris
392 1986 521 2031 legitur
537 1987 662 2022 Matth.
677 1987 826 2031 [XXIV]
839 1986 971 2021 XXlll:
1000 1986 1164 2021 Erittunc
1175 1987 1355 2021 tribulatio
1369 1987 1481 2032 qualis
1492 1997 1665 2032 nunquam

280 2051 343 2085 suit
366 2051 409 2085 ab
439 2053 536 2086 initio
563 2052 678 2086 mundi
705 2057 768 2087 ete.
798 2054 958 2092 Quintum
984 2054 1119 2097 signum
1147 2053 1280 2087 seilicet
1306 2053 1544 2088 confusionem
1561 2055 1666 2087 maris

278 2117 416 2161 (puidam
454 2120 653 2152 existimant
677 2128 776 2159 esse,
826 2118 918 2163 quod
944 2127 1038 2152 mare
1063 2129 1137 2151 (tum
1162 2129 1289 2163 magno
1324 2118 1466 2163 fragore
1493 2118 1622 2163 peribit
1645 2128 1666 2152 a

277 2183 428 2227 pristina
461 2184 630 2228 qualitate
666 2183 852 2217 seeundum
877 2183 961 2217 illud
998 2183 1145 2228 Apocal.
1172 2183 1274 2217 XXI:
1323 2187 1357 2217 et
1383 2194 1477 2218 mare
1499 2185 1571 2229 Jam
1599 2194 1664 2217 non

278 2252 350 2289 est3
376 2249 430 2282 vel
456 2249 640 2282 seeundmu
667 2249 756 2283 alios
784 2249 841 2283 ille
866 2259 1006 2282 somnus
1032 2250 1109 2289 erit,
1138 2250 1299 2293 quoniam
1325 2259 1393 2282 non
1409 2250 1484 2283 sine
1499 2260 1667 2283 min-mure

278 2323 403 2357 magno
440 2314 501 2348 XL
540 2314 675 2348 cubitus
710 2324 816 2358 super
849 2318 981 2347 montes
1016 2313 1211 2348 elevabitur
1236 2319 1269 2349 et
1294 2319 1419 2359 postea
1443 2315 1667 2359 deprimetur.

279 2379 340 2414 Vel
375 2379 418 2413 ad
454 2380 604 2414 litteram
635 2379 820 2413 secundum
855 2378 1081 2424 Gregorium:
1130 2383 1210 2413 tune
1246 2380 1309 2414 suit
1335 2390 1425 2415 nova
1451 2385 1486 2415 et
1510 2380 1670 2414 inaudita

280 2447 383 2479 maris
410 2449 443 2479 et
469 2446 627 2479 lint-tuum
651 2444 879 2489 perturbatio.
938 2445 1163 2491 Hieronymus
1192 2451 1305 2481 autem
1331 2448 1365 2480 in
1390 2445 1574 2481 annualibus
1600 2445 1665 2479 He-

281 2511 462 2545 braeorum
489 2512 618 2545 invenit
644 2510 707 2545 XV
733 2513 837 2557 signa
861 2512 1107 2556 praecedentia
1126 2512 1306 2557 judieium.
1357 2512 1427 2547 Sed
1450 2516 1560 2546 utrum
1585 2521 1666 2544 eou—

282 2578 374 2609 tinue
405 2576 518 2609 sutura
547 2578 613 2609 sint
641 2587 684 2610 an
710 2578 967 2623 interpolatim,
1006 2589 1072 2612 non
1099 2580 1284 2623 expressit.
1334 2578 1448 2613 l‘rinla
1473 2577 1527 2610 die
1554 2577 1667 2618 eriget

282 2653 318 2675 ,se
345 2651 438 2675 mare
468 2642 529 2675 ΧΙ,
556 2641 691 2675 cubitus
719 2654 824 2687 super
851 2644 1065 2679 altitudinem
1092 2646 1256 2679 montium
1284 2648 1380 2678 stans
1406 2645 1438 2676 in
1464 2643 1540 2676 loeo
1568 2644 1667 2687 quasi

281 2717 408 2741 murus.
459 2707 616 2740 Secunda
645 2707 699 2741 die
725 2712 854 2742 tantum
881 2708 1069 2745 descendet
1094 2714 1129 2744 ut
1158 2712 1212 2743 vix
1240 2709 1348 2743 rideri
1376 2709 1497 2752 possit.
1548 2707 1668 2742 'l'ertia
