1742 3005
293 126 371 164 (392
506 127 599 175 Cap..
635 124 767 161 CLVI,
837 124 894 160 De
926 130 1055 159 sancto
1087 123 1190 159 Luca
1221 122 1463 172 evangelista.

740 261 866 324 GAP.
902 258 1038 321 ctvl.
1083 261 1229 323 (151.)

479 364 576 407 De
608 362 826 407 saneto
856 361 1027 405 Luca
1056 357 1486 415 evangelista.

382 471 497 505 Lucas
533 471 781 514 interpretatur
819 471 895 514 ipse
932 479 1150 515 consurgens
1182 469 1232 504 vel
1271 469 1434 509 elevans,
1471 468 1522 502 vel
1554 468 1678 501 dicitur

292 537 406 571 Luc-as
432 546 451 569 a
479 534 566 569 luce.
617 534 694 580 Ipse
724 536 812 569 enim
839 535 904 569 suit
930 545 1146 581 consurgens
1174 534 1218 568 al)
1241 545 1359 569 amore
1384 533 1511 573 muudi,
1539 533 1679 567 elevans

294 612 331 635 se
358 603 390 635 in
417 611 567 635 amorem
596 600 670 636 Dei.
720 600 798 634 Fuit
820 602 922 635 etiam
951 600 1006 634 lux
1036 600 1151 635 mundi
1186 611 1248 640 eo,
1282 599 1373 645 quod
1410 598 1568 633 mundum
1601 597 1678 631 illu-

295 668 436 700 minavit
469 667 685 705 universum,
721 665 847 700 Manli.
881 665 942 701 V.:
979 675 1040 699 vos
1074 667 1159 699 estis
1192 666 1249 699 lux
1286 664 1411 698 mundi.
1460 664 1535 698 Lux
1568 666 1679 697 autem

296 732 412 766 mundi
436 735 491 765 est
516 731 593 774 ipse
628 731 692 763 sol.
740 730 836 769 Quae
873 730 1009 774 quidem
1049 731 1106 764 lux
1133 731 1238 765 babet
1265 732 1297 764 in
1324 732 1392 764 situ
1418 730 1679 764 sublimitatem.

297 798 387 833 Eccl.
423 795 554 830 XXVI:
596 795 649 829 sol
686 796 803 829 oriens
837 795 960 828 mundo
999 796 1031 828 in
1065 796 1247 829 altissimis
1275 796 1355 837 Dei;
1391 797 1422 829 in
1448 798 1593 839 aspectu
1619 793 1679 827 de-

298 863 580 900 lectabilitatem,
622 859 716 894 Eccl.
749 858 813 893 Xl:
858 860 959 894 dulce
1004 860 1115 894 lumen
1159 865 1193 894 et
1236 860 1445 895 delectabile
1481 864 1535 894 est
1567 859 1679 893 oeulis

299 929 416 964 videre
435 927 566 967 solem3
593 927 626 959 in
653 929 745 959 motu
772 924 1004 966 velocitatem,
1036 925 1116 968 ¹)II.
1135 924 1236 960 Esdr.
1263 924 1325 960 IV:
1359 935 1486 971 magna
1512 930 1565 959 est
1589 929 1682 959 terra

298 998 331 1029 et
357 993 528 1029 excelsum
558 996 611 1026 est
634 992 766 1026 coelum
794 995 828 1026 et
853 991 953 1026 velox
979 1002 1100 1027 cursus
1127 992 1235 1034 solis;
1271 993 1304 1025 in
1333 991 1456 1026 ellectu
1484 991 1679 1031 utilitatem,

299 1062 379 1105 quia
413 1057 600 1093 seeundum
634 1056 879 1101 philosophum
916 1056 1016 1090 homo
1051 1061 1198 1102 generat
1234 1056 1403 1091 bominem
1442 1060 1476 1090 et
1509 1057 1576 1092 sol.
1624 1055 1681 1090 Sic

298 1126 413 1160 Lucas
439 1123 561 1158 habuit
587 1122 834 1156 sublimitatem
860 1133 922 1166 per
945 1123 1146 1156 coelestium
1165 1122 1501 1167 contemplationem,
1528 1122 1681 1156 delecta·

300 1192 467 1226 bilitatem
500 1199 562 1233 per
597 1187 730 1221 dulcem
763 1189 1086 1229 conversationem,
1129 1188 1345 1223 velocitatem
1388 1198 1451 1232 per
1492 1188 1680 1222 ferventem

302 1255 617 1302 praedicationem,
644 1253 827 1287 utilitatem
856 1263 918 1297 per
943 1252 1123 1287 doctrinae
1149 1263 1234 1287 suae
1260 1255 1560 1298 conscriptionem.

389 1326 431 1358 1.
456 1320 571 1355 Lucas
593 1318 700 1363 Syrus
722 1319 862 1353 natione
883 1317 1121 1353 Antioclienus
1141 1323 1215 1352 arte
1237 1319 1388 1352 medicus
1407 1318 1471 1353 fuit
1494 1318 1680 1353 seeundum

300 1386 468 1435 quosdam
495 1394 582 1419 unus
608 1383 651 1418 de.
677 1383 806 1418 LXXII
838 1384 966 1418 ‹lomini
993 1385 1189 1430 discipulis.
1240 1384 1331 1418 Sane
1358 1394 1430 1417 cum
1456 1383 1681 1429 Hieronymus

300 1455 413 1494 dicat,
450 1461 523 1486 eum
551 1449 661 1484 l'uisse
689 1449 896 1494 discipulum
925 1451 1184 1496 apostolorum,
1219 1461 1285 1483 non
1311 1449 1461 1489 domini,
1498 1454 1532 1484 et
1557 1449 1682 1484 Glossa

299 1529 404 1564 super
437 1515 546 1551 Exod.
580 1514 678 1550 XXV
711 1519 825 1558 notet,
864 1517 955 1562 quod
991 1517 1130 1551 domino
1163 1515 1379 1560 praedicanti
1414 1526 1482 1549 non
1508 1515 1681 1553 adhaesit,

301 1584 362 1620 sed
389 1586 467 1628 post
493 1582 783 1615 resurrectionem
811 1583 886 1626 ejus
913 1582 958 1616 ad
987 1581 1087 1617 tidem
1114 1582 1228 1622 veuit,
1261 1582 1371 1625 inagis
1404 1581 1588 1616 tenemium
1616 1585 1681 1622 est,

300 1649 391 1697 quod
419 1658 485 1682 non
525 1645 628 1679 fuerit
661 1655 748 1679 nnus
784 1646 825 1681 de
862 1647 1010 1691 LXXII,
1047 1648 1128 1683 licet
1153 1647 1262 1692 aliqui
1290 1648 1341 1681 sie
1372 1646 1508 1681 fuet-tint
1535 1648 1679 1691 opinati.

299 1716 364 1757 Qui
392 1717 509 1748 tantae
545 1710 608 1744 suit
635 1709 861 1754 perfectionis
894 1712 927 1745 in
963 1715 1050 1753 vita,
1094 1717 1129 1746 ut
1170 1714 1297 1757 optime
1338 1713 1520 1746 ordinatus
1564 1712 1679 1752 suerit,

300 1783 462 1826 quantum
496 1777 539 1812 ad
572 1777 679 1811 Deum
706 1780 739 1810 et
763 1780 925 1821 quantum
950 1777 993 1811 ad
1020 1779 1210 1822 proximum
1246 1782 1278 1812 et
1305 1782 1468 1822 quantum
1494 1778 1536 1812 ad
1565 1788 1603 1812 se
1628 1779 1679 1822 ip-

299 1855 371 1879 sum
407 1848 441 1878 et
472 1847 633 1888 quantum
670 1842 712 1875 ad
744 1852 839 1876 suum
876 1841 1037 1877 ol'tieium.
1088 1842 1129 1876 Et
1157 1844 1189 1876 in
1223 1844 1358 1888 signum
1390 1843 1493 1888 liujus
1525 1842 1678 1887 quadru-

297 1910 401 1955 plicis
429 1908 660 1942 ordinationis
687 1911 836 1952 quatuor
861 1907 968 1942 facies
997 1907 1127 1943 habere
1153 1907 1374 1948 describitur,
1403 1908 1535 1942 seilicet
1557 1908 1678 1942 faciem

298 1974 446 2008 bominis
473 1976 505 2008 et
531 1973 655 2011 leonis,
683 1972 783 2006 bovis
811 1977 844 2006 et
868 1973 1019 2018 aquilae.
1071 1972 1259 2012 Quodlibet
1288 1975 1375 2007 enim
1403 1972 1446 2007 de
1472 1973 1679 2007 animalibus

298 2039 452 2073 babebat
478 2042 627 2083 quatuor
653 2037 761 2071 sat-ies
788 2042 821 2072 et
848 2042 997 2082 qliatuor
1022 2048 1173 2082 pennas,
1206 2043 1242 2072 ut
1267 2038 1394 2072 dieitur
1417 2037 1541 2074 Ezecli.
1566 2038 1590 2073 1.
1639 2037 1681 2073 Et

297 2109 334 2139 ut
359 2104 422 2138 boe
450 2103 573 2137 melius
602 2103 778 2144 videatur,
814 2098 1042 2149 imaginemur
1068 2103 1210 2148 aliquod
1239 2103 1389 2145 animal,
1427 2103 1518 2149 quod
1551 2103 1682 2138 habeat

295 2174 399 2215 caput
427 2168 654 2214 quadratum,
687 2172 724 2202 ut
750 2169 877 2214 lignum
907 2168 1130 2213 quadratum,
1167 2173 1201 2203 et
1233 2170 1266 2203 in
1301 2169 1458 2215 qualibet
1496 2168 1679 2214 superficie

295 2235 524 2280 imaginemur
548 2244 647 2267 unam
675 2233 816 2275 faciem,
843 2244 863 2268 a
889 2239 988 2279 parte
1014 2236 1180 2268 anteriori
1209 2235 1331 2269 faciem
1360 2235 1521 2276 hominis,
1549 2245 1571 2269 a
1594 2234 1678 2269 dex-

294 2302 357 2335 tris
391 2299 514 2333 l'aciem
550 2298 683 2340 leonis,
725 2309 747 2333 a
778 2301 930 2334 sinistris
968 2300 1092 2334 faeiem
1139 2300 1257 2342 vituli,
1299 2310 1319 2334 a
1349 2304 1449 2345 parte
1489 2301 1678 2345 posteriori

296 2366 417 2400 l'ariem
436 2364 586 2410 aquilae.
615 2363 703 2403 Quia
724 2375 805 2399 vero
826 2365 936 2400 facies
954 2365 1093 2410 aquilae
1113 2375 1219 2410 snper
1236 2366 1326 2400 alias
1343 2365 1517 2400 eminebat
1535 2369 1678 2410 propter

292 2431 372 2465 colli
399 2429 685 2475 productionem,
721 2430 811 2475 quod
848 2431 881 2464 in
917 2440 959 2464 ea
994 2431 1133 2477 longum
1170 2435 1235 2474 est,
1285 2431 1364 2465 ideo
1400 2431 1546 2472 dicitur,
1583 2429 1674 2474 quod

293 2500 366 2530 erat
392 2495 555 2540 desuper.
591 2494 781 2534 Quodlibet
798 2497 902 2530 etiam
922 2497 1042 2530 luorum
1063 2501 1212 2542 quatuor
1233 2506 1363 2541 pennas
1384 2495 1549 2536 babebat,
1577 2496 1671 2539 quia,

290 2571 363 2594 eum
392 2560 573 2605 quodlibet
598 2560 723 2594 animal
751 2563 853 2606 quasi
879 2562 1084 2607 quadratum
1123 2564 1350 2608 imaginemur
1378 2565 1411 2597 et
1443 2562 1474 2594 in
1500 2558 1671 2604 quadrato

290 2626 359 2658 sint
379 2629 529 2669 quatuor
550 2625 682 2670 anguli,
701 2627 733 2659 in
753 2627 911 2671 quolibet
930 2628 1059 2674 angulo
1081 2632 1157 2663 erat
1177 2638 1244 2663 una
1263 2636 1390 2673 penna.
1419 2625 1482 2659 Per
1501 2625 1566 2658 ista
1587 2635 1671 2670 qua-

358 2722 383 2752 l)
404 2725 495 2746 Locus
517 2721 623 2749 vita-ins
643 2723 670 2748 in
692 2723 777 2755 Vulg.
800 2724 816 2749 Ι.
840 2723 860 2750 l.
883 2733 940 2751 non
960 2724 1096 2751 occurrit.
