1742 3005
408 129 503 180 Cap.
535 129 688 166 CLXX.
748 128 806 166 De
838 134 967 165 saneto
999 127 1211 165 Clemente.
1421 127 1502 165 779

115 244 209 269 mens
244 234 389 269 orbatus
425 237 523 271 stetit
557 247 619 271 nec
655 236 698 271 de
733 239 834 281 patre
871 235 924 270 vel
958 232 1001 268 de
1034 236 1144 267 matre
1179 232 1233 267 vel
1268 231 1310 267 de
1337 231 1502 267 fratribus

114 299 258 345 aliquod
286 300 447 336 indicium
477 303 633 337 invenire
658 302 783 347 potuit.
832 300 912 345 lpse
937 303 1049 334 autem
1079 299 1238 333 Clemens
1267 298 1383 332 studio
1408 298 1503 332 litte-

116 375 230 400 rarum
263 376 301 400 sc
333 367 481 402 contulit
513 373 547 402 et
580 377 744 402 summum
788 364 1036 410 philosophiae
1080 365 1213 408 apicem
1259 363 1502 408 apprehendit.

115 430 351 467 Desiderabat
377 437 490 467 autem
517 432 740 468 vehementer
767 435 801 465 et
826 429 985 464 studiose
1011 429 1223 474 quaerebat,
1260 430 1412 474 qualiter
1435 428 1503 463 sibi

116 498 251 532 animae
298 498 539 532 innnortalitas
585 496 791 542 persuaderi
831 498 962 538 posset.
1019 493 1071 528 Ob
1109 494 1176 527 hoc
1213 493 1503 538 philosophorum

117 562 260 597 scholas
286 573 424 607 semper
448 562 569 596 adibat
596 566 631 596 et
656 560 847 606 siquidem,
878 559 969 605 quod
996 559 1199 592 immortalis
1227 562 1339 601 esset,
1367 558 1502 593 obtine-

118 627 239 670 batur,
264 627 456 674 gaudebat,
484 629 514 662 si
541 626 679 672 quando
708 637 803 669 vero,
830 625 921 672 quod
947 626 1104 659 mortalis
1131 628 1245 667 esset,
1270 623 1506 659 concludeba-

117 697 191 736 tur,
216 694 328 727 tristis
357 692 576 728 discedebat.
624 692 782 737 Denique
815 702 890 726 cum
917 691 1100 726 Barnabas
1126 691 1265 726 Romam
1293 692 1448 725 venisset
1473 694 1508 725 et

115 757 215 793 fidem
251 757 380 792 Christi
415 758 658 803 praedicaret,
705 756 911 802 philosophi
955 768 1030 792 eum
1073 762 1245 802 tamquam
1281 757 1438 790 insanum
1474 760 1508 790 et

116 828 288 860 amentem
313 823 534 859 deridebant.
582 821 678 858 Unde
705 828 739 858 ct
768 823 921 869 quidam,
948 824 1006 869 qui
1032 822 1217 857 secundnm
1245 811 1420 867 quosdam
1444 822 1508 856 l'uit

118 889 277 924 Clemens
305 888 558 935 philosophus,
593 891 650 934 qui
686 900 761 924 eum
796 891 906 933 primo
942 891 1032 923 sicut
1062 889 1121 922 alii
1159 887 1343 923 deridebat
1372 892 1406 923 et
1431 890 1508 933 ejus

118 955 415 1000 praedicationem
449 954 713 997 contemnebat,
759 955 863 989 talem
899 955 1138 1000 quaestionem
1172 963 1235 998 pro
1269 953 1386 987 derisu
1418 953 1507 988 Bar-

118 1021 233 1056 nabae
259 1020 341 1056 fecit
366 1021 505 1055 dicens:
542 1031 615 1054 cum
643 1020 742 1055 culex
768 1020 896 1054 animal
923 1021 969 1054 sit
995 1021 1177 1066 exignum,
1205 1018 1287 1064 quid
1313 1023 1387 1061 est,
1415 1020 1507 1065 quod

119 1096 182 1121 sex
206 1086 315 1131 pedes
339 1086 448 1121 habet
474 1090 507 1121 et
534 1087 677 1131 insuper
704 1086 780 1120 alas
806 1085 984 1130 possidet,
1020 1085 1165 1130 elephas
1191 1089 1328 1126 autem,
1362 1096 1435 1119 cum
1463 1086 1510 1119 sit

104 1152 267 1190 „immane
293 1153 442 1195 animal,
478 1163 540 1188 nec
564 1153 639 1187 alas
666 1152 824 1197 possidet
850 1156 883 1186 et
907 1156 1037 1185 tantum
1063 1156 1212 1197 quatuor
1238 1150 1347 1195 pedes
1373 1150 1510 1185 habet?

119 1216 184 1252 Cui
207 1217 412 1253 Barnabas:
445 1219 562 1260 stulte,
588 1225 669 1253 tuae
695 1219 893 1264 quaestioni
921 1217 1135 1263 respondere
1162 1216 1330 1262 perfacile
1357 1227 1508 1262 possem,

119 1284 151 1317 si
177 1285 334 1318 veritatis
359 1295 468 1319 causa
497 1284 687 1319 discendae
714 1294 883 1330 quaerere
912 1283 1103 1326 videreris,
1134 1283 1194 1317 sed
1222 1294 1312 1317 nunc
1340 1282 1382 1317 de
1408 1293 1508 1317 crea-

118 1350 208 1383 turis
235 1349 335 1384 vobis
362 1350 479 1385 dicere
504 1350 638 1395 aliquid
665 1349 854 1384 absurdum
884 1353 954 1391 est,
992 1360 1066 1383 cum
1100 1359 1121 1383 a
1147 1349 1247 1384 vohis
1273 1353 1509 1384 creaturarum

120 1415 283 1449 conditor
316 1416 517 1462 ignoretur3
553 1417 635 1461 quia
661 1418 749 1450 enim
783 1419 977 1450 creatorem
1010 1426 1077 1449 non
1113 1417 1349 1461 cognoscitis,
1377 1416 1510 1460 justum

121 1484 196 1524 est,
229 1485 266 1515 ut
297 1482 331 1515 in
364 1483 535 1516 creaturis
571 1482 708 1516 erretis.
758 1481 828 1515 Hoc
866 1481 1006 1516 verbum
1041 1481 1139 1515 cordi
1174 1481 1361 1515 Clementis
1391 1480 1508 1526 philo-

120 1546 222 1591 sophi
251 1547 353 1581 valde
378 1547 550 1590 inhaesit,
585 1549 634 1581 ita
665 1547 757 1593 quod
796 1546 896 1582 fidem
923 1547 1053 1581 Christi
1083 1548 1272 1581 instructus
1303 1557 1324 1581 a
1347 1546 1511 1581 Barnaba

120 1613 255 1657 recepit
280 1616 314 1647 et
340 1613 374 1647 in
399 1612 569 1648 ,Iudaeam
596 1613 639 1647 ad
665 1613 801 1648 Petrum
829 1613 1046 1658 postmodum
1074 1615 1296 1658 properavit,
1325 1623 1423 1658 quem
1451 1612 1511 1647 ille

121 1677 164 1712 de
192 1677 259 1713 fide
286 1678 416 1713 Christi
444 1680 606 1713 instruxit
631 1683 664 1714 et
685 1681 820 1714 animae
839 1680 1134 1714 innuortalitatem
1154 1679 1336 1714 evidenter
1357 1678 1509 1713 edocuit.

119 1742 172 1778 Eo
197 1747 353 1789 tempore
379 1744 505 1789 Syrnon
532 1755 654 1790 magus
681 1744 768 1779 duos
801 1745 996 1790 discipulos
1031 1745 1201 1787 habebat,
1237 1746 1374 1780 scilicet
1400 1746 1510 1791 Aqui-

122 1808 188 1843 lam
217 1814 251 1844 et
276 1809 451 1853 Nieetam,
488 1812 546 1856 qui
574 1812 650 1856 eJus
680 1810 843 1846 fallacias
870 1816 1104 1857 agnoscentes
1132 1823 1207 1846 eum
1235 1812 1450 1857 reliquerunt
1478 1816 1512 1846 et

121 1876 165 1910 ad
200 1875 338 1911 Petrum
372 1876 606 1923 confugerunt
644 1881 678 1912 et
711 1878 788 1923 ejus
815 1877 980 1923 discipuli
1006 1883 1087 1913 sunt
1112 1878 1239 1914 effecti.
1290 1877 1370 1911 Cum
1397 1882 1511 1912 antem

120 1941 245 1977 Petrus
271 1942 479 1977 Clementem
506 1942 550 1977 de
574 1952 639 1977 sua
663 1945 922 1990 interrogasset
954 1946 1145 1991 progenie,
1183 1945 1260 1986 ille,
1296 1944 1379 1990 quid
1412 1946 1512 1979 matri

122 2011 157 2042 et
182 2007 349 2042 fratribus
378 2012 412 2043 et
437 2009 527 2052 patri
553 2008 742 2051 acciderit,
769 2020 832 2054 per
856 2009 1011 2044 ordinem
1039 2012 1218 2045 enarravit
1243 2010 1389 2053 addens,
1418 2011 1511 2056 quod

123 2071 313 2114 credebat,
347 2072 441 2117 quod
466 2077 576 2106 mater
600 2083 673 2106 cum
700 2074 869 2108 fratribus
897 2076 931 2108 in
956 2076 1041 2108 mari
1072 2077 1273 2119 periissent,
1303 2080 1404 2120 pater
1431 2086 1512 2110 vero

124 2141 184 2172 aut
226 2147 383 2172 moerore
423 2141 484 2171 aut
523 2137 684 2172 similiter
726 2138 914 2184 naufragio
961 2141 1166 2174 interiisset.
1225 2140 1323 2180 Quod
1365 2140 1512 2175 audiens

123 2203 248 2239 Petrus
282 2203 452 2248 lacrymas
485 2203 665 2238 continere
698 2214 765 2237 non
792 2205 915 2248 potuit.
965 2204 1120 2244 Quadam
1147 2209 1260 2240 autem
1288 2207 1363 2240 vice
1388 2206 1513 2241 Petrus

124 2279 200 2304 cum
227 2269 410 2314 discipulis
437 2270 511 2302 suis
542 2268 800 2314 ¹)Antandrum
828 2273 861 2303 et
881 2268 960 2304 inde
987 2270 1030 2304 ad
1057 2271 1203 2306 insulam
1223 2283 1285 2316 per
1304 2282 1366 2307 sex
1387 2273 1512 2307 millia-

124 2338 178 2370 ria
199 2334 403 2376 distantem,
430 2335 463 2387 in
490 2344 559 2379 qua
586 2334 788 2370 Macidiana
814 2340 924 2370 mater
950 2336 1136 2371 Clementis
1161 2338 1381 2381 morabatur,
1408 2340 1513 2381 venit,

125 2400 183 2435 ubi
206 2399 375 2446 quaedam
398 2390 579 2435 columnae
600 2402 774 2445 ²)vitreae
793 2403 900 2437 mirae
916 2402 1167 2448 magnitudinis
1186 2408 1295 2438 crant.
1325 2404 1419 2444 Quas
1439 2414 1513 2439 cum

125 2466 250 2502 Petrus
277 2476 351 2500 cum
377 2467 528 2501 caeteris
554 2468 751 2510 miraretur,
782 2467 904 2502 videus
932 2470 1042 2513 ipsam
1069 2469 1333 2512 mendicantem,
1361 2480 1423 2504 cur
1446 2481 1514 2504 non

128 2533 244 2577 potius
263 2532 337 2566 suis
351 2531 508 2566 manibus
529 2537 747 2576 operaretur,
767 2534 973 2578 increpavit.
1015 2533 1112 2574 Quae
1134 2535 1336 2579 respondit:
1361 2538 1514 2581 speciem

126 2601 280 2640 tantum,
318 2597 475 2640 domine,
511 2597 625 2633 haheo
661 2609 840 2642 manuum,
879 2610 968 2645 quae
1002 2602 1087 2636 ineis
1124 2601 1176 2635 sic
1203 2604 1283 2635 sunt
1308 2601 1514 2651 debilitatae

195 2700 223 2733 1)
242 2699 297 2727 Ed..
316 2699 471 2732 1’r.l‹÷git:
499 2708 579 2727 cum
604 2698 820 2734 discipulis
847 2700 928 2727 suis
954 2701 1164 2729 Antaradis
1187 2706 1224 2729 et
1250 2703 1372 2730 ‚lubae
1392 2703 1439 2730 ad
1458 2708 1514 2733 etc.

127 2743 187 2772 Alii
204 2745 271 2773 loco
288 2744 373 2773 vocis
392 2744 633 2773 Antandrum
654 2743 797 2773 oss'erunt:
816 2746 1067 2777 Antaradum.
1103 2748 1131 2781 2)
1148 2748 1514 2782 llocadj.011iiuitEd.r1.
