1742 3005
396 113 493 163 Cap.
524 110 625 148 XtV.
684 110 743 147 De
782 110 988 162 epiphania
1015 109 1172 147 domiui.
1420 114 1469 149 57

91 216 348 260 observabant,
388 221 423 251 ut
448 216 561 251 focum
585 215 627 251 de
651 215 753 250 domo
782 224 846 250 sua
871 214 925 250 vel
952 214 1047 249 aliud
1074 213 1302 260 quodcunque
1326 214 1469 249 benefa-

87 287 174 318 ctum
198 283 341 319 cuilibet
367 284 499 329 petenti
522 293 591 316 non
615 281 819 316 tribuerent.
847 279 1059 325 Dyabolicas
1085 281 1189 314 etiam
1218 281 1250 322 ¹)
1270 282 1407 314 strenas
1436 286 1470 314 et

87 349 130 384 ab
157 349 236 384 aliis
260 349 436 395 accipiunt
459 353 495 384 et
517 348 597 382 aliis
621 346 772 381 tradunt.
813 346 884 380 Alii
912 347 945 380 in
969 349 1070 380 noete
1095 354 1233 380 mensas
1256 344 1350 380 laute
1366 355 1467 390 prae—

88 419 214 460 parant
237 418 272 451 et
296 417 347 450 sie
369 418 445 449 tota
469 418 568 448 noete
593 422 732 447 manere
758 414 893 453 sinunt,
927 394 1130 453 eredentes,
1159 410 1252 456 quod
1274 420 1338 455 per
1360 414 1466 445 totum

88 491 212 515 annum
236 482 399 516 convivia
421 482 456 514 in
480 479 543 514 tali
571 478 638 513 sibi
666 476 880 511 abundantia
904 480 1140 520 perseverent.
1187 475 1233 510 Et
1252 463 1373 510 'subdit
1398 477 1469 512 Au-·

87 548 268 593 gustinus:
306 547 365 591 qui
390 546 431 580 de
455 554 671 590 paganorum
696 541 945 576 consuetudine
972 540 1106 586 aliquid
1131 540 1321 575 ohservare
1350 541 1466 576 volue-

87 614 152 655 rit,
192 614 226 654 ²)
250 610 435 645 timendum
461 613 535 651 est,
577 619 618 643 ne
646 618 767 642 nomen
790 606 973 641 christiani
999 608 1030 641 ei
1055 606 1225 651 prodesse
1251 616 1319 639 non
1343 608 1467 650 possit.

86 678 151 718 Qui
183 678 287 711 etiam
323 675 438 711 stultis
474 673 669 709 hominibus
703 671 900 707 ludentibus
937 672 1088 718 aliquam
1122 671 1369 706 humanitatem
1405 673 1469 705 im-

86 742 268 788 penderit,
300 742 435 787 peceati
458 751 578 775 eorum
603 740 807 784 participem
832 749 870 773 se
896 749 974 774 esse
1000 748 1068 772 non
1093 737 1246 772 dubitet:
1279 736 1380 772 vohis
1406 747 1465 771 au-

86 814 171 851 tem,
209 808 355 850 fratres,
387 817 455 841 non
481 805 650 848 sufficiat,
688 804 779 850 qnod
804 815 872 838 non
898 803 963 839 hoe
988 804 1113 838 malum
1139 804 1276 846 facitis,
1303 802 1365 838 sed
1392 802 1465 837 uhi*

84 884 218 920 cunque
244 874 317 909 fieri
333 871 509 913 videbitis,
536 872 689 918 arguite,
714 872 895 917 corrigite,
921 872 1107 917 castigate⁴
1134 868 1225 905 Haec
1238 869 1466 916 Augustinus

621 1127 746 1190 GAP.
802 1127 914 1188 xlv.

379 1231 478 1274 De
517 1226 865 1284 epiphania
909 1224 1168 1271 domini.

173 1336 373 1383 Epiphania
398 1337 528 1371 domini
554 1336 772 1382 quadruplici
808 1336 994 1370 decoratur
1025 1334 1193 1368 miraculo
1220 1336 1255 1366 et
1277 1330 1356 1365 ideo
1383 1342 1452 1375 qua

85 1402 233 1447 drupliei
257 1402 428 1438 vocabulo
450 1406 678 1446 nuncupatur.
735 1401 845 1435 Hodie
870 1402 959 1435 enim
986 1401 1080 1445 magi
1104 1397 1278 1433 Christum
1305 1395 1466 1437 adorant,

82 1468 260 1504 Johannes
293 1467 465 1503 Christum
500 1466 679 1512 baptizat,
731 1477 856 1512 aquam
889 1468 924 1499 in
957 1466 1069 1500 vinum
1106 1463 1265 1498 Christus
1299 1465 1409 1495 mutat
1436 1464 1468 1495 et

85 1535 235 1579 quinque
258 1533 367 1567 millia
392 1532 565 1566 hominum
589 1532 631 1567 de
658 1534 809 1577 quinque
834 1532 983 1576 panibus
1009 1532 1126 1564 satiat.
1184 1529 1266 1563 Cum
1293 1527 1383 1561 enim
1408 1525 1466 1561 Je-

83 1609 143 1633 sus
167 1601 264 1633 esset
294 1597 461 1633 tredecim
494 1597 625 1632 dierum
641 1626 649 1639 ,
703 1599 795 1643 magi
829 1597 873 1632 ad
900 1607 974 1631 eum
1001 1596 1105 1630 stella
1131 1595 1216 1628 duee
1242 1595 1410 1627 venerunt
1436 1595 1467 1625 et

84 1663 163 1699 inde
189 1663 314 1698 dieitur
334 1663 534 1709 EpiphanIa
557 1663 601 1697 ab
627 1665 704 1708 epi,
732 1663 822 1709 quod
850 1666 903 1697 est
926 1671 1054 1706 supra,
1081 1664 1115 1695 et
1140 1659 1299 1705 phanos,
1325 1657 1468 1701 appari-

83 1731 153 1773 tio,
203 1730 286 1775 quia
315 1733 395 1763 tune
419 1729 570 1774 desuper
594 1729 698 1764 stella
722 1730 887 1774 apparuit
911 1731 984 1763 sive
1011 1729 1087 1773 ipse
1116 1726 1275 1761 Christus
1297 1733 1361 1768 per
1384 1721 1468 1756 stel-

84 1796 173 1838 lam,
217 1805 307 1841 quae
331 1794 483 1840 desuper
508 1795 586 1829 visa
611 1798 683 1838 est,
733 1797 846 1841 magis
871 1804 974 1830 verus
998 1793 1091 1828 Deus
1117 1792 1374 1826 demonstratus
1400 1791 1465 1821 est.

83 1861 213 1896 Eadem
249 1860 305 1896 die
338 1860 509 1896 revolutis
539 1861 665 1906 viginti
696 1871 819 1896 novem
854 1862 953 1895 annis
988 1869 1063 1893 eum
1083 1859 1156 1902 Jam
1181 1866 1307 1891 annum
1330 1854 1466 1888 tricesi-

84 1937 173 1961 mum
196 1928 387 1973 attigisset,
414 1928 496 1972 quia
521 1925 676 1962 habehat
699 1928 823 1972 viginti
850 1936 972 1961 novem
1002 1935 1112 1959 annos
1139 1921 1353 1958 ettredeeim
1372 1918 1467 1960 dies3

83 1996 160 2028 erat
184 1994 274 2027 enim
296 1993 466 2037 incipiens
491 1994 593 2037 quasi
616 2002 783 2027 annorum
807 1993 972 2038 triginta,
996 1995 1033 2025 ut
1057 1990 1141 2024 dicit
1165 1989 1301 2029 Lucas,
1328 1985 1384 2020 vel
1412 1994 1469 2018 se-

84 2057 230 2092 eundum
254 2057 402 2092 Bodam:
426 2057 580 2092 habehat
602 2058 749 2104 triginta
776 2067 886 2092 annos
914 2058 1051 2102 plenos,
1079 2055 1171 2101 quod
1193 2058 1228 2090 et
1246 2059 1391 2087 romana
1411 2058 1464 2084 ec-

83 2124 193 2159 elesia
216 2124 353 2158 asserit.
404 2122 522 2166 Tunc,
547 2124 708 2168 inquam,
734 2125 768 2158 in
791 2122 946 2159 ,Iordane
970 2122 1171 2167 baptizatus
1197 2122 1250 2154 est
1276 2121 1310 2152 et
1333 2116 1377 2150 ob
1402 2114 1467 2149 hoe

86 2192 232 2225 vocatur
246 2187 479 2234 Theophania
506 2198 528 2223 a
552 2187 667 2232 theos,
694 2188 787 2234 quod
813 2192 867 2224 est
880 2189 985 2231 Deus,
1013 2192 1047 2223 et
1074 2198 1095 2221 a
1120 2186 1268 2232 phanes,
1295 2181 1387 2233 quod
1414 2184 1468 2215 est

84 2256 279 2301 apparitio,
307 2256 391 2300 quia
413 2258 494 2288 tune
514 2258 592 2288 tota
611 2255 750 2289 trinitas
777 2255 960 2300 apparuit,
998 2257 1100 2299 pater
1126 2254 1159 2286 in
1184 2259 1290 2292 voce,
1317 2248 1408 2282 filius
1434 2246 1468 2278 in

84 2329 208 2362 earne,
234 2321 377 2365 spiritus
404 2321 439 2354 in
463 2319 644 2355 columbae
668 2321 798 2365 speeie.
845 2319 926 2364 Ipso
951 2321 1072 2354 iterum
1100 2318 1179 2360 die,
1214 2314 1374 2351 revoluto
1401 2321 1468 2344 uno

85 2395 188 2428 anno,
212 2395 287 2419 eum
307 2389 402 2419 esset
423 2386 571 2431 triginta
593 2385 648 2420 vel
672 2387 820 2431 triginta
843 2386 944 2419 unius
971 2394 1137 2419 annorum
1165 2386 1198 2418 et
1211 2379 1376 2415 tredecim
1393 2375 1466 2409 die-

88 2461 175 2493 rum,
201 2459 327 2496 aquam
354 2450 386 2483 in
409 2450 524 2484 vinum
548 2452 694 2485 mutavit
719 2455 753 2485 et
778 2450 821 2484 ob
848 2450 914 2484 hoe
938 2453 1083 2484 vocatur
1106 2447 1294 2486 Bethania,
1322 2453 1343 2477 a
1370 2440 1464 2488 beth,

86 2515 178 2562 quod
203 2519 257 2551 est
281 2514 414 2556 domus,
442 2516 525 2559 q-uia
548 2516 714 2550 miraculo
742 2516 834 2550 saeto
862 2516 895 2549 in
921 2514 1022 2549 domo
1051 2523 1154 2548 verus
1171 2512 1265 2547 Deus
1290 2507 1465 2555 apparuit

161 2683 188 2714 ι)
207 2681 259 2708 Ed.
279 2685 323 2709 l'r.
344 2680 429 2713 legit:
460 2689 614 2712 scenas,
643 2680 728 2707 male.
840 2682 868 2712 ι’)
887 2683 940 2706 l’ro
961 2688 1051 2706 voce:
1078 2676 1288 2705 timendum
1309 2673 1392 2702 offeri
1415 2672 1465 2699 Ed,

87 2730 129 2755 Pr.
148 2729 298 2753 tantum
319 2725 431 2754 i‹le1n;
453 2725 543 2760 paulo
562 2729 629 2759 post
651 2734 720 2760 pro:
742 2723 1019 2751 humanitatem
1040 2721 1169 2758 praefert
1188 2720 1455 2749 humilitatow
