1742 3005
300 119 382 161 558
579 120 673 168 Cap.
707 117 877 154 cxxiv.
937 118 995 154 De
1026 124 1156 154 saneto
1187 117 1409 167 Augustino.

301 226 355 258 sui
380 223 493 265 silias,
527 231 616 267 quae
648 220 722 256 Deo
755 222 889 266 pariter
917 220 1137 263 serviebant,
1172 232 1287 256 secum
1318 221 1480 256 habitare
1516 221 1684 265 permisit.

299 288 450 323 Dicebat
473 289 582 330 enim,
611 286 727 332 quod,
763 288 830 322 etsi
855 287 897 322 de
922 297 1046 321 sorore
1072 290 1106 320 et
1129 286 1315 331 nepotibus
1339 288 1435 321 nulla
1461 287 1541 321 mali
1567 291 1690 332 posset

300 355 386 387 oriri
407 354 578 398 suspicio,
605 356 720 387 tamen
740 354 820 398 quia
843 353 933 386 tales
962 361 1137 396 personae
1167 353 1244 386 sine
1271 351 1351 385 alils
1378 353 1448 386 sibi
1475 353 1688 387 necessariis

300 429 379 454 esse
406 429 474 453 non
500 423 645 463 possent
669 423 702 454 et
728 418 773 453 ad
799 429 859 453 eas
886 419 988 452 etiam
1015 417 1075 450 alii
1100 416 1342 459 adventarent,
1368 427 1410 451 ex
1448 417 1518 451 illis
1543 423 1690 462 possent

300 484 507 519 infirmiores
528 489 588 519 ant
611 484 768 518 humanis
793 483 1046 519 tentationibus
1073 484 1280 517 commoveri
1307 487 1367 517 aut
1390 487 1482 518 certe
1499 482 1600 517 malis
1625 483 1689 518 ho-

299 552 425 584 minum
460 551 720 595 suspicionibus
757 550 931 584 infamari.
980 548 1159 594 Nunquam
1196 559 1270 583 cum
1297 548 1441 583 muliere
1469 548 1566 583 solus
1595 548 1690 594 loqui

299 616 462 658 volebat,
494 618 565 650 nisi
589 621 758 651 secretum
795 614 940 661 aliquod
969 616 1168 649 interesset.
1219 614 1499 660 consanguineis
1528 615 1578 648 sic
1603 614 1690 649 bene

301 682 396 723 fecit,
428 693 496 715 non
530 686 567 715 ut
594 682 737 716 divitias
763 681 952 723 haberent,
980 680 1043 714 sed
1068 685 1106 714 ut
1131 683 1188 713 aut
1215 691 1283 714 non
1311 684 1371 714 aut
1395 682 1506 714 minus
1533 684 1689 726 egerent.

300 746 492 791 Raro'pro
523 747 641 791 aliquo
675 750 735 780 aut
760 746 887 779 litteris
920 750 980 779 aut
1005 746 1121 780 verbis
1150 745 1365 780 intercedere
1391 746 1554 789 volebat,
1588 757 1690 781 reco-

300 812 376 848 lens
403 812 572 857 quendam
597 811 845 857 philosophum
874 811 1166 855 contemplatione
1199 810 1312 845 famae
1344 813 1464 845 amicis
1490 823 1557 846 non
1585 813 1691 847 muita

301 879 546 923 praestitisse,
573 882 607 912 et
633 887 741 921 saepe
768 876 926 910 dicebat:
952 876 1153 921 plerumque
1179 880 1360 920 potestas,
1385 887 1475 921 quae
1504 879 1690 922 ¹)petitnr‚

301 945 440 989 premit.
488 944 569 978 Cum
597 947 710 977 antem
737 942 772 976 id
799 942 972 984 faciebat,
999 943 1049 976 sic
1076 942 1197 986 stylum
1225 941 1464 986 temperabat,
1501 948 1538 978 ut
1565 955 1691 979 onero-

302 1020 362 1045 sus
404 1021 474 1044 non
517 1013 633 1050 esset,
685 1007 747 1042 sed
793 1012 986 1042 mereretur
1029 1008 1230 1042 urbanitate
1276 1008 1473 1042 dictaminis
1518 1010 1691 1045 exaudiri.

300 1075 453 1110 Volebat
493 1076 610 1119 potius
646 1075 736 1108 inter
769 1075 929 1119 ignotos,
965 1083 1065 1119 quam
1103 1075 1193 1108 inter
1225 1076 1355 1108 amicos
1397 1084 1522 1108 causas
1557 1075 1690 1117 andire,

302 1140 435 1182 dicens,
462 1141 545 1184 quia
571 1140 662 1173 inter
689 1139 768 1173 illos
795 1144 934 1184 poterat
960 1139 1070 1174 libere
1096 1141 1247 1184 iniquum
1276 1150 1504 1185 cognoscere,
1532 1145 1566 1175 et
1590 1152 1693 1175 unum

303 1216 346 1241 ex
377 1206 433 1240 his
466 1206 612 1239 amicum
646 1208 740 1238 esset
775 1204 953 1247 facturus,
986 1215 1050 1249 pro
1083 1216 1151 1250 quo
1188 1206 1324 1239 scilicet
1345 1207 1486 1250 justitia
1518 1206 1692 1241 mediante

304 1272 511 1306 sententiam
548 1270 666 1311 daret,
702 1281 743 1304 ex
769 1271 888 1304 amicis
921 1281 1004 1305 vero
1040 1274 1134 1304 esset
1168 1281 1267 1304 unum
1302 1272 1521 1315 perdituruS,
1557 1272 1695 1307 scilicet

304 1341 426 1370 contra
459 1347 558 1382 quem
589 1335 765 1380 proferret
799 1337 1019 1370 sententiam.
1069 1336 1098 1370 A
1136 1336 1251 1369 multis
1288 1337 1447 1371 ecclesiis
1482 1338 1694 1372 invitabatur

303 1406 338 1436 et
364 1403 414 1437 ibi
439 1402 579 1436 verbum
606 1402 734 1436 domini
761 1402 993 1446 praedicabat
1021 1406 1054 1436 et
1080 1402 1206 1436 multos
1232 1401 1275 1435 ab
1304 1412 1424 1437 errore
1453 1404 1690 1439 convertebat..

302 1467 503 1513 Aliquando
537 1477 559 1501 a
594 1468 779 1512 proposi-to
806 1468 1060 1513 digressionem
1094 1467 1210 1502 facere
1237 1473 1466 1503 consueverat
1491 1470 1523 1503 in
1548 1471 1690 1515 praedi-

302 1535 441 1568 catione
474 1537 509 1568 et
538 1537 621 1567 tunc
654 1532 815 1575 dicebat,
847 1534 956 1568 Deum
991 1533 1057 1567 hoc
1091 1532 1135 1567 ad
1167 1533 1360 1577 profectum
1393 1535 1517 1569 salutis
1543 1536 1691 1582 alicujus

304 1599 502 1640 ordinasse,
530 1599 619 1632 sicut
647 1600 681 1632 in
707 1599 858 1644 quodam
886 1598 1209 1641 ²)ltianichaeorum
1235 1601 1458 1644 negotiatore
1483 1603 1607 1646 patuit,
1634 1605 1691 1648 qui

303 1667 338 1699 in
364 1663 628 1710 praedicatione
656 1664 804 1708 quadam
832 1665 1041 1708 Augustini,
1075 1664 1135 1697 ubi
1167 1667 1242 1709 ipse
1277 1665 1531 1711 digressionem
1558 1669 1691 1704 faciens

303 1735 427 1765 contra
459 1730 549 1764 hunc
580 1740 733 1764 errorem
761 1729 1049 1774 praedicaverat,
1089 1740 1279 1765 conversus
1314 1731 1389 1766 suit.
1439 1732 1490 1767 Eo
1521 1738 1690 1780 tempore,

304 1797 382 1831 dum
421 1794 526 1829 Gothi
562 1795 704 1830 Romam
737 1796 936 1840 cepissent,
973 1794 1193 1838 ydololatrae
1234 1800 1268 1841 et
1300 1795 1458 1831 infideles
1489 1798 1691 1833 christianis

303 1862 488 1906 plurimum
513 1860 748 1902 insultabant,
785 1864 930 1905 propter
960 1860 1051 1904 quod
1088 1860 1305 1905 Augustinus
1330 1861 1453 1895 librum
1482 1862 1524 1897 de
1550 1865 1692 1899 civitate

302 1927 369 1962 Dei
402 1928 613 1971 composuit,
649 1927 683 1959 in
715 1936 782 1970 quo
810 1926 926 1970 justos
961 1926 994 1959 in
1029 1925 1094 1959 hac
1126 1927 1197 1959 vita
1231 1926 1360 1961 debere
1393 1929 1521 1971 premi,
1566 1930 1691 1974 impios

304 1995 418 2026 autem
446 1992 572 2025 llorere
598 1990 769 2033 ostendit,
799 1990 858 2023 ubi
891 1990 933 2024 de
970 1989 1102 2034 duplici
1139 1993 1299 2033 civitate,
1335 1992 1470 2026 scilicet
1494 1992 1689 2029 Jerusalem

304 2061 339 2091 et
362 2057 541 2101 Baleone
571 2059 604 2090 et
630 2066 745 2090 carum
772 2055 917 2105 regibus
949 2057 1045 2100 agit,
1082 2057 1163 2101 qnia
1194 2067 1255 2091 rex
1287 2056 1481 2091 Jerusalem
1519 2059 1690 2103 Christus,

303 2133 366 2158 rex
390 2121 581 2165 Babylonis
607 2120 788 2164 dyabolus.
839 2120 932 2160 Quas
958 2120 1045 2155 duas
1070 2122 1254 2164 civitates,
1288 2125 1325 2156 ut
1349 2123 1475 2157 ibidem
1502 2124 1597 2167 dicit,
1624 2125 1691 2160 duo

303 2197 441 2222 amores
468 2186 535 2220 sibi
565 2185 763 2229 {abrit-ant,
799 2188 882 2232 quia
914 2188 1089 2221 civitatem
1127 2187 1269 2231 dyaboli
1295 2191 1489 2223 construxit
1516 2200 1614 2224 antor
1637 2193 1690 2225 sui

305 2262 467 2287 crescens
493 2262 604 2296 usque
630 2251 673 2285 ad
701 2255 906 2287 contemtum
928 2252 1004 2294 Dei,
1034 2254 1208 2287 civitatem
1233 2253 1296 2288 Dei
1325 2263 1422 2287 amor
1445 2254 1505 2289 Dei
1529 2266 1690 2291 crescens

304 2327 415 2363 nsque
442 2317 485 2351 ad
514 2321 721 2351 contemtum
748 2319 812 2351 sui.
861 2317 898 2360 In
924 2317 1048 2352 diebus
1081 2322 1192 2352 autem
1221 2320 1317 2364 ejus,
1352 2329 1442 2354 anno
1468 2321 1603 2356 seilicet
1628 2321 1691 2355 do-

304 2384 388 2416 mini
429 2381 618 2416 CCCCXL.
662 2382 824 2417 Wandali
865 2387 971 2417 totam
1005 2383 1146 2417 Africae
1186 2386 1398 2428 provinciam
1434 2390 1691 2431 occupaverunt

305 2451 485 2482 vastantes
511 2449 627 2482 omnia
651 2457 715 2482 ncc
740 2452 925 2492 parcentes
951 2451 1069 2492 sexui,
1104 2449 1219 2483 ordini
1253 2450 1307 2483 vel
1341 2451 1461 2485 aetati.
1509 2451 1593 2486 Post
1623 2450 1689 2484 hoe

306 2517 420 2547 autem
455 2512 499 2546 ad
530 2511 808 2557 Hypponensium
842 2515 1016 2549 civitatem
1044 2518 1281 2559 pervenerunt
1306 2519 1340 2549 et
1366 2516 1475 2560 ipsam
1500 2525 1601 2549 manu
1626 2525 1687 2549 va-

306 2576 379 2610 lida
413 2577 638 2612 obsederunt.
697 2577 768 2611 Sub
803 2578 868 2613 hac
900 2579 1127 2614 tribulatione
1164 2581 1382 2626 Augustinus
1409 2575 1499 2623 'prae
1537 2581 1688 2615 caeteris

308 2649 393 2673 suae
424 2643 615 2675 senectutis
645 2643 898 2677 amarissimam
935 2649 969 2678 et
1002 2644 1185 2690 lugubrem
1220 2644 1318 2678 (luxit
1350 2645 1453 2678 vitam
1481 2643 1688 2691 fueruntque

375 2718 403 2747 1)
421 2716 479 2742 Alii
501 2717 614 2748 legunt:
636 2729 654 2752 p
664 2720 761 2746 ntitu
772 2730 792 2747 r.
897 2722 925 2753 2)
945 2725 1026 2749 Hauc
1044 2730 1148 2749 vocem
1170 2724 1283 2748 tanturn
1304 2719 1355 2748 Ed.
1376 2723 1418 2747 Γν.
1439 2719 1534 2750 offert.
