1742 3005
457 88 549 137 Cap.
585 88 697 125 CLV.
759 91 814 126 De
850 96 979 126 sancto
1013 92 1228 128 Leonardo.
1460 95 1535 133 691

149 201 215 224 non
231 192 352 225 exiret.
382 190 420 225 Et
443 192 519 226 illc:
550 195 594 226 sit
612 194 699 226 inter
718 202 779 225 vos
797 198 828 227 et
848 197 1001 227 sanctuni
1020 193 1251 235 Lemnii-dum,
1273 197 1325 229 cui
1349 207 1400 230 mc
1420 200 1539 232 sciatis

148 256 467 291 recommendatum.
518 257 684 302 Sequenti
712 259 818 303 igitur
851 263 951 293 nocte
987 263 1126 293 sanctus
1161 258 1366 295 Leonardus
1401 263 1538 297 domino

147 320 240 356 illius
253 324 359 356 castri
380 324 544 368 apparuit
563 327 608 365 et,
629 328 664 358 ut
681 325 901 369 peregrinum
922 334 1017 359 suum
1039 324 1240 366 dimitteret,
1262 327 1454 371 imperavit.
1478 328 1538 364 llle

146 397 228 422 vero
248 397 347 422 mane
371 388 588 433 ¹)evigilans
610 394 643 423 et
660 391 823 423 visionem
842 391 941 433 quasi
961 390 1126 422 somnium
1148 391 1404 434 parvipendens
1422 395 1536 428 nulla-

147 457 248 486 tenus
273 452 446 487 dimittere
467 454 584 487 voluit.
637 453 758 486 Altera
783 457 883 486 nocte
911 452 1030 487 eadem
1059 455 1233 497 imperans
1263 455 1330 488 sibi
1357 462 1534 501 apparuit,

146 518 207 552 sed
227 518 285 553 ille
302 520 424 552 iterum
438 518 583 552 obedire
601 519 792 551 contemsit.
830 517 955 551 Tertia
967 528 1048 551 vero
1067 523 1317 552 noctesanctus
1328 520 1533 557 Leonardus

145 585 364 628 peregrinum
399 584 576 627 accipiens
610 585 709 616 extra
742 581 906 626 oppidum
936 582 1078 617 deduxit
1111 585 1298 629 statimque
1326 589 1430 621 turris
1459 599 1532 622 cuin

144 648 259 683 media
285 653 384 692 parte
409 648 517 681 castri
542 656 708 681 corruens
738 650 919 692 oppressis
946 649 1104 693 pluribus
1132 649 1241 683 solum
1270 652 1459 696 principem
1489 654 1532 687 ad

142 715 194 747 sui
230 712 469 748 confusionem
511 712 630 746 fractis
670 713 828 747 cruribus
865 715 1065 747 reservavit.
1105 735 1136 739 —
1184 734 1217 738 —
1264 735 1292 739 —
1341 720 1389 754 5,
1426 717 1531 753 Miles

142 778 281 824 quidam
326 780 359 813 in
394 778 577 813 Britannia
610 780 846 812 incarceratus
878 783 1030 813 sanctum
1069 779 1288 815 Leonardnin
1332 784 1530 820 invocabat„

141 846 199 890 qui
233 846 347 879 statim
385 846 516 878 cunctis
550 844 748 878 videntibus
787 848 820 877 et
851 845 1147 888 cognoscentibus
1183 851 1215 880 et
1248 848 1468 891 stupentibus
1499 851 1530 882 in

141 909 255 945 media
286 909 388 944 domo
422 911 584 954 apparuit
621 914 654 944 et
681 919 854 944 carcerem
882 911 1014 943 intrans
1043 915 1076 944 et
1104 911 1241 945 vincula
1270 912 1436 957 frangens
1466 913 1528 947 lio-

141 978 222 1011 mini
256 981 398 1012 catenas
436 977 468 1009 in
503 975 660 1009 manibus
696 975 813 1018 posuit
850 979 883 1008 et
916 985 978 1018 per
1014 975 1161 1009 medium
1191 977 1326 1010 illorum
1354 977 1528 1013 deducens

140 1053 258 1078 ornnes
292 1047 436 1087 stupore
474 1041 672 1086 perterruit.
708 1059 750 1063 —
776 1061 817 1064 »-
842 1060 885 1065 -
927 1044 977 1078 6.
1012 1040 1089 1075 Fuit
1124 1046 1157 1075 et
1193 1043 1283 1076 alius
1322 1043 1528 1078 Leonardus

139 1107 294 1153 ejusdem
337 1107 569 1152 professionis
607 1110 640 1140 et
682 1107 836 1147 virtutis,
879 1106 979 1150 cujus
1023 1116 1148 1151 corpus
1193 1108 1285 1152 apud
1321 1108 1527 1144 Corbiacum

139 1174 340 1219 requiescit.
388 1171 460 1213 Hic,
487 1182 561 1206 cum
584 1173 619 1205 in
638 1173 852 1206 monasterio
881 1176 975 1207 esset
1004 1172 1196 1216 praelatus,
1229 1178 1325 1207 tanta
1352 1184 1390 1209 se
1416 1175 1526 1209 humi-

139 1240 236 1274 litate
270 1237 478 1284 dejiciebat,
513 1242 551 1272 ut
583 1236 741 1271 omnibus
777 1237 925 1271 inferior
959 1236 1147 1272 videretur.
1208 1238 1278 1272 Sed
1312 1250 1384 1273 cum
1417 1243 1526 1275 omnis

137 1314 249 1349 paene
286 1304 436 1350 populus
471 1301 515 1336 ad
552 1312 627 1337 euni
665 1302 875 1343 conflueret,
917 1302 1055 1348 quidam
1097 1304 1204 1337 invidi
1250 1307 1323 1351 regi
1370 1306 1525 1341 (Ilotario

136 1374 339 1411 suaserunt,
373 1368 484 1414 quod,
510 1369 576 1402 nisi
604 1368 671 1401 sihi
700 1367 932 1411 praevideret,
961 1379 1024 1412 per
1049 1368 1287 1410 Leonardunn
1315 1372 1371 1415 qui
1400 1371 1524 1406 inultos

136 1436 199 1470 suh
233 1435 378 1470 obtentu
415 1434 598 1479 religionis
633 1432 846 1478 colligebat,
890 1444 1032 1479 regnum
1074 1433 1243 1470 Franciac
1285 1435 1524 1471 detrimentum

136 1513 203 1537 non
231 1500 398 1535 modicum
425 1499 627 1533 sustineret.
678 1497 810 1538 Quibus
847 1509 905 1533 rex
933 1500 1070 1532 niinium
1106 1499 1268 1533 credulus
1294 1511 1368 1534 eum
1397 1503 1525 1546 expelli

131 1568 252 1614 jussit.
300 1566 488 1601 Venientes
516 1567 628 1598 autem
656 1564 783 1598 milites
812 1563 900 1598 adeo
928 1564 1031 1608 hujus
1058 1564 1174 1598 verbis
1203 1568 1401 1610 compuncti
1433 1574 1523 1605 sunt,

136 1632 228 1679 quod
262 1642 300 1667 se
335 1641 418 1665 suos
454 1625 588 1664 futuros
624 1629 816 1672 discipulos
851 1628 1124 1673 spoponderunt.
1176 1629 1247 1664 Rex
1274 1642 1412 1677 quoque
1440 1644 1524 1677 poe-

134 1699 248 1733 nitens
275 1698 408 1732 veniam
436 1696 536 1740 petiit
561 1700 595 1730 et
620 1695 837 1729 detractores
863 1693 968 1728 rebus
995 1699 1029 1729 et
1054 1694 1246 1729 honoribus
1272 1698 1404 1741 privari
1432 1698 1524 1740 fecit,

135 1768 169 1799 ct
202 1767 356 1797 sanctum
391 1760 610 1795 Leonardum
651 1760 752 1795 valde
789 1760 911 1795 dilexit
945 1765 977 1795 et
1011 1761 1065 1794 vix
1102 1761 1145 1795 ad
1172 1772 1294 1805 preces
1323 1765 1434 1797 sancti
1461 1763 1523 1798 de-

134 1833 306 1864 tractores
325 1826 487 1873 dignitati
509 1827 678 1871 pristinae
700 1828 864 1860 restituit.
914 1826 976 1866 Qui
1003 1836 1022 1860 a
1043 1826 1114 1860 Deo
1134 1827 1295 1862 similiter
1314 1829 1522 1873 impetravit,

134 1898 188 1936 ut,
225 1895 420 1939 quicunque
455 1893 488 1926 in
527 1902 670 1926 carcere
705 1895 925 1932 tenerentur,
970 1902 1046 1925 mox
1081 1893 1244 1926 invocato
1287 1903 1350 1927 suo
1386 1896 1523 1929 nomine

134 1959 364 1994 solverentur.
413 1959 498 1993 Dum
527 1963 641 1994 autem
669 1957 817 2003 quadam
852 1957 908 1991 die
935 1959 1085 1992 orationi
1113 1957 1348 2000 incumberet,
1376 1969 1523 2004 serpens

134 2024 272 2070 quidam
311 2025 478 2058 maximus
512 2033 533 2057 a
568 2027 666 2068 parte
700 2022 824 2066 pedum
866 2032 978 2066 usque
1018 2024 1051 2055 in
1091 2024 1168 2067 ejus
1210 2025 1320 2057 sinum
1364 2024 1522 2059 tetendit.

136 2089 244 2132 2)Qui
293 2092 437 2134 propter
483 2088 551 2122 boc
602 2087 799 2122 nullatenus
843 2086 886 2120 ab
927 2088 1086 2121 oratione
1129 2088 1301 2128 surrexit,
1352 2088 1525 2132 completa

137 2165 218 2191 vero
261 2155 422 2189 oratione
468 2153 557 2187 dixit
600 2154 649 2188 ei:
705 2152 803 2192 scio,
851 2152 933 2196 quia
975 2150 1019 2185 ab
1063 2152 1163 2185 initio
1208 2152 1397 2186 creationis
1442 2156 1524 2187 tuae

132 2220 311 2262 homines,
360 2223 523 2265 quantum
567 2217 770 2263 praevales,
810 2217 1004 2262 inquietas,
1054 2216 1117 2251 sed
1160 2227 1268 2258 nnnc,
1323 2218 1352 2251 si
1393 2219 1426 2251 in
1471 2229 1522 2252 me

132 2285 197 2320 tihi
222 2285 355 2320 tradita
387 2289 441 2319 est
477 2288 656 2330 potestas,
692 2282 746 2316 sac
782 2283 815 2316 in
851 2292 922 2323 nie,
958 2280 1126 2327 quidquid
1153 2283 1272 2316 merui.
1323 2282 1397 2322 Quo
1426 2283 1520 2317 dicto

133 2359 279 2395 serpens
297 2360 360 2394 per
388 2351 562 2394 caputium
591 2350 667 2394 ejus
694 2348 862 2382 exsiliens
888 2347 932 2381 ad
959 2346 1067 2391 pedes
1094 2346 1170 2391 ejus
1197 2351 1352 2381 mortuus
1379 2349 1517 2386 corruit,

133 2416 217 2451 Post
252 2414 320 2449 hoc
354 2419 489 2456 autem,
526 2424 599 2448 cum
637 2413 725 2448 duos
761 2414 951 2458 episcopos
984 2411 1228 2446 discordantes
1257 2412 1442 2454 sedasset,
1489 2414 1521 2446 in

132 2482 319 2516 crastinum
345 2490 384 2515 sc
411 2478 596 2514 finiendum
621 2478 821 2523 praedixit,
848 2478 941 2511 circa
966 2486 1075 2510 annos
1102 2475 1230 2509 domini
1257 2476 1398 2512 DLXX.

201 2580 228 2612 1)
245 2580 360 2607 Verba:
380 2577 579 2610 evigilans
601 2591 628 2596 —
650 2574 763 2608 quasi
783 2574 892 2601 omittit
914 2573 965 2601 Ed,
986 2576 1028 2599 l'r.
1098 2575 1126 2605 2)
1146 2572 1261 2597 Vei-hm
1297 2573 1367 2609 Qui
1386 2589 1418 2593 Μ
1438 2583 1521 2601 sur-

134 2624 236 2651 rexit
256 2623 369 2651 omittit
388 2623 441 2651 Ed.
464 2626 507 2648 l'r.

1169 2736 1244 2770 44*
