1742 3005
442 101 540 152 Cap.
572 99 723 140 CLXII.
765 99 824 138 De
855 99 1031 136 omnibus
1062 99 1212 135 sanctis.
1441 95 1520 135 723

130 215 202 239 rum
229 203 383 251 dignitas
412 210 446 241 et
473 206 684 241 excellentia
710 201 955 241 manifestatur
983 214 1025 239 ex
1052 215 1115 246 00,
1148 203 1240 248 quod
1273 211 1393 236 omnes
1425 201 1516 236 alios

126 274 270 305 sanctos
308 272 340 304 in
376 276 528 317 quatuor
560 271 744 309 excedunt.
792 271 906 306 Primo
940 272 975 305 in
1007 269 1282 315 praeeminentia
1314 267 1516 314 dignitatis;

127 337 196 380 ipsi
234 338 323 371 enim
355 342 434 371 sunt
473 339 651 383 sapientes
686 339 863 383 principes
896 337 1070 371 ecclesiae
1114 335 1313 376 militantiS,
1354 337 1516 378 potentes

127 410 332 437 assessores
359 405 493 438 aeterni
515 403 667 448 judicis,
700 403 818 438 dulces
853 406 1016 447 pastores
1053 400 1215 434 dominici
1242 401 1377 445 gregis.
1426 399 1513 435 Ber-

126 467 274 501 nardus:
312 468 404 503 tales
440 469 586 504 decebat
618 469 757 503 humani
795 468 937 513 generis
969 470 1130 510 pastores
1166 469 1200 499 et
1232 464 1395 499 doctores
1430 476 1511 500 con-

125 534 244 575 stitui,
271 536 328 578 qui
355 538 389 568 et
416 534 535 568 dulces
562 537 680 568 essent
705 537 739 567 et
768 536 928 576 potentes
956 535 1074 566 essent
1100 535 1134 565 et
1158 531 1349 575 sapientes,
1378 529 1512 573 dulces,

126 602 162 633 ut
195 609 248 634 me
282 599 411 633 blande
445 603 479 634 et
511 598 788 633 misericorditer
813 600 1054 642 susciperent,
1092 600 1274 642 potentes,
1311 599 1347 630 ut
1373 595 1512 631 fortiter

125 668 373 709 protegerent,
409 666 610 708 sapientes,
643 668 679 698 ut
711 663 755 698 ad
791 664 893 698 vitam
927 668 960 698 et
995 664 1170 708 perviam
1199 661 1386 704 ducerent,
1422 672 1511 707 quae

123 728 282 773 perducit
300 729 342 763 ad
362 730 536 764 civitatem
558 739 756 775 supernam.
784 729 944 764 Secundo
961 730 994 763 in
1011 730 1286 774 praeeminentia
1308 730 1509 773 potestatis,

123 793 166 828 de
191 805 335 840 quornm
368 797 553 839 potestatis
580 797 855 840 praeeminentia
880 796 932 829 sic
959 794 1041 828 dicit
1071 795 1308 840 Augustinus:
1335 794 1509 838 apostolis

123 860 215 895 Deus
243 859 340 894 dedit
366 864 575 905 potestatem
601 871 707 906 super
732 864 901 903 naturam,
929 865 965 895 nt
991 870 1065 894 eam
1092 866 1265 901 curarent,
1292 869 1399 904 super
1424 859 1507 895 dae-

123 936 263 968 mones,
289 930 326 960 ut
351 936 412 961 eos
439 931 655 969 everterent,
683 936 789 971 super
819 925 1006 966 elementa,
1042 929 1077 959 ut
1103 935 1144 959 ea
1176 929 1368 966 mutarent,
1403 934 1510 970 super

121 992 277 1034 animas,
312 996 347 1026 ut
380 993 476 1036 ipsas
510 1001 531 1026 a
564 994 716 1036 peccatis
750 992 948 1034 solverent,
982 1001 1090 1036 super
1125 995 1289 1034 mortem,
1325 995 1361 1025 ut
1396 992 1507 1036 ipsam

120 1061 397 1099 contemnerent,
433 1067 540 1102 super
566 1057 734 1103 angelos,
766 1062 803 1092 ut
839 1067 966 1102 corpus
1002 1056 1208 1091 dominicum
1246 1062 1506 1092 consecrarent.

100 1102 241 1158 ffertio
274 1123 308 1157 in
342 1124 594 1169 praerogativa
619 1125 837 1166 sanctitatis3
871 1123 963 1157 unde
995 1127 1142 1168 propter
1174 1133 1290 1157 eorum
1324 1124 1505 1157 maximam

118 1190 336 1224 sanctitatem
371 1192 405 1224 et
432 1190 667 1235 ¹)gratiarum
694 1189 946 1234 plenitudinem
974 1190 1044 1223 vita
1070 1192 1103 1223 et
1127 1190 1349 1222 conversatio
1376 1188 1505 1223 Christi

118 1256 153 1291 in
186 1256 231 1290 iis
261 1259 436 1301 tamquam
475 1256 508 1289 in
540 1255 684 1300 speculo
717 1255 896 1290 relucebat
922 1259 956 1290 et
982 1254 1263 1300 cognoscebatur
1288 1254 1322 1288 in
1347 1256 1388 1288 iis
1414 1257 1506 1290 sicut

116 1320 170 1355 sol
197 1321 231 1354 in
257 1331 321 1355 suo
348 1320 557 1366 splendore,
593 1323 682 1355 sicut
716 1331 799 1354 rosa
825 1322 859 1354 in
886 1331 949 1355 suo
976 1320 1108 1362 odore,
1143 1322 1233 1354 sicut
1261 1321 1352 1365 ignis
1380 1321 1414 1354 in
1440 1331 1503 1355 suo

115 1386 243 1422 calore.
294 1386 345 1421 De
370 1386 437 1420 hoc
455 1386 539 1421 ‹licit
556 1386 826 1431 Clu->sestertius
846 1396 954 1431 super
968 1385 1204 1421 Matthacum:
1233 1387 1324 1419 misit
1343 1385 1503 1420 Christus

116 1451 320 1495 apostolos,
357 1453 457 1496 quasi
483 1452 537 1486 sol
564 1452 683 1487 radios
710 1463 815 1494 suos,
852 1454 954 1497 quasi
979 1462 1062 1486 rosa
1089 1453 1275 1485 suavitatis
1301 1461 1385 1486 snae
1414 1451 1502 1485 odo-

115 1527 198 1560 rem,
223 1518 325 1562 quasi
350 1518 442 1563 iguis
468 1518 641 1551 scintillas
668 1528 750 1552 snas
776 1518 956 1562 dispersit,
983 1522 1031 1560 ut,
1058 1519 1147 1552 sicut
1167 1517 1219 1551 sol
1238 1518 1270 1550 in
1290 1516 1402 1551 radiis
1427 1519 1501 1551 suis

115 1587 282 1627 apparet,
319 1585 409 1617 sicut
436 1593 518 1618 rosa
550 1585 583 1617 in
608 1583 776 1618 odoribus
802 1585 875 1617 suis
905 1585 1070 1623 sentitur,
1108 1585 1197 1616 sicut
1231 1582 1325 1627 ignis
1353 1582 1385 1615 in
1411 1585 1502 1616 scin-

112 1647 200 1682 tillis
238 1649 312 1683 suis
347 1648 559 1694 adspicitur,
601 1651 650 1683 sic
685 1651 718 1684 in
758 1649 895 1683 illorum
939 1648 1126 1683 virtutibus
1170 1648 1302 1682 Christi
1345 1650 1503 1692 potentia

114 1718 362 1759 cognoscatur.
418 1714 512 1749 Haec
546 1714 824 1759 Chrysostomus.
883 1714 1014 1755 Quarto
1060 1716 1092 1748 in
1127 1714 1288 1749 efficacia
1317 1713 1500 1754 utilitatis3

113 1778 157 1813 de
192 1790 334 1825 quorum
371 1780 532 1815 efficacia
565 1782 617 1815 sic
657 1781 742 1815 dicit
778 1781 995 1827 Augustinus
1036 1781 1182 1826 loquens
1228 1779 1272 1814 de
1310 1780 1500 1824 apostolis:

116 1849 202 1888 ²)ex
236 1845 506 1890 abjectissimis,
542 1856 584 1881 ex
610 1847 901 1892 imperitissimis,
940 1857 981 1881 ex
1009 1846 1229 1890 paucissimis
1259 1844 1501 1886 nobilitantur,

111 1910 368 1953 illuminantur,
404 1911 678 1957 multiplicantur
703 1911 907 1946 dulcissima
938 1911 1099 1956 eloquia,
1138 1912 1424 1957 praeclarissima
1450 1913 1502 1946 in-

111 1977 236 2022 genia,
261 1978 510 2021 copiosissima
534 1980 694 2024 agmina,
721 1978 970 2023 mirabilesque
995 1978 1143 2022 peritias
1169 1982 1348 2013 auctorum
1379 1978 1500 2013 facun-

112 2039 233 2075 dorum
267 2045 372 2086 atque
408 2041 586 2076 doctorum
613 2043 805 2087 sulijngant
834 2041 985 2077 Christe.
1008 2073 1011 2074 γ
1035 2043 1199 2078 Secunda
1224 2043 1423 2078 differentia
1448 2047 1502 2077 est

114 2106 303 2148 martirum,
331 2116 474 2151 quorum
505 2106 662 2152 dignitas
695 2111 728 2141 et
755 2107 963 2141 excellentia
988 2107 1231 2142 manifestatur
1257 2118 1299 2141 ex
1325 2118 1380 2150 cc,
1407 2108 1501 2153 quod

112 2173 211 2216 passi
238 2175 318 2206 sunt
346 2171 607 2216 niultipliciter,
635 2172 768 2206 utiliter
794 2177 828 2207 et
851 2176 1064 2207 constanter.
1114 2172 1378 2217 Multipliciter,
1412 2184 1499 2218 quo-

110 2238 200 2272 niam
229 2241 370 2282 praeter
397 2239 590 2272 martirium
619 2239 804 2284 sanguinis
831 2239 928 2282 passi
949 2242 1029 2272 sunt
1049 2238 1178 2283 triplex
1193 2237 1290 2272 aliud
1311 2239 1500 2272 martirium

109 2303 187 2337 sine
217 2303 404 2349 sanguine.
453 2303 503 2337 De
541 2314 609 2348 quo
646 2304 778 2348 triplici
812 2304 968 2338 martirio
1006 2303 1093 2337 dicit
1117 2302 1336 2338 Rern-ardus:
1374 2304 1501 2348 triplex

111 2371 166 2404 est
189 2368 380 2403 martirium
417 2370 493 2403 sine
525 2370 716 2415 sanguine,
752 2369 888 2404 scilicet
922 2370 1077 2414 parcitas
1111 2371 1146 2403 in
1180 2369 1362 2411 ubertate,
1400 2379 1500 2414 quam

112 2432 237 2469 habuit
268 2432 405 2476 David,
438 2433 589 2480 largitas
624 2437 658 2469 in
702 2439 932 2480 paupertate,
973 2444 1074 2481 quam
1110 2433 1269 2468 exhibuit
1302 2431 1437 2468 Tobias
1468 2438 1502 2468 et

113 2498 239 2541 vidua,
275 2500 422 2533 castitas
458 2499 491 2532 in
522 2500 728 2544 juventute,
773 2511 842 2546 qua
881 2511 964 2535 usus
1006 2504 1060 2534 est
1091 2499 1226 2543 Joseph
1263 2500 1295 2532 in
1326 2498 1500 2544 Aegypto.

113 2564 307 2600 Secundum
345 2567 462 2598 autem
495 2562 702 2610 Gregorium
739 2566 868 2610 triplex
902 2569 956 2600 est
991 2565 1181 2599 martirium
1213 2565 1288 2599 sine
1314 2565 1500 2611 sanguine⁷

177 2663 205 2696 1)
224 2662 284 2690 Alii
305 2663 420 2695 tegunt:
441 2663 657 2696 justiliam,
677 2662 983 2697 plenitudinem,
1002 2662 1125 2689 vitam
1145 2666 1193 2688 ut.
1254 2663 1283 2695 2)
1300 2661 1353 2691 Ed.
1369 2665 1414 2692 Pr,
1433 2663 1499 2689 bre-

110 2706 175 2732 vius
201 2707 273 2733 ham·
301 2708 338 2733 ita
369 2707 455 2739 legit:
492 2707 851 2737 ‹·1.11›1·s=ciissixnis
877 2712 912 2734 et
933 2705 1194 2742 paucissimis
1220 2707 1501 2734 nobilitantur.

1141 2761 1187 2795 415
1202 2761 1219 2780 ²*
