1742 3005
268 92 350 130 438
561 93 659 140 Cap.
691 91 755 127 (ΖΙ.
815 91 873 128 De.
903 100 1047 141 septem
1079 92 1370 129 dormientibus,

270 200 303 231 in
330 202 438 231 semet
464 198 541 240 ipso
575 195 663 229 dixit
698 195 922 239 proconsuli,
959 197 1041 240 quia
1083 198 1172 231 visio
1207 203 1281 240 est,
1323 208 1422 243 quam
1460 198 1551 233 Deus
1587 198 1659 232 vult

270 262 457 297 ostendere
491 264 523 295 in
555 262 686 306 juvene
720 262 799 295 isto.
850 261 1083 296 Perrexerunt
1119 273 1204 308 ergo
1239 274 1313 297 eum
1356 275 1397 299 eo
1439 269 1473 298 et
1506 265 1660 298 civitatis

270 329 419 372 plurima
441 326 624 361 multitudo
651 331 685 361 et
710 329 893 372 ingressus
920 331 973 362 est
1000 328 1110 372 primo
1127 327 1288 363 Malehus
1313 329 1357 363 ad
1376 331 1492 364 soeios
1518 341 1601 364 suos
1629 334 1662 364 et

270 398 351 438 post
374 405 448 428 eum
476 395 663 438 episeopus
688 392 891 439 ingrediens
917 395 1047 428 invenit
1074 394 1165 428 iuter
1196 393 1333 438 lapides
1359 395 1496 430 litteras
1523 396 1662 441 sigilla-

270 465 324 494 tas
352 461 488 494 duobus
511 460 641 504 sigillis
668 460 847 504 argenteis
875 464 908 494 et
929 465 1122 494 convocato
1154 461 1284 505 populo
1321 461 1409 507 legit
1443 471 1503 495 eas
1540 466 1574 496 et
1598 471 1660 495 au-

271 526 447 560 dientibus
481 530 514 560 et
542 524 796 559 admirantibus
822 527 967 568 eunetis,
996 530 1029 560 et
1057 526 1214 561 videntes
1242 532 1382 561 sanctos
1409 527 1471 561 Dei
1499 525 1663 562 sedentes

272 594 304 626 in
341 592 508 636 spelunea
543 596 577 626 et
611 592 718 626 facies
751 602 868 626 eorum
906 596 1080 637 tamquam
1120 603 1222 627 rosas
1248 593 1413 627 florentes
1442 592 1664 637 procidentes

271 658 559 703 glorificaverunt
583 657 690 692 Deum
717 659 904 703 statimque
929 659 1118 702 episeopus
1154 663 1187 693 et
1218 659 1405 703 proconsul
1431 660 1598 692 miserunt
1621 657 1665 691 ad

272 722 510 757 Theodosium
537 724 781 767 imperatorem
809 728 975 768 rogantes
991 751 999 766 ,
1036 728 1072 758 ut
1096 725 1164 758 cito
1193 726 1327 759 veniret
1352 729 1386 760 et
1411 724 1578 758 miracula
1602 724 1665 758 Dei

271 799 382 833 nuper
407 792 551 823 ostensa
579 788 723 823 videret.
774 788 840 827 Qui
866 790 1024 833 protinus
1051 801 1200 835 surgens
1230 790 1273 825 de
1299 791 1401 824 humo
1428 794 1462 825 et
1487 790 1529 825 <le
1548 800 1665 829 saeeo,

273 856 305 887 in
330 865 398 899 quo
425 853 591 899 lugebat,
629 854 833 900 glorificans
861 854 966 888 Deum
995 857 1088 890 venit
1113 866 1133 889 a
1162 855 1466 900 Constantinopoli
1491 854 1666 900 Ephesum

271 924 306 954 et
341 919 568 954 obviantibus
604 922 636 954 ei
663 922 797 954 eunctis
823 920 1084 956 adscenderunt
1117 922 1218 957 simul
1249 933 1368 956 omnes
1396 922 1441 956 ad
1467 921 1666 966 speluncam

272 990 306 1020 et
340 997 419 1019 mox
454 990 490 1019 ut
524 987 634 1020 sancti
674 987 835 1021 viderunt
861 989 1124 1032 imperatorem,
1166 988 1457 1033 resplenduerunt
1490 992 1524 1022 et
1558 987 1667 1021 facies

271 1062 388 1086 eorum
415 1053 504 1086 sie-ut
528 1052 580 1085 sol
609 1057 640 1086 et
672 1054 853 1099 ingressus
879 1055 1069 1098 imperator
1094 1054 1245 1098 procidit
1270 1059 1351 1088 ante
1376 1065 1437 1088 eos
1464 1052 1667 1099 glorificans

271 1117 377 1152 Deum
408 1121 441 1151 et
466 1128 615 1163 surgens
641 1119 860 1163 amplexatus
887 1124 941 1153 est
968 1130 1029 1153 cos
1056 1124 1090 1153 et
1113 1130 1220 1165 super
1239 1120 1398 1165 singulos
1417 1120 1666 1154 ssevitdieens:

272 1185 324 1217 sie
350 1183 452 1217 video
481 1194 562 1222 vos,
597 1188 770 1228 tamquam
807 1186 837 1218 si
874 1185 1028 1219 viderem
1060 1185 1233 1220 dominum
1261 1187 1527 1220 resuscitantem
1552 1186 1669 1220 Lam<

272 1260 356 1283 rum.
407 1249 508 1283 Tune
542 1249 629 1284 dixit
650 1254 791 1284 sanctus
816 1250 1051 1285 Maximianus
1077 1250 1122 1284 ad
1156 1262 1250 1286 eum:
1286 1251 1389 1286 erede
1414 1250 1538 1293 nobis,
1575 1252 1669 1297 quod

273 1320 418 1360 propter
451 1320 484 1350 te
519 1318 744 1351 resuscitavit
776 1328 838 1351 nos
873 1317 966 1352 Deus
991 1321 1071 1351 ante
1098 1317 1186 1351 diem
1213 1327 1361 1362 magnae
1388 1319 1668 1359 resurrectionis,

272 1386 310 1416 ut
329 1382 454 1416 eredas
478 1382 728 1425 indubitanter,
754 1383 846 1428 quod
871 1384 1082 1418 resurreetio
1108 1387 1321 1416 mortuorum
1347 1387 1411 1417 est.
1460 1376 1556 1417 Vere*
1579 1385 1669 1418 enim

275 1450 529 1483 resurreximus
546 1454 578 1484 et
596 1443 786 1485 vivimuset
804 1451 893 1484 sicut
912 1448 1027 1483 infans
1049 1453 1102 1483 est
1119 1450 1152 1482 in
1173 1453 1271 1483 utero
1289 1451 1409 1483 matris
1429 1460 1497 1483 non
1514 1451 1670 1483 sentiens

274 1513 465 1548 laesionem
484 1519 518 1549 et
538 1516 641 1557 vivit,
668 1517 719 1549 sic
742 1516 866 1550 fuimus
888 1515 1058 1557 videntes,
1083 1516 1244 1560 Jaeentes
1263 1519 1297 1550 et
1316 1515 1528 1549 dormientes
1551 1518 1585 1549 et
1601 1526 1672 1549 non

274 1580 478 1614 sentientes.
527 1579 570 1614 Et
603 1580 657 1614 his
691 1581 796 1615 dietis
832 1581 1030 1616 videntibus
1061 1582 1193 1615 eunctis
1222 1581 1429 1614 inclinantes
1465 1582 1582 1624 capita
1607 1591 1672 1615 sua

277 1645 308 1678 in
343 1649 471 1679 terram
504 1646 769 1681 obdormierunt
801 1652 836 1682 et
861 1647 1082 1681 tradiderunt
1109 1648 1254 1691 spiritus
1282 1657 1364 1680 suos
1394 1646 1582 1681 seeundum
1608 1646 1672 1681 Dei

276 1711 467 1754 imperium.
517 1713 674 1758 surgens
702 1718 815 1748 autem
844 1715 1035 1758 imperator
1060 1712 1188 1747 cecidit
1217 1724 1323 1758 super
1349 1723 1411 1747 eos
1438 1712 1523 1747 ssens
1551 1716 1585 1747 et
1610 1712 1670 1748 de-

276 1777 439 1810 osculans
466 1788 540 1818 cos,
567 1783 601 1812 et
627 1790 701 1812 cum
723 1780 893 1823 jussisset
919 1778 992 1813 lieri
1019 1778 1153 1811 loculos
1179 1788 1318 1818 aureos,
1344 1779 1378 1811 in
1404 1777 1530 1822 quibus
1556 1779 1671 1812 mitte-

275 1846 415 1883 rentur,
451 1843 485 1876 in
510 1844 588 1887 ipsa
626 1849 726 1878 noete
763 1848 1001 1888 apparuerunt
1036 1844 1239 1887 imperatori
1276 1842 1452 1884 dicentes,
1491 1847 1546 1884 ut,
1582 1845 1673 1878 sieut

276 1906 443 1941 haetenus
469 1909 501 1941 iu
530 1913 623 1943 terra
643 1910 831 1953 ,jacuerunt
863 1914 897 1944 et
930 1921 970 1944 ex
1001 1913 1094 1943 terra
1121 1911 1406 1950 resurrexerant,
1442 1910 1489 1942 ita
1521 1920 1582 1943 eos
1617 1909 1670 1943 di-

278 1974 446 2014 mitteret,
477 1974 588 2009 donec
613 1975 771 2009 dominus
802 1976 924 2010 iterum
959 1985 1020 2008 eos
1056 1976 1294 2009 resusritaret.
1343 1974 1455 2009 Jussit
1488 1985 1573 2020 ergo
1609 1976 1671 2008 im-

280 2043 423 2081 perator
447 2039 557 2073 locum
588 2041 681 2074 illum
709 2042 880 2075 inauratis
916 2040 1094 2084 lapidibus
1130 2040 1296 2074 adornari
1331 2044 1366 2074 et
1393 2050 1512 2074 omnes
1535 2041 1671 2085 episeo—

277 2114 340 2147 pos
365 2108 655 2141 resurrectionem
675 2107 890 2141 confidentes
913 2106 1065 2141 absolvi.
1115 2106 1215 2146 Quod
1237 2105 1450 2140 Gchxxll
1471 2107 1570 2139 {lunis
1592 2105 1673 2139 dor—

279 2170 397 2204 miisse
427 2170 606 2211 dicuntur,
634 2172 776 2207 dubium
800 2184 878 2208 esse
898 2177 1026 2217 potest,
1055 2174 1135 2217 quia
1152 2182 1242 2206 anno
1265 2172 1392 2205 domini
1418 2172 1674 2207 CCCCXLVlll

277 2242 514 2279 surrexerant,
544 2238 670 2272 lleeius
685 2244 800 2273 autem
827 2240 990 2285 regnavit
1014 2250 1080 2272 uno
1107 2242 1238 2272 tautum
1264 2248 1354 2271 anno
1381 2241 1415 2272 et
1440 2238 1552 2272 tribus
1580 2249 1673 2273 meu-

278 2301 397 2343 sibus,
440 2303 576 2338 scilicet
614 2315 704 2338 anno
752 2304 879 2339 domiui
919 2303 1034 2339 (3121,ss
1080 2308 1113 2338 et
1155 2305 1202 2338 ita
1248 2315 1314 2338 nou
1356 2304 1570 2339 dormierunt
1607 2305 1672 2338 nisi

286 2367 456 2411 ¹)t1xssvl
483 2371 594 2403 amnis.

349 2468 373 2497 1)
395 2469 445 2494 Ed.
473 2472 514 2496 l'r,
544 2468 808 2495 ‹21113vlnnnis
834 2468 903 2499 logii
931 2473 959 2494 ot
987 2468 1077 2502 paulo
1105 2473 1187 2494 auloss
1217 2471 1464 2495 (JGGXLVMI
1491 2475 1650 2493 surrexe

284 2518 375 2540 tunl-
