<?xml version="1.0" encoding="UTF-8"?>
<!DOCTYPE html PUBLIC "-//W3C//DTD XHTML 1.0 Transitional//EN"
    "http://www.w3.org/TR/xhtml1/DTD/xhtml1-transitional.dtd">
<html xmlns="http://www.w3.org/1999/xhtml" xml:lang="en" lang="en">
 <head>
  <title>
</title>
<meta http-equiv="Content-Type" content="text/html;charset=utf-8" />
  <meta name='ocr-system' content='tesseract 3.04.00' />
  <meta name='ocr-capabilities' content='ocr_page ocr_carea ocr_par ocr_line ocrx_word'/>
</head>
<body>
  <div class='ocr_page' id='page_1' title='image "./legendaaureavulg00jacouoft_0084.png"; bbox 0 0 1742 3005; ppageno 0'>
   <div class='ocr_carea' id='block_1_1' title="bbox 232 108 1287 159">
    <p class='ocr_par' dir='ltr' id='par_1_1' title="bbox 232 108 1287 159">
     <span class='ocr_line' id='line_1_1' title="bbox 232 108 1287 159; baseline -0.005 -11"><span class='ocrx_word' id='word_1_1' title='bbox 232 110 283 148; x_wconf 73' lang='grc'>70</span> <span class='ocrx_word' id='word_1_2' title='bbox 570 112 664 159; x_wconf 64' lang='lat' dir='ltr'>t&#39;jap.</span> <span class='ocrx_word' id='word_1_3' title='bbox 700 110 782 146; x_wconf 73' lang='lat' dir='ltr'>XH-</span> <span class='ocrx_word' id='word_1_4' title='bbox 844 111 901 146; x_wconf 89' lang='lat' dir='ltr'>De</span> <span class='ocrx_word' id='word_1_5' title='bbox 933 116 1061 146; x_wconf 80' lang='lat' dir='ltr'>sancto</span> <span class='ocrx_word' id='word_1_6' title='bbox 1095 108 1287 146; x_wconf 73' lang='lat' dir='ltr'>Silvestre.</span> 
     </span>
    </p>
   </div>
   <div class='ocr_carea' id='block_1_2' title="bbox 788 322 1069 383">
    <p class='ocr_par' dir='ltr' id='par_1_2' title="bbox 788 322 1069 383">
     <span class='ocr_line' id='line_1_2' title="bbox 788 322 1069 383; baseline 0 0"><span class='ocrx_word' id='word_1_7' title='bbox 788 322 914 383; x_wconf 73' lang='lat' dir='ltr'><strong>GAP.</strong></span> <span class='ocrx_word' id='word_1_8' title='bbox 969 322 1069 383; x_wconf 73' lang='grc' dir='ltr'>ΧΠ.</span> 
     </span>
    </p>
   </div>
   <div class='ocr_carea' id='block_1_3' title="bbox 565 420 1285 470">
    <p class='ocr_par' dir='ltr' id='par_1_3' title="bbox 565 420 1285 470">
     <span class='ocr_line' id='line_1_3' title="bbox 565 420 1285 470; baseline -0.003 -2"><span class='ocrx_word' id='word_1_9' title='bbox 565 424 663 468; x_wconf 80' lang='lat' dir='ltr'>De</span> <span class='ocrx_word' id='word_1_10' title='bbox 694 423 915 468; x_wconf 76' lang='lat' dir='ltr'>saneto</span> <span class='ocrx_word' id='word_1_11' title='bbox 947 420 1285 470; x_wconf 76' lang='lat' dir='ltr'>Silvestre.</span> 
     </span>
    </p>
   </div>
   <div class='ocr_carea' id='block_1_4' title="bbox 226 530 1625 2477">
    <p class='ocr_par' dir='ltr' id='par_1_4' title="bbox 230 530 1625 1293">
     <span class='ocr_line' id='line_1_4' title="bbox 322 530 1622 578; baseline 0.002 -12"><span class='ocrx_word' id='word_1_12' title='bbox 322 533 493 567; x_wconf 69' lang='lat' dir='ltr'>bilvester</span> <span class='ocrx_word' id='word_1_13' title='bbox 520 530 645 565; x_wconf 78' lang='lat' dir='ltr'>dieitur</span> <span class='ocrx_word' id='word_1_14' title='bbox 670 541 691 565; x_wconf 80' lang='lat' dir='ltr'>a</span> <span class='ocrx_word' id='word_1_15' title='bbox 719 531 796 573; x_wconf 84' lang='lat' dir='ltr'>sile,</span> <span class='ocrx_word' id='word_1_16' title='bbox 825 531 917 576; x_wconf 85' lang='lat' dir='ltr'>quod</span> <span class='ocrx_word' id='word_1_17' title='bbox 946 535 999 566; x_wconf 87' lang='lat' dir='ltr'>est</span> <span class='ocrx_word' id='word_1_18' title='bbox 1027 532 1084 566; x_wconf 83' lang='lat' dir='ltr'>lux</span> <span class='ocrx_word' id='word_1_19' title='bbox 1110 536 1143 566; x_wconf 86' lang='lat' dir='ltr'>et</span> <span class='ocrx_word' id='word_1_20' title='bbox 1165 536 1271 573; x_wconf 83' lang='lat' dir='ltr'>terra,</span> <span class='ocrx_word' id='word_1_21' title='bbox 1301 534 1403 578; x_wconf 79' lang='lat' dir='ltr'>quasi</span> <span class='ocrx_word' id='word_1_22' title='bbox 1420 534 1478 567; x_wconf 80' lang='lat' dir='ltr'>lux</span> <span class='ocrx_word' id='word_1_23' title='bbox 1494 537 1622 570; x_wconf 74' lang='lat' dir='ltr'>terrae.</span> 
     </span>
     <span class='ocr_line' id='line_1_5' title="bbox 232 596 1623 644; baseline 0.001 -12"><span class='ocrx_word' id='word_1_24' title='bbox 232 598 266 632; x_wconf 87' lang='lat' dir='ltr'>id</span> <span class='ocrx_word' id='word_1_25' title='bbox 292 600 345 632; x_wconf 84' lang='lat' dir='ltr'>est</span> <span class='ocrx_word' id='word_1_26' title='bbox 371 596 554 639; x_wconf 78' lang='lat' dir='ltr'>ecclesiae,</span> <span class='ocrx_word' id='word_1_27' title='bbox 582 607 672 642; x_wconf 86' lang='lat' dir='ltr'>quae</span> <span class='ocrx_word' id='word_1_28' title='bbox 699 598 810 631; x_wconf 87' lang='lat' dir='ltr'>instar</span> <span class='ocrx_word' id='word_1_29' title='bbox 833 596 947 631; x_wconf 84' lang='lat' dir='ltr'>bonae</span> <span class='ocrx_word' id='word_1_30' title='bbox 972 600 1089 632; x_wconf 83' lang='lat' dir='ltr'>terrae</span> <span class='ocrx_word' id='word_1_31' title='bbox 1116 597 1222 632; x_wconf 84' lang='lat' dir='ltr'>habet</span> <span class='ocrx_word' id='word_1_32' title='bbox 1246 598 1491 644; x_wconf 72' lang='lat' dir='ltr'>pinguedinem</span> <span class='ocrx_word' id='word_1_33' title='bbox 1511 598 1623 633; x_wconf 83' lang='lat' dir='ltr'>bonae</span> 
     </span>
     <span class='ocr_line' id='line_1_6' title="bbox 232 661 1625 708; baseline 0.001 -11"><span class='ocrx_word' id='word_1_34' title='bbox 232 663 461 708; x_wconf 79' lang='lat' dir='ltr'>operationis,</span> <span class='ocrx_word' id='word_1_35' title='bbox 488 662 705 708; x_wconf 78' lang='lat' dir='ltr'>nigredinem</span> <span class='ocrx_word' id='word_1_36' title='bbox 729 662 980 696; x_wconf 85' lang='lat' dir='ltr'>humiliationis</span> <span class='ocrx_word' id='word_1_37' title='bbox 1006 666 1041 696; x_wconf 85' lang='lat' dir='ltr'>et</span> <span class='ocrx_word' id='word_1_38' title='bbox 1066 661 1281 698; x_wconf 78' lang='lat' dir='ltr'>dulcedinem</span> <span class='ocrx_word' id='word_1_39' title='bbox 1307 663 1516 698; x_wconf 87' lang='lat' dir='ltr'>devotionis.</span> <span class='ocrx_word' id='word_1_40' title='bbox 1560 663 1625 698; x_wconf 87' lang='lat' dir='ltr'>Per</span> 
     </span>
     <span class='ocr_line' id='line_1_7' title="bbox 232 726 1624 773; baseline 0.001 -12"><span class='ocrx_word' id='word_1_41' title='bbox 232 730 301 762; x_wconf 85' lang='lat' dir='ltr'>ista</span> <span class='ocrx_word' id='word_1_42' title='bbox 326 729 415 762; x_wconf 90' lang='lat' dir='ltr'>enim</span> <span class='ocrx_word' id='word_1_43' title='bbox 440 728 510 761; x_wconf 82' lang='lat' dir='ltr'>tria</span> <span class='ocrx_word' id='word_1_44' title='bbox 534 729 739 773; x_wconf 80' lang='lat' dir='ltr'>agnoscitur</span> <span class='ocrx_word' id='word_1_45' title='bbox 764 726 858 761; x_wconf 86' lang='lat' dir='ltr'>bona</span> <span class='ocrx_word' id='word_1_46' title='bbox 881 731 990 768; x_wconf 84' lang='lat' dir='ltr'>terra,</span> <span class='ocrx_word' id='word_1_47' title='bbox 1018 731 1054 761; x_wconf 80' lang='lat' dir='ltr'>ut</span> <span class='ocrx_word' id='word_1_48' title='bbox 1082 729 1131 761; x_wconf 87' lang='lat' dir='ltr'>ait</span> <span class='ocrx_word' id='word_1_49' title='bbox 1150 727 1354 771; x_wconf 84' lang='lat' dir='ltr'>Palladius3</span> <span class='ocrx_word' id='word_1_50' title='bbox 1383 729 1434 764; x_wconf 85' lang='lat' dir='ltr'>vel</span> <span class='ocrx_word' id='word_1_51' title='bbox 1453 728 1624 764; x_wconf 85' lang='lat' dir='ltr'>Silvester</span> 
     </span>
     <span class='ocr_line' id='line_1_8' title="bbox 232 777 1623 837; baseline 0.002 -11"><span class='ocrx_word' id='word_1_52' title='bbox 232 793 357 827; x_wconf 80' lang='lat' dir='ltr'>dieitur</span> <span class='ocrx_word' id='word_1_53' title='bbox 381 801 403 826; x_wconf 90' lang='lat' dir='ltr'>a</span> <span class='ocrx_word' id='word_1_54' title='bbox 427 792 517 826; x_wconf 85' lang='lat' dir='ltr'>silva</span> <span class='ocrx_word' id='word_1_55' title='bbox 542 796 578 826; x_wconf 85' lang='lat' dir='ltr'>et</span> <span class='ocrx_word' id='word_1_56' title='bbox 600 791 724 833; x_wconf 85' lang='lat' dir='ltr'>theos,</span> <span class='ocrx_word' id='word_1_57' title='bbox 775 793 857 837; x_wconf 84' lang='lat' dir='ltr'>quia</span> <span class='ocrx_word' id='word_1_58' title='bbox 881 791 1038 826; x_wconf 86' lang='lat' dir='ltr'>hemines</span> <span class='ocrx_word' id='word_1_59' title='bbox 1066 791 1248 827; x_wconf 85' lang='lat' dir='ltr'>silvestres</span> <span class='ocrx_word' id='word_1_60' title='bbox 1269 798 1304 827; x_wconf 85' lang='lat' dir='ltr'>et</span> <span class='ocrx_word' id='word_1_61' title='bbox 1329 777 1477 828; x_wconf 77' lang='lat' dir='ltr'>iheultos</span> <span class='ocrx_word' id='word_1_62' title='bbox 1503 798 1537 829; x_wconf 87' lang='lat' dir='ltr'>et</span> <span class='ocrx_word' id='word_1_63' title='bbox 1561 794 1623 829; x_wconf 86' lang='lat' dir='ltr'>du-</span> 
     </span>
     <span class='ocr_line' id='line_1_9' title="bbox 231 856 1623 903; baseline 0.001 -11"><span class='ocrx_word' id='word_1_64' title='bbox 231 868 290 892; x_wconf 90' lang='lat' dir='ltr'>ros</span> <span class='ocrx_word' id='word_1_65' title='bbox 316 857 361 892; x_wconf 91' lang='lat' dir='ltr'>ad</span> <span class='ocrx_word' id='word_1_66' title='bbox 388 856 489 892; x_wconf 88' lang='lat' dir='ltr'>fidem</span> <span class='ocrx_word' id='word_1_67' title='bbox 512 858 632 892; x_wconf 80' lang='lat' dir='ltr'>traxit.</span> <span class='ocrx_word' id='word_1_68' title='bbox 680 856 745 891; x_wconf 77' lang='lat' dir='ltr'>Vel</span> <span class='ocrx_word' id='word_1_69' title='bbox 770 859 860 891; x_wconf 87' lang='lat' dir='ltr'>sient</span> <span class='ocrx_word' id='word_1_70' title='bbox 888 856 1014 890; x_wconf 84' lang='lat' dir='ltr'>dicitur</span> <span class='ocrx_word' id='word_1_71' title='bbox 1037 858 1072 890; x_wconf 86' lang='lat' dir='ltr'>in</span> <span class='ocrx_word' id='word_1_72' title='bbox 1097 857 1297 903; x_wconf 78' lang='lat' dir='ltr'>glossario:</span> <span class='ocrx_word' id='word_1_73' title='bbox 1345 858 1516 894; x_wconf 83' lang='lat' dir='ltr'>Silvester</span> <span class='ocrx_word' id='word_1_74' title='bbox 1538 859 1623 894; x_wconf 79' lang='lat' dir='ltr'>diei—</span> 
     </span>
     <span class='ocr_line' id='line_1_10' title="bbox 232 921 1621 968; baseline 0.001 -11"><span class='ocrx_word' id='word_1_75' title='bbox 232 928 287 958; x_wconf 85' lang='lat' dir='ltr'>tur</span> <span class='ocrx_word' id='word_1_76' title='bbox 313 922 456 965; x_wconf 71' lang='lat' dir='ltr'>viridis,</span> <span class='ocrx_word' id='word_1_77' title='bbox 485 924 659 968; x_wconf 79' lang='lat' dir='ltr'>agrestis,</span> <span class='ocrx_word' id='word_1_78' title='bbox 686 921 890 964; x_wconf 88' lang='lat' dir='ltr'>umbrosus,</span> <span class='ocrx_word' id='word_1_79' title='bbox 918 933 1136 957; x_wconf 85' lang='lat' dir='ltr'>nemorosus.</span> <span class='ocrx_word' id='word_1_80' title='bbox 1184 922 1315 958; x_wconf 82' lang='lat' dir='ltr'>Viridis</span> <span class='ocrx_word' id='word_1_81' title='bbox 1343 924 1512 959; x_wconf 88' lang='lat' dir='ltr'>coelestia</span> <span class='ocrx_word' id='word_1_82' title='bbox 1541 935 1621 959; x_wconf 81' lang='lat' dir='ltr'>eon-</span> 
     </span>
     <span class='ocr_line' id='line_1_11' title="bbox 230 987 1622 1034; baseline 0.002 -13"><span class='ocrx_word' id='word_1_83' title='bbox 230 987 452 1033; x_wconf 86' lang='lat' dir='ltr'>templaudo,</span> <span class='ocrx_word' id='word_1_84' title='bbox 479 989 633 1034; x_wconf 81' lang='lat' dir='ltr'>agrestis</span> <span class='ocrx_word' id='word_1_85' title='bbox 660 998 698 1022; x_wconf 93' lang='lat' dir='ltr'>se</span> <span class='ocrx_word' id='word_1_86' title='bbox 723 988 835 1032; x_wconf 86' lang='lat' dir='ltr'>ipsum</span> <span class='ocrx_word' id='word_1_87' title='bbox 861 988 1074 1031; x_wconf 77' lang='lat' dir='ltr'>excolendo,</span> <span class='ocrx_word' id='word_1_88' title='bbox 1102 988 1286 1023; x_wconf 87' lang='lat' dir='ltr'>umbrosus</span> <span class='ocrx_word' id='word_1_89' title='bbox 1311 989 1355 1023; x_wconf 85' lang='lat' dir='ltr'>ab</span> <span class='ocrx_word' id='word_1_90' title='bbox 1382 992 1471 1024; x_wconf 89' lang='lat' dir='ltr'>omni</span> <span class='ocrx_word' id='word_1_91' title='bbox 1497 1000 1622 1025; x_wconf 76' lang='lat' dir='ltr'>coneu-</span> 
     </span>
     <span class='ocr_line' id='line_1_12' title="bbox 231 1053 1622 1101; baseline 0.004 -15"><span class='ocrx_word' id='word_1_92' title='bbox 231 1055 403 1098; x_wconf 76' lang='lat' dir='ltr'>piscentia</span> <span class='ocrx_word' id='word_1_93' title='bbox 426 1054 673 1100; x_wconf 81' lang='lat' dir='ltr'>refrigeratus,</span> <span class='ocrx_word' id='word_1_94' title='bbox 700 1063 905 1088; x_wconf 89' lang='lat' dir='ltr'>nemorosus</span> <span class='ocrx_word' id='word_1_95' title='bbox 934 1055 1023 1088; x_wconf 88' lang='lat' dir='ltr'>inter</span> <span class='ocrx_word' id='word_1_96' title='bbox 1049 1053 1194 1089; x_wconf 81' lang='lat' dir='ltr'>arbores</span> <span class='ocrx_word' id='word_1_97' title='bbox 1212 1055 1301 1089; x_wconf 79' lang='lat' dir='ltr'>coeli</span> <span class='ocrx_word' id='word_1_98' title='bbox 1317 1055 1506 1100; x_wconf 77' lang='lat' dir='ltr'>plantatus.</span> <span class='ocrx_word' id='word_1_99' title='bbox 1537 1055 1622 1101; x_wconf 85' lang='lat' dir='ltr'>Ejus</span> 
     </span>
     <span class='ocr_line' id='line_1_13' title="bbox 231 1117 1622 1165; baseline 0.002 -12"><span class='ocrx_word' id='word_1_100' title='bbox 231 1118 415 1165; x_wconf 80' lang='lat' dir='ltr'>legendam</span> <span class='ocrx_word' id='word_1_101' title='bbox 440 1118 643 1164; x_wconf 82' lang='lat' dir='ltr'>compilavit</span> <span class='ocrx_word' id='word_1_102' title='bbox 666 1117 840 1154; x_wconf 80' lang='lat' dir='ltr'>Eusebius</span> <span class='ocrx_word' id='word_1_103' title='bbox 867 1119 1122 1162; x_wconf 78' lang='lat' dir='ltr'>Caesariensis,</span> <span class='ocrx_word' id='word_1_104' title='bbox 1150 1130 1251 1165; x_wconf 85' lang='lat' dir='ltr'>qnam</span> <span class='ocrx_word' id='word_1_105' title='bbox 1276 1119 1400 1155; x_wconf 88' lang='lat' dir='ltr'>beatus</span> <span class='ocrx_word' id='word_1_106' title='bbox 1423 1121 1564 1156; x_wconf 84' lang='lat' dir='ltr'>Blasins</span> <span class='ocrx_word' id='word_1_107' title='bbox 1590 1124 1622 1157; x_wconf 95' lang='lat' dir='ltr'>in</span> 
     </span>
     <span class='ocr_line' id='line_1_14' title="bbox 230 1184 1621 1231; baseline 0.003 -13"><span class='ocrx_word' id='word_1_108' title='bbox 230 1185 378 1219; x_wconf 71' lang='lat' dir='ltr'>oonsilio</span> <span class='ocrx_word' id='word_1_109' title='bbox 410 1186 638 1231; x_wconf 79' lang='lat' dir='ltr'>septuaginta</span> <span class='ocrx_word' id='word_1_110' title='bbox 670 1186 915 1230; x_wconf 87' lang='lat' dir='ltr'>episcoporum</span> <span class='ocrx_word' id='word_1_111' title='bbox 940 1195 961 1219; x_wconf 89' lang='lat' dir='ltr'>a</span> <span class='ocrx_word' id='word_1_112' title='bbox 986 1184 1169 1220; x_wconf 77' lang='lat' dir='ltr'>catholicis</span> <span class='ocrx_word' id='word_1_113' title='bbox 1201 1185 1385 1231; x_wconf 76' lang='lat' dir='ltr'>legendam</span> <span class='ocrx_word' id='word_1_114' title='bbox 1418 1196 1621 1223; x_wconf 51' lang='lat' dir='ltr'>commemo«</span> 
     </span>
     <span class='ocr_line' id='line_1_15' title="bbox 232 1249 823 1293; baseline 0 -9"><span class='ocrx_word' id='word_1_115' title='bbox 232 1253 298 1293; x_wconf 83' lang='lat' dir='ltr'>rat,</span> <span class='ocrx_word' id='word_1_116' title='bbox 324 1252 414 1285; x_wconf 85' lang='lat' dir='ltr'>sicut</span> <span class='ocrx_word' id='word_1_117' title='bbox 436 1252 471 1284; x_wconf 87' lang='lat' dir='ltr'>in</span> <span class='ocrx_word' id='word_1_118' title='bbox 497 1250 638 1286; x_wconf 85' lang='lat' dir='ltr'>decreto</span> <span class='ocrx_word' id='word_1_119' title='bbox 662 1249 823 1285; x_wconf 85' lang='lat' dir='ltr'>habetur.</span> 
     </span>
    </p>

    <p class='ocr_par' dir='ltr' id='par_1_5' title="bbox 226 1304 1621 2477">
     <span class='ocr_line' id='line_1_16' title="bbox 318 1304 1621 1363; baseline 0.002 -11"><span class='ocrx_word' id='word_1_120' title='bbox 318 1320 355 1352; x_wconf 89' lang='lat'>1.</span> <span class='ocrx_word' id='word_1_121' title='bbox 383 1304 556 1351; x_wconf 79' lang='lat' dir='ltr'>Silvester</span> <span class='ocrx_word' id='word_1_122' title='bbox 581 1326 602 1350; x_wconf 83' lang='lat' dir='ltr'>a</span> <span class='ocrx_word' id='word_1_123' title='bbox 627 1319 736 1350; x_wconf 84' lang='lat' dir='ltr'>matre</span> <span class='ocrx_word' id='word_1_124' title='bbox 760 1326 797 1351; x_wconf 86' lang='lat' dir='ltr'>re</span> <span class='ocrx_word' id='word_1_125' title='bbox 825 1320 860 1350; x_wconf 88' lang='lat' dir='ltr'>et</span> <span class='ocrx_word' id='word_1_126' title='bbox 886 1317 1022 1350; x_wconf 85' lang='lat' dir='ltr'>nomine</span> <span class='ocrx_word' id='word_1_127' title='bbox 1043 1317 1144 1361; x_wconf 85' lang='lat' dir='ltr'>justa</span> <span class='ocrx_word' id='word_1_128' title='bbox 1168 1318 1307 1362; x_wconf 81' lang='lat' dir='ltr'>genitus</span> <span class='ocrx_word' id='word_1_129' title='bbox 1334 1327 1356 1351; x_wconf 87' lang='lat' dir='ltr'>a</span> <span class='ocrx_word' id='word_1_130' title='bbox 1369 1317 1496 1362; x_wconf 55' lang='lat' dir='ltr'>Cyrino</span> <span class='ocrx_word' id='word_1_131' title='bbox 1524 1330 1621 1363; x_wconf 89' lang='lat' dir='ltr'>pres-</span> 
     </span>
     <span class='ocr_line' id='line_1_17' title="bbox 230 1380 1621 1426; baseline 0.004 -13"><span class='ocrx_word' id='word_1_132' title='bbox 230 1381 352 1426; x_wconf 60' lang='lat' dir='ltr'>bytero</span> <span class='ocrx_word' id='word_1_133' title='bbox 380 1380 536 1416; x_wconf 86' lang='lat' dir='ltr'>eruditus</span> <span class='ocrx_word' id='word_1_134' title='bbox 566 1380 842 1426; x_wconf 79' lang='lat' dir='ltr'>hospitalitatem</span> <span class='ocrx_word' id='word_1_135' title='bbox 868 1392 997 1416; x_wconf 86' lang='lat' dir='ltr'>summe</span> <span class='ocrx_word' id='word_1_136' title='bbox 1022 1382 1221 1417; x_wconf 78' lang='lat' dir='ltr'>exercebat,</span> <span class='ocrx_word' id='word_1_137' title='bbox 1278 1381 1482 1418; x_wconf 82' lang='lat' dir='ltr'>Timotheus</span> <span class='ocrx_word' id='word_1_138' title='bbox 1507 1390 1621 1420; x_wconf 84' lang='lat' dir='ltr'>autem</span> 
     </span>
     <span class='ocr_line' id='line_1_18' title="bbox 231 1445 1621 1495; baseline 0.004 -16"><span class='ocrx_word' id='word_1_139' title='bbox 231 1446 371 1491; x_wconf 81' lang='lat' dir='ltr'>quidam</span> <span class='ocrx_word' id='word_1_140' title='bbox 395 1445 705 1481; x_wconf 79' lang='lat' dir='ltr'>christianissimus</span> <span class='ocrx_word' id='word_1_141' title='bbox 739 1447 783 1482; x_wconf 87' lang='lat' dir='ltr'>ab</span> <span class='ocrx_word' id='word_1_142' title='bbox 812 1458 853 1482; x_wconf 90' lang='lat' dir='ltr'>eo</span> <span class='ocrx_word' id='word_1_143' title='bbox 880 1448 914 1481; x_wconf 95' lang='lat' dir='ltr'>in</span> <span class='ocrx_word' id='word_1_144' title='bbox 948 1447 1135 1492; x_wconf 83' lang='lat' dir='ltr'>hospitium</span> <span class='ocrx_word' id='word_1_145' title='bbox 1163 1449 1372 1492; x_wconf 78' lang='lat' dir='ltr'>suscipitur,</span> <span class='ocrx_word' id='word_1_146' title='bbox 1424 1451 1482 1495; x_wconf 82' lang='lat' dir='ltr'>qui</span> <span class='ocrx_word' id='word_1_147' title='bbox 1506 1455 1621 1486; x_wconf 88' lang='lat' dir='ltr'>tamen</span> 
     </span>
     <span class='ocr_line' id='line_1_19' title="bbox 230 1511 1620 1559; baseline 0.004 -15"><span class='ocrx_word' id='word_1_148' title='bbox 230 1511 274 1545; x_wconf 89' lang='lat' dir='ltr'>ob</span> <span class='ocrx_word' id='word_1_149' title='bbox 299 1514 576 1557; x_wconf 79' lang='lat' dir='ltr'>persecutionem</span> <span class='ocrx_word' id='word_1_150' title='bbox 601 1512 645 1546; x_wconf 85' lang='lat' dir='ltr'>ab</span> <span class='ocrx_word' id='word_1_151' title='bbox 672 1513 751 1547; x_wconf 86' lang='lat' dir='ltr'>aliis</span> <span class='ocrx_word' id='word_1_152' title='bbox 778 1513 965 1548; x_wconf 76' lang='lat' dir='ltr'>vitabatur.</span> <span class='ocrx_word' id='word_1_153' title='bbox 1003 1513 1114 1558; x_wconf 78' lang='lat' dir='ltr'>H&#39;1e1)</span> <span class='ocrx_word' id='word_1_154' title='bbox 1140 1512 1344 1548; x_wconf 87' lang='lat' dir='ltr'>Timotheus</span> <span class='ocrx_word' id='word_1_155' title='bbox 1365 1525 1429 1559; x_wconf 85' lang='lat' dir='ltr'>per</span> <span class='ocrx_word' id='word_1_156' title='bbox 1445 1526 1544 1550; x_wconf 90' lang='lat' dir='ltr'>unum</span> <span class='ocrx_word' id='word_1_157' title='bbox 1560 1526 1620 1551; x_wconf 78' lang='lat' dir='ltr'>an-</span> 
     </span>
     <span class='ocr_line' id='line_1_20' title="bbox 231 1577 1603 1624; baseline 0.004 -14"><span class='ocrx_word' id='word_1_158' title='bbox 231 1588 308 1611; x_wconf 90' lang='lat' dir='ltr'>num</span> <span class='ocrx_word' id='word_1_159' title='bbox 333 1582 368 1612; x_wconf 85' lang='lat' dir='ltr'>et</span> <span class='ocrx_word' id='word_1_160' title='bbox 390 1577 437 1612; x_wconf 85' lang='lat' dir='ltr'>Ill</span> <span class='ocrx_word' id='word_1_161' title='bbox 462 1588 597 1612; x_wconf 87' lang='lat' dir='ltr'>meuses</span> <span class='ocrx_word' id='word_1_162' title='bbox 622 1578 840 1622; x_wconf 72' lang='lat' dir='ltr'>praedicavit</span> <span class='ocrx_word' id='word_1_163' title='bbox 865 1583 899 1613; x_wconf 86' lang='lat' dir='ltr'>et</span> <span class='ocrx_word' id='word_1_164' title='bbox 921 1582 1046 1624; x_wconf 87' lang='lat' dir='ltr'>postea</span> <span class='ocrx_word' id='word_1_165' title='bbox 1070 1588 1234 1612; x_wconf 83' lang='lat' dir='ltr'>eoronam</span> <span class='ocrx_word' id='word_1_166' title='bbox 1260 1584 1441 1614; x_wconf 78' lang='lat' dir='ltr'>assecutus</span> <span class='ocrx_word' id='word_1_167' title='bbox 1463 1585 1603 1616; x_wconf 85' lang='lat' dir='ltr'>estmar</span> 
     </span>
     <span class='ocr_line' id='line_1_21' title="bbox 230 1642 1620 1688; baseline 0.004 -12"><span class='ocrx_word' id='word_1_168' title='bbox 230 1644 313 1685; x_wconf 88' lang='lat' dir='ltr'>tirii,</span> <span class='ocrx_word' id='word_1_169' title='bbox 341 1643 418 1677; x_wconf 89' lang='lat' dir='ltr'>dum</span> <span class='ocrx_word' id='word_1_170' title='bbox 439 1642 662 1688; x_wconf 76' lang='lat' dir='ltr'>praedicaret</span> <span class='ocrx_word' id='word_1_171' title='bbox 675 1645 954 1678; x_wconf 84' lang='lat' dir='ltr'>constantissime</span> <span class='ocrx_word' id='word_1_172' title='bbox 971 1644 1069 1678; x_wconf 82' lang='lat' dir='ltr'>iidem</span> <span class='ocrx_word' id='word_1_173' title='bbox 1087 1643 1227 1678; x_wconf 79' lang='lat' dir='ltr'>Christi.</span> <span class='ocrx_word' id='word_1_174' title='bbox 1256 1643 1384 1678; x_wconf 86' lang='lat' dir='ltr'>Putans</span> <span class='ocrx_word' id='word_1_175' title='bbox 1399 1649 1512 1680; x_wconf 85' lang='lat' dir='ltr'>autem</span> <span class='ocrx_word' id='word_1_176' title='bbox 1531 1646 1620 1681; x_wconf 81' lang='lat' dir='ltr'>Tar-</span> 
     </span>
     <span class='ocr_line' id='line_1_22' title="bbox 232 1707 1620 1754; baseline 0.003 -12"><span class='ocrx_word' id='word_1_177' title='bbox 232 1710 369 1754; x_wconf 82' lang='lat' dir='ltr'>quinius</span> <span class='ocrx_word' id='word_1_178' title='bbox 395 1708 595 1753; x_wconf 82' lang='lat' dir='ltr'>praefectus</span> <span class='ocrx_word' id='word_1_179' title='bbox 623 1707 842 1743; x_wconf 79' lang='lat' dir='ltr'>Timotheum</span> <span class='ocrx_word' id='word_1_180' title='bbox 876 1710 992 1743; x_wconf 87' lang='lat' dir='ltr'>multis</span> <span class='ocrx_word' id='word_1_181' title='bbox 1025 1709 1224 1744; x_wconf 82' lang='lat' dir='ltr'>abundasse</span> <span class='ocrx_word' id='word_1_182' title='bbox 1260 1709 1391 1743; x_wconf 87' lang='lat' dir='ltr'>divitiis</span> <span class='ocrx_word' id='word_1_183' title='bbox 1417 1720 1478 1745; x_wconf 86' lang='lat' dir='ltr'>eas</span> <span class='ocrx_word' id='word_1_184' title='bbox 1503 1721 1524 1745; x_wconf 85' lang='lat' dir='ltr'>a</span> <span class='ocrx_word' id='word_1_185' title='bbox 1551 1712 1620 1747; x_wconf 84' lang='lat' dir='ltr'>Sil—</span> 
     </span>
     <span class='ocr_line' id='line_1_23' title="bbox 232 1774 1621 1820; baseline 0.003 -12"><span class='ocrx_word' id='word_1_186' title='bbox 232 1778 349 1809; x_wconf 86' lang='lat' dir='ltr'>vestre</span> <span class='ocrx_word' id='word_1_187' title='bbox 385 1775 550 1820; x_wconf 78' lang='lat' dir='ltr'>expetiit,</span> <span class='ocrx_word' id='word_1_188' title='bbox 599 1774 754 1809; x_wconf 82' lang='lat' dir='ltr'>inferens</span> <span class='ocrx_word' id='word_1_189' title='bbox 788 1776 818 1809; x_wconf 88' lang='lat' dir='ltr'>ei</span> <span class='ocrx_word' id='word_1_190' title='bbox 854 1777 964 1808; x_wconf 86' lang='lat' dir='ltr'>minas</span> <span class='ocrx_word' id='word_1_191' title='bbox 993 1776 1124 1809; x_wconf 82' lang='lat' dir='ltr'>mertis.</span> <span class='ocrx_word' id='word_1_192' title='bbox 1198 1774 1267 1809; x_wconf 87' lang='lat' dir='ltr'>Sed</span> <span class='ocrx_word' id='word_1_193' title='bbox 1293 1785 1367 1808; x_wconf 85' lang='lat' dir='ltr'>eum</span> <span class='ocrx_word' id='word_1_194' title='bbox 1395 1786 1474 1811; x_wconf 82' lang='lat' dir='ltr'>vere</span> <span class='ocrx_word' id='word_1_195' title='bbox 1501 1776 1621 1812; x_wconf 87' lang='lat' dir='ltr'>Timo-</span> 
     </span>
     <span class='ocr_line' id='line_1_24' title="bbox 230 1839 1620 1888; baseline 0.004 -15"><span class='ocrx_word' id='word_1_196' title='bbox 230 1839 344 1874; x_wconf 79' lang='lat' dir='ltr'>theum</span> <span class='ocrx_word' id='word_1_197' title='bbox 370 1840 569 1885; x_wconf 83' lang='lat' dir='ltr'>hujusmodi</span> <span class='ocrx_word' id='word_1_198' title='bbox 593 1840 736 1874; x_wconf 80' lang='lat' dir='ltr'>divitias</span> <span class='ocrx_word' id='word_1_199' title='bbox 761 1851 829 1874; x_wconf 88' lang='lat' dir='ltr'>uon</span> <span class='ocrx_word' id='word_1_200' title='bbox 855 1840 1022 1875; x_wconf 85' lang='lat' dir='ltr'>habuisse</span> <span class='ocrx_word' id='word_1_201' title='bbox 1047 1841 1232 1886; x_wconf 77' lang='lat' dir='ltr'>comperit,</span> <span class='ocrx_word' id='word_1_202' title='bbox 1277 1840 1482 1876; x_wconf 77' lang='lat' dir='ltr'>Silvestrum</span> <span class='ocrx_word' id='word_1_203' title='bbox 1505 1843 1620 1888; x_wconf 73' lang='lat' dir='ltr'>ydolis</span> 
     </span>
     <span class='ocr_line' id='line_1_25' title="bbox 230 1905 1621 1954; baseline 0.003 -15"><span class='ocrx_word' id='word_1_204' title='bbox 230 1905 410 1940; x_wconf 85' lang='lat' dir='ltr'>immolare</span> <span class='ocrx_word' id='word_1_205' title='bbox 435 1907 636 1950; x_wconf 79' lang='lat' dir='ltr'>praecepit,</span> <span class='ocrx_word' id='word_1_206' title='bbox 664 1906 820 1951; x_wconf 83' lang='lat' dir='ltr'>alioquin</span> <span class='ocrx_word' id='word_1_207' title='bbox 847 1908 881 1940; x_wconf 92' lang='lat' dir='ltr'>in</span> <span class='ocrx_word' id='word_1_208' title='bbox 908 1908 1095 1940; x_wconf 83' lang='lat' dir='ltr'>erastinum</span> <span class='ocrx_word' id='word_1_209' title='bbox 1125 1905 1266 1940; x_wconf 77' lang='lat' dir='ltr'>diversa</span> <span class='ocrx_word' id='word_1_210' title='bbox 1290 1908 1464 1951; x_wconf 80' lang='lat' dir='ltr'>reciperet</span> <span class='ocrx_word' id='word_1_211' title='bbox 1487 1919 1621 1954; x_wconf 79' lang='lat' dir='ltr'>genera.</span> 
     </span>
     <span class='ocr_line' id='line_1_26' title="bbox 230 1971 1619 2018; baseline 0.002 -14"><span class='ocrx_word' id='word_1_212' title='bbox 230 1975 488 2006; x_wconf 84' lang='lat' dir='ltr'>tormentorum.</span> <span class='ocrx_word' id='word_1_213' title='bbox 539 1971 601 2006; x_wconf 83' lang='lat' dir='ltr'>Cui</span> <span class='ocrx_word' id='word_1_214' title='bbox 628 1971 816 2006; x_wconf 80' lang='lat' dir='ltr'>Silvester:</span> <span class='ocrx_word' id='word_1_215' title='bbox 866 1972 992 2014; x_wconf 81' lang='lat' dir='ltr'>stulte,</span> <span class='ocrx_word' id='word_1_216' title='bbox 1042 1972 1106 2006; x_wconf 84' lang='lat' dir='ltr'>hae</span> <span class='ocrx_word' id='word_1_217' title='bbox 1131 1976 1231 2007; x_wconf 82' lang='lat' dir='ltr'>noete</span> <span class='ocrx_word' id='word_1_218' title='bbox 1255 1973 1413 2007; x_wconf 87' lang='lat' dir='ltr'>morieris</span> <span class='ocrx_word' id='word_1_219' title='bbox 1435 1977 1468 2007; x_wconf 88' lang='lat' dir='ltr'>et</span> <span class='ocrx_word' id='word_1_220' title='bbox 1493 1975 1619 2018; x_wconf 77' lang='lat' dir='ltr'>sempi-</span> 
     </span>
     <span class='ocr_line' id='line_1_27' title="bbox 231 2038 1619 2084; baseline 0.002 -14"><span class='ocrx_word' id='word_1_221' title='bbox 231 2040 330 2071; x_wconf 87' lang='lat' dir='ltr'>terna</span> <span class='ocrx_word' id='word_1_222' title='bbox 354 2041 527 2071; x_wconf 84' lang='lat' dir='ltr'>tormenta</span> <span class='ocrx_word' id='word_1_223' title='bbox 555 2039 703 2082; x_wconf 79' lang='lat' dir='ltr'>recipies</span> <span class='ocrx_word' id='word_1_224' title='bbox 729 2041 774 2080; x_wconf 88' lang='lat' dir='ltr'>et,</span> <span class='ocrx_word' id='word_1_225' title='bbox 807 2038 893 2073; x_wconf 85' lang='lat' dir='ltr'>velis</span> <span class='ocrx_word' id='word_1_226' title='bbox 915 2038 1018 2079; x_wconf 86' lang='lat' dir='ltr'>nolis,</span> <span class='ocrx_word' id='word_1_227' title='bbox 1047 2048 1163 2072; x_wconf 84' lang='lat' dir='ltr'>verum</span> <span class='ocrx_word' id='word_1_228' title='bbox 1188 2038 1296 2073; x_wconf 80' lang='lat' dir='ltr'>Deum</span> <span class='ocrx_word' id='word_1_229' title='bbox 1323 2048 1401 2073; x_wconf 85' lang='lat' dir='ltr'>esse</span> <span class='ocrx_word' id='word_1_230' title='bbox 1419 2049 1517 2084; x_wconf 82' lang='lat' dir='ltr'>quem</span> <span class='ocrx_word' id='word_1_231' title='bbox 1533 2039 1619 2073; x_wconf 82' lang='lat' dir='ltr'>coli-</span> 
     </span>
     <span class='ocr_line' id='line_1_28' title="bbox 229 2102 1620 2150; baseline 0.003 -15"><span class='ocrx_word' id='word_1_232' title='bbox 229 2111 323 2143; x_wconf 90' lang='lat' dir='ltr'>mus,</span> <span class='ocrx_word' id='word_1_233' title='bbox 359 2112 603 2148; x_wconf 78' lang='lat' dir='ltr'>recognosces.</span> <span class='ocrx_word' id='word_1_234' title='bbox 672 2102 844 2138; x_wconf 83' lang='lat' dir='ltr'>Silvester</span> <span class='ocrx_word' id='word_1_235' title='bbox 874 2105 983 2149; x_wconf 79' lang='lat' dir='ltr'>igitur</span> <span class='ocrx_word' id='word_1_236' title='bbox 1015 2105 1147 2138; x_wconf 77' lang='lat' dir='ltr'>carceri</span> <span class='ocrx_word' id='word_1_237' title='bbox 1173 2104 1323 2138; x_wconf 87' lang='lat' dir='ltr'>traditur</span> <span class='ocrx_word' id='word_1_238' title='bbox 1347 2108 1382 2139; x_wconf 91' lang='lat' dir='ltr'>et</span> <span class='ocrx_word' id='word_1_239' title='bbox 1407 2103 1620 2150; x_wconf 85' lang='lat' dir='ltr'>Tarquinius</span> 
     </span>
     <span class='ocr_line' id='line_1_29' title="bbox 229 2166 1618 2216; baseline 0.004 -16"><span class='ocrx_word' id='word_1_240' title='bbox 229 2166 273 2200; x_wconf 87' lang='lat' dir='ltr'>ad</span> <span class='ocrx_word' id='word_1_241' title='bbox 299 2167 480 2211; x_wconf 86' lang='lat' dir='ltr'>prandium</span> <span class='ocrx_word' id='word_1_242' title='bbox 517 2169 694 2203; x_wconf 73' lang='lat' dir='ltr'>invitatur.</span> <span class='ocrx_word' id='word_1_243' title='bbox 769 2169 865 2203; x_wconf 77' lang='lat' dir='ltr'>Dunr</span> <span class='ocrx_word' id='word_1_244' title='bbox 886 2180 972 2213; x_wconf 79' lang='lat' dir='ltr'>ergo</span> <span class='ocrx_word' id='word_1_245' title='bbox 1007 2169 1228 2209; x_wconf 74' lang='lat' dir='ltr'>comederet,</span> <span class='ocrx_word' id='word_1_246' title='bbox 1279 2180 1319 2203; x_wconf 86' lang='lat' dir='ltr'>os</span> <span class='ocrx_word' id='word_1_247' title='bbox 1346 2171 1453 2214; x_wconf 82' lang='lat' dir='ltr'>piscis</span> <span class='ocrx_word' id='word_1_248' title='bbox 1483 2172 1516 2203; x_wconf 94' lang='lat' dir='ltr'>in</span> <span class='ocrx_word' id='word_1_249' title='bbox 1542 2173 1618 2216; x_wconf 87' lang='lat' dir='ltr'>ejus</span> 
     </span>
     <span class='ocr_line' id='line_1_30' title="bbox 226 2234 1616 2281; baseline 0.004 -16"><span class='ocrx_word' id='word_1_250' title='bbox 226 2235 367 2277; x_wconf 77' lang='lat' dir='ltr'>gutture</span> <span class='ocrx_word' id='word_1_251' title='bbox 392 2234 442 2266; x_wconf 80' lang='lat' dir='ltr'>sic</span> <span class='ocrx_word' id='word_1_252' title='bbox 469 2237 648 2268; x_wconf 78' lang='lat' dir='ltr'>versatur,</span> <span class='ocrx_word' id='word_1_253' title='bbox 701 2238 736 2267; x_wconf 83' lang='lat' dir='ltr'>ut</span> <span class='ocrx_word' id='word_1_254' title='bbox 761 2234 855 2267; x_wconf 86' lang='lat' dir='ltr'>nulla</span> <span class='ocrx_word' id='word_1_255' title='bbox 880 2235 1016 2268; x_wconf 84' lang='lat' dir='ltr'>ratione</span> <span class='ocrx_word' id='word_1_256' title='bbox 1045 2235 1190 2278; x_wconf 76' lang='lat' dir='ltr'>rejicere</span> <span class='ocrx_word' id='word_1_257' title='bbox 1218 2236 1371 2278; x_wconf 83' lang='lat' dir='ltr'>potuerit</span> <span class='ocrx_word' id='word_1_258' title='bbox 1396 2235 1449 2269; x_wconf 82' lang='lat' dir='ltr'>vel</span> <span class='ocrx_word' id='word_1_259' title='bbox 1477 2236 1616 2281; x_wconf 77' lang='lat' dir='ltr'>glutire.</span> 
     </span>
     <span class='ocr_line' id='line_1_31' title="bbox 228 2297 1600 2341; baseline 0.004 -12"><span class='ocrx_word' id='word_1_260' title='bbox 228 2297 355 2341; x_wconf 73' lang='lat' dir='ltr'>Sic-que</span> <span class='ocrx_word' id='word_1_261' title='bbox 382 2297 495 2331; x_wconf 85' lang='lat' dir='ltr'>media</span> <span class='ocrx_word' id='word_1_262' title='bbox 520 2302 619 2331; x_wconf 84' lang='lat' dir='ltr'>nocte</span> <span class='ocrx_word' id='word_1_263' title='bbox 650 2298 832 2332; x_wconf 67' lang='lat' dir='ltr'>defunctus</span> <span class='ocrx_word' id='word_1_264' title='bbox 857 2298 900 2331; x_wconf 89' lang='lat' dir='ltr'>ad</span> <span class='ocrx_word' id='word_1_265' title='bbox 929 2299 1089 2332; x_wconf 86' lang='lat' dir='ltr'>tumulum</span> <span class='ocrx_word' id='word_1_266' title='bbox 1117 2310 1190 2333; x_wconf 80' lang='lat' dir='ltr'>eum</span> <span class='ocrx_word' id='word_1_267' title='bbox 1220 2300 1311 2334; x_wconf 76' lang='lat' dir='ltr'>lue-tu</span> <span class='ocrx_word' id='word_1_268' title='bbox 1339 2299 1475 2335; x_wconf 78' lang='lat' dir='ltr'>ducitur</span> <span class='ocrx_word' id='word_1_269' title='bbox 1499 2305 1533 2336; x_wconf 86' lang='lat' dir='ltr'>et</span> <span class='ocrx_word' id='word_1_270' title='bbox 1550 2301 1600 2336; x_wconf 89' lang='lat' dir='ltr'>Sil</span> 
     </span>
     <span class='ocr_line' id='line_1_32' title="bbox 230 2363 1618 2409; baseline 0.004 -14"><span class='ocrx_word' id='word_1_271' title='bbox 230 2366 344 2396; x_wconf 78' lang='lat' dir='ltr'>vester</span> <span class='ocrx_word' id='word_1_272' title='bbox 366 2372 440 2396; x_wconf 81' lang='lat' dir='ltr'>eum</span> <span class='ocrx_word' id='word_1_273' title='bbox 461 2363 592 2408; x_wconf 75' lang='lat' dir='ltr'>gaudio</span> <span class='ocrx_word' id='word_1_274' title='bbox 621 2373 639 2396; x_wconf 83' lang='lat' dir='ltr'>a</span> <span class='ocrx_word' id='word_1_275' title='bbox 666 2373 806 2398; x_wconf 63' lang='lat' dir='ltr'>ramere</span> <span class='ocrx_word' id='word_1_276' title='bbox 832 2363 1014 2405; x_wconf 81' lang='lat' dir='ltr'>liberatur,</span> <span class='ocrx_word' id='word_1_277' title='bbox 1041 2366 1097 2409; x_wconf 83' lang='lat' dir='ltr'>qui</span> <span class='ocrx_word' id='word_1_278' title='bbox 1129 2376 1195 2399; x_wconf 84' lang='lat' dir='ltr'>nen</span> <span class='ocrx_word' id='word_1_279' title='bbox 1225 2366 1334 2399; x_wconf 80' lang='lat' dir='ltr'>solum</span> <span class='ocrx_word' id='word_1_280' title='bbox 1361 2376 1382 2399; x_wconf 85' lang='lat' dir='ltr'>a</span> <span class='ocrx_word' id='word_1_281' title='bbox 1405 2365 1618 2408; x_wconf 64' lang='lat' dir='ltr'>christianis,</span> 
     </span>
     <span class='ocr_line' id='line_1_33' title="bbox 227 2427 1618 2477; baseline 0.004 -17"><span class='ocrx_word' id='word_1_282' title='bbox 227 2427 287 2460; x_wconf 78' lang='lat' dir='ltr'>sed</span> <span class='ocrx_word' id='word_1_283' title='bbox 314 2429 416 2461; x_wconf 85' lang='lat' dir='ltr'>etiam</span> <span class='ocrx_word' id='word_1_284' title='bbox 444 2438 464 2461; x_wconf 86' lang='lat' dir='ltr'>a</span> <span class='ocrx_word' id='word_1_285' title='bbox 489 2430 639 2473; x_wconf 77' lang='lat' dir='ltr'>paganis</span> <span class='ocrx_word' id='word_1_286' title='bbox 668 2430 753 2461; x_wconf 75' lang='lat' dir='ltr'>miro</span> <span class='ocrx_word' id='word_1_287' title='bbox 780 2428 994 2474; x_wconf 77' lang='lat' dir='ltr'>diligebatur</span> <span class='ocrx_word' id='word_1_288' title='bbox 1019 2431 1156 2465; x_wconf 70' lang='lat' dir='ltr'>ul&#39;l&#39;eeiu.</span> <span class='ocrx_word' id='word_1_289' title='bbox 1229 2430 1315 2465; x_wconf 87' lang='lat' dir='ltr'>Erat</span> <span class='ocrx_word' id='word_1_290' title='bbox 1347 2433 1435 2466; x_wconf 83' lang='lat' dir='ltr'>enim</span> <span class='ocrx_word' id='word_1_291' title='bbox 1475 2436 1618 2477; x_wconf 76' lang='lat' dir='ltr'>aspectu</span> 
     </span>
    </p>
   </div>
   <div class='ocr_carea' id='block_1_5' title="bbox 227 2492 1618 2541">
    <p class='ocr_par' dir='ltr' id='par_1_6' title="bbox 227 2492 1618 2541">
     <span class='ocr_line' id='line_1_34' title="bbox 227 2492 1618 2541; baseline 0.004 -17"><span class='ocrx_word' id='word_1_292' title='bbox 227 2492 419 2535; x_wconf 54' lang='lat' dir='ltr'>angelitus,</span> <span class='ocrx_word' id='word_1_293' title='bbox 447 2504 605 2527; x_wconf 81' lang='lat' dir='ltr'>sermone</span> <span class='ocrx_word' id='word_1_294' title='bbox 632 2493 772 2529; x_wconf 80' lang='lat' dir='ltr'>nitidus.</span> <span class='ocrx_word' id='word_1_295' title='bbox 799 2496 935 2540; x_wconf 72' lang='lat' dir='ltr'>integer</span> <span class='ocrx_word' id='word_1_296' title='bbox 959 2507 1119 2540; x_wconf 70' lang='lat' dir='ltr'>rei-pore,</span> <span class='ocrx_word' id='word_1_297' title='bbox 1150 2500 1290 2531; x_wconf 79' lang='lat' dir='ltr'>sanctus</span> <span class='ocrx_word' id='word_1_298' title='bbox 1318 2508 1446 2541; x_wconf 69' lang='lat' dir='ltr'>opere,</span> <span class='ocrx_word' id='word_1_299' title='bbox 1472 2498 1618 2531; x_wconf 73' lang='lat' dir='ltr'>consitio</span> 
     </span>
    </p>
   </div>
   <div class='ocr_carea' id='block_1_6' title="bbox 224 2658 1618 2739">
    <p class='ocr_par' dir='ltr' id='par_1_7' title="bbox 224 2658 1618 2739">
     <span class='ocr_line' id='line_1_35' title="bbox 329 2658 1618 2693; baseline 0.005 -11"><span class='ocrx_word' id='word_1_300' title='bbox 329 2659 352 2690; x_wconf 87' lang='grc' dir='ltr'>Ι)</span> <span class='ocrx_word' id='word_1_301' title='bbox 374 2658 485 2683; x_wconf 51' lang='lat' dir='ltr'>wsb-n</span> <span class='ocrx_word' id='word_1_302' title='bbox 514 2658 745 2686; x_wconf 62' lang='lat' dir='ltr'>Timotheus</span> <span class='ocrx_word' id='word_1_303' title='bbox 767 2673 795 2678; x_wconf 88' lang='lat'>—</span> <span class='ocrx_word' id='word_1_304' title='bbox 819 2663 951 2693; x_wconf 59' lang='lat' dir='ltr'>poste-¹·</span> <span class='ocrx_word' id='word_1_305' title='bbox 974 2659 1099 2687; x_wconf 65' lang='lat' dir='ltr'>lori-‘isse</span> <span class='ocrx_word' id='word_1_306' title='bbox 1121 2672 1154 2687; x_wconf 57' lang='lat' dir='ltr'>tax</span> <span class='ocrx_word' id='word_1_307' title='bbox 1176 2661 1345 2693; x_wconf 39' lang='lat' dir='ltr'>glenonem</span> <span class='ocrx_word' id='word_1_308' title='bbox 1376 2665 1443 2687; x_wconf 59' lang='lat' dir='ltr'>irim</span> <span class='ocrx_word' id='word_1_309' title='bbox 1465 2661 1570 2687; x_wconf 59' lang='lat' dir='ltr'>dramni</span> <span class='ocrx_word' id='word_1_310' title='bbox 1592 2662 1618 2688; x_wconf 73' lang='grc' dir='ltr'>ῐιι</span> 
     </span>
     <span class='ocr_line' id='line_1_36' title="bbox 224 2701 1186 2739; baseline 0.005 -14"><span class='ocrx_word' id='word_1_311' title='bbox 224 2701 264 2727; x_wconf 66' lang='lat' dir='ltr'>sd</span> <span class='ocrx_word' id='word_1_312' title='bbox 294 2701 401 2734; x_wconf 55' lang='lat' dir='ltr'>Trium,</span> <span class='ocrx_word' id='word_1_313' title='bbox 451 2712 514 2735; x_wconf 59' lang='lat' dir='ltr'>[vru-</span> <span class='ocrx_word' id='word_1_314' title='bbox 538 2702 600 2729; x_wconf 47' lang='lat'>1212*</span> <span class='ocrx_word' id='word_1_315' title='bbox 658 2713 704 2737; x_wconf 61' lang='grc' dir='ltr'>γ’»</span> <span class='ocrx_word' id='word_1_316' title='bbox 721 2708 798 2730; x_wconf 55' lang='lat' dir='ltr'>*lt-1·</span> <span class='ocrx_word' id='word_1_317' title='bbox 826 2703 908 2730; x_wconf 43' lang='lat' dir='ltr'>„ww</span> <span class='ocrx_word' id='word_1_318' title='bbox 930 2709 1017 2739; x_wconf 58' lang='grc' dir='ltr'>Γῡεθ</span> <span class='ocrx_word' id='word_1_319' title='bbox 1041 2714 1186 2731; x_wconf 51' lang='lat' dir='ltr'>{tunultu</span> 
     </span>
    </p>
   </div>
  </div>
 </body>
</html>
