1742 3005
321 55 417 105 Cap.
452 54 658 93 LXXXlX.
725 55 783 94 De
815 62 944 94 sancto
975 57 1088 96 Petro
1119 59 1306 110 apostolo.
1429 61 1508 100 373

117 161 345 206 elongassent
371 170 433 195 eos
459 160 504 195 ab
537 162 701 204 invicem,
745 165 886 197 secutus
926 173 1000 198 sum
1034 165 1238 210 magistrum
1264 176 1397 209 meum,
1440 178 1508 202 non

116 227 205 261 enim
230 226 266 260 in
291 224 414 261 eodem
432 228 508 261 vico
530 227 735 262 occiderunt
754 238 827 262 eos.
876 227 967 263 Haec
984 228 1184 275 Dionysius.
1232 231 1354 266 Petrus
1379 236 1504 275 autem,

113 296 150 325 ut
175 290 249 326 Leo
279 296 313 326 et
336 291 528 326 Marcellus
553 297 749 336 testantur,
776 293 854 328 dum
882 296 1036 329 venisset
1062 295 1105 329 ad
1132 305 1287 339 crucem,
1313 299 1381 332 ait:
1416 309 1503 343 quo-

111 358 203 391 niam
237 356 397 392 dominus
431 368 528 393 meus
561 358 604 394 de
640 359 740 394 coelo
775 359 820 393 ad
855 363 981 393 terram
1018 359 1220 404 descendit,
1265 367 1362 397 recta
1402 373 1502 399 cruce

109 422 318 457 sublimatus
347 427 420 466 est,
467 434 521 459 me
545 428 672 465 autem,
699 435 799 469 quem
824 424 866 458 de
892 428 988 458 terra
1011 424 1057 458 ad
1081 425 1215 459 coelum
1235 437 1361 462 vocare
1379 427 1502 474 digna-

108 493 184 531 tur,
221 499 304 523 crux
339 498 416 524 mea
451 492 556 533 caput
587 499 698 522 meum
731 490 766 522 in
799 493 895 523 terra
920 488 1026 524 debet
1050 490 1237 525 ostendere
1263 496 1298 526 ct
1323 492 1431 536 pedes
1458 494 1502 528 ad

107 554 241 589 coelum
267 554 434 599 dirigere.
481 552 574 598 Ergo
601 555 684 597 quia
708 564 778 587 non
805 564 878 587 sum
905 555 954 588 ita
979 556 1014 589 in
1038 565 1142 591 cruce
1170 566 1250 591 csse
1284 557 1431 604 dignus,
1466 564 1502 594 ut

57 643 65 647 -
107 620 266 654 dominus
290 628 407 660 meus,
445 628 580 653 crucem
605 629 715 653 meum
749 620 865 665 girate
899 624 933 654 et
957 622 1074 665 capite
1100 620 1254 656 demisso
1281 633 1335 658 mc
1360 624 1498 659 crucili-

102 688 188 731 gite.
237 684 336 719 Tune
370 683 421 717 illi
456 694 593 719 crucem
627 689 805 720 verterunt
839 689 874 720 et
906 685 1017 730 pedes
1045 697 1201 730 sursum,
1238 699 1359 724 manus
1385 694 1498 726 autem

101 750 265 785 deorsum
290 749 449 785 fixerunt.
499 749 598 784 Tunc
624 755 740 785 autem
766 751 916 796 populus
943 752 1061 787 furore
1088 753 1241 797 repletus
1267 754 1408 790 volebat
1426 755 1496 790 Ne·-

102 826 220 851 ronem
255 820 290 851 et
323 815 539 861 praesectum
567 816 730 851 occidere
756 821 789 852 ct
814 818 1011 861 apostolum
1035 818 1210 861 liberare,
1244 822 1303 865 qui
1340 832 1401 855 eos
1437 833 1493 856 ro-

99 881 222 927 gabat,
248 892 291 916 nc
319 882 519 926 passionem
545 892 642 916 suam
671 882 840 926 impedire
866 882 1045 918 deberent.
1094 884 1260 919 Dominus
1287 891 1418 929 autem,
1459 892 1495 922 ut

99 949 150 982 ait
183 947 405 993 Hegesippus
446 951 480 982 ct
515 947 646 990 Linus,
683 949 822 992 aperuit
855 948 976 982 oculos
1013 960 1152 991 eorum,
1189 951 1249 995 qui
1276 951 1323 985 ibi
1350 952 1491 995 ssebant,

99 1017 134 1048 et
158 1013 318 1048 viderunt
344 1013 492 1059 angelos
521 1017 655 1047 stantes
684 1024 760 1047 cum
787 1015 926 1047 coronis
953 1014 996 1049 de
1030 1014 1175 1050 floribus
1203 1026 1359 1051 rosarum
1387 1023 1421 1053 et
1446 1020 1486 1053 Ιί7

96 1079 220 1113 liorum
255 1082 289 1113 ct
324 1078 462 1114 Petrum
495 1080 530 1114 in
563 1090 665 1114 cruce
698 1084 847 1113 stantem
883 1090 957 1113 cum
994 1082 1036 1115 iis
1075 1085 1110 1115 et
1143 1081 1268 1115 librum
1303 1092 1324 1117 a
1350 1082 1487 1118 Clu-isto

94 1146 322 1188 accipientem
359 1149 393 1180 et
427 1156 470 1180 ea
502 1145 630 1188 verba,
670 1156 758 1191 quae
795 1145 1025 1190 loquebatur,
1070 1145 1118 1179 ihi
1155 1139 1341 1192 legentemss
1392 1149 1489 1184 Tunc

94 1210 238 1253 Petrus,
273 1214 311 1244 ut
334 1214 486 1246 testatur
510 1211 603 1247 idem
627 1211 871 1257 HegesippuS,
907 1211 950 1245 de
984 1221 1087 1246 cruce
1124 1212 1240 1247 dicere
1268 1216 1405 1259 coepit:
1441 1219 1486 1263 te,

92 1276 253 1319 domine,
279 1279 406 1311 imitari
434 1278 574 1321 optavi,
600 1276 663 1311 sed
689 1281 803 1311 rectus
829 1276 988 1322 crucifigi
1016 1287 1083 1311 non
1109 1281 1295 1322 usurpavi:
1332 1283 1368 1314 tu
1394 1291 1484 1315 sem-

92 1352 155 1386 per
178 1346 314 1384 rectus,
350 1342 511 1377 excelsus
539 1346 574 1377 et
606 1342 724 1384 altus,
758 1352 821 1376 nos
856 1343 959 1386 primi
995 1342 1145 1377 hominis
1182 1343 1263 1387 tilii,
1301 1347 1360 1390 qui
1383 1351 1485 1391 caput

91 1417 191 1441 suum
217 1406 384 1441 demersit
406 1408 440 1441 in
460 1412 601 1449 terram,
627 1408 726 1452 quus
750 1407 886 1452 lapsum
913 1408 1091 1454 significat
1115 1411 1253 1454 specics
1279 1413 1479 1455 generatio-

91 1474 145 1507 nis
166 1472 357 1507 humanae:
386 1474 436 1507 sic
455 1474 544 1508 enim
563 1474 750 1515 nascimur,
777 1477 813 1507 ut
829 1475 930 1517 proni
950 1475 983 1507 in
1001 1478 1128 1508 terram
1148 1475 1326 1510 videamur
1341 1476 1481 1511 effundi.

90 1538 229 1587 Mutata
254 1548 393 1584 quoque
417 1538 570 1573 conditio
597 1543 672 1581 est,
697 1542 733 1572 ut
759 1538 824 1573 hec
858 1543 956 1584 putet
990 1539 1138 1574 mundus
1172 1540 1351 1583 dextrum,
1390 1543 1482 1588 quod

88 1608 229 1638 constat
255 1614 335 1639 esse
361 1605 557 1639 sinistrum:
584 1608 643 1646 tu,
671 1603 822 1646 domine,
849 1604 930 1638 mihi
957 1606 1074 1639 omnia
1098 1616 1148 1648 es,
1174 1610 1297 1649 totum,
1325 1607 1419 1652 quod
1445 1619 1481 1642 es

89 1674 126 1704 tu
144 1669 227 1704 mihi
246 1674 366 1712 totum,
387 1674 421 1704 et
438 1669 522 1704 nihil
542 1669 716 1704 aliudnisi
734 1674 770 1704 tu
788 1670 884 1704 solus
900 1681 907 1704 :
932 1672 1067 1716 gratias
1087 1671 1151 1705 tihi
1169 1681 1237 1717 ago
1256 1673 1382 1716 spiritu
1392 1677 1479 1715 toto,

88 1746 157 1781 quo
176 1737 268 1778 vivo,
290 1746 358 1780 quo
374 1735 548 1781 intelligo,
568 1746 635 1781 quo
656 1735 853 1780 interpello.
881 1735 1046 1772 Ubiduae
1058 1736 1149 1772 aliae
1163 1738 1317 1772 rationes
1331 1742 1479 1784 tangun-

86 1805 152 1844 tur,
175 1811 284 1847 quare
303 1805 419 1836 rectus
439 1801 550 1836 noluit
565 1800 734 1847 cruciligi.
762 1801 963 1848 vidensque
981 1802 1117 1846 Petrus,
1145 1802 1239 1849 quod
1259 1802 1380 1839 fideles
1398 1803 1477 1849 glo-

86 1868 172 1901 riam
185 1877 283 1902 suam
297 1867 480 1910 vidissent,
504 1869 639 1914 gratias
660 1878 770 1914 agens
787 1872 820 1902 et
832 1868 905 1903 Deo
923 1868 1044 1903 fideles
1063 1868 1307 1904 commendans
1320 1870 1478 1913 spiritum

43 1954 47 1959 ·
88 1934 214 1967 emisit.
264 1932 363 1967 Tunc
378 1933 570 1968 Marcellus
596 1938 630 1968 et
655 1934 827 1979 Apulejus
856 1934 996 1977 fratres,
1024 1934 1190 1979 discipuli
1215 1935 1305 1980 ejus,
1335 1946 1410 1970 cum
1435 1935 1478 1970 (lc

83 2007 186 2032 cruce
223 1997 463 2042 deposuerunt
493 2002 528 2033 et
561 1998 712 2033 diversis
752 1998 956 2034 condientes
994 2000 1210 2034 aromatibus
1249 2000 1476 2044 sepelierunt.

85 2063 255 2097 Ysidorus
281 2064 317 2097 in
343 2063 434 2097 libro
459 2063 502 2098 de
528 2068 607 2098 ortu
631 2068 665 2098 et
689 2064 788 2098 obitu
814 2069 1014 2099 sanctorum
1051 2067 1103 2099 sic
1127 2066 1194 2098 ait:
1225 2065 1349 2100 Petrus
1375 2069 1474 2110 post·

82 2138 185 2174 quam
212 2128 465 2164 Antiochenam
499 2128 659 2164 fundavit
691 2130 876 2173 ecclesiam
901 2131 965 2164 snb
993 2130 1141 2165 Claudio
1169 2129 1324 2164 Caesare
1353 2134 1476 2164 contra

81 2194 265 2239 Symonem
287 2205 426 2241 magum
449 2194 591 2230 Romam
617 2186 735 2241 pergit
759 2196 878 2241 ibique
903 2195 1112 2240 praedicans
1139 2195 1359 2242 evangelium
1376 2195 1474 2230 XXV

81 2261 182 2293 annis
199 2260 358 2305 ejusdem
382 2251 479 2295 urhis
503 2260 741 2306 pontificatum
764 2262 887 2304 tenuit,
912 2262 1088 2296 tricesimo
1114 2265 1229 2296 autem
1254 2264 1353 2295 sexto
1382 2271 1472 2295 anno

81 2334 104 2358 a
127 2326 292 2369 passione
316 2325 446 2360 domini
469 2336 490 2360 a
513 2326 652 2362 Nerone
677 2327 851 2370 deorsum,
878 2331 915 2362 ut
940 2328 1017 2372 ipse
1043 2326 1170 2369 voluit,
1194 2325 1379 2361 crucifixus
1407 2330 1470 2360 est.

81 2389 181 2424 Haec
197 2389 380 2425 Ysidorus.
429 2389 467 2425 In
486 2392 565 2436 ipsa
579 2397 692 2427 autem
719 2393 777 2428 die
800 2393 926 2428 Petrus
954 2396 988 2427 ct
1013 2392 1141 2427 Paulus
1166 2391 1334 2436 Dionysio
1358 2401 1469 2436 appa-

81 2459 235 2498 ruerunt,
263 2455 452 2491 secundum
472 2457 566 2501 quod
583 2458 660 2501 ipse
679 2458 763 2493 dicit
784 2460 818 2492 in
831 2457 1013 2502 praedicta
1031 2456 1183 2501 epistola
1201 2456 1333 2492 inhaec
1348 2456 1469 2492 verba:

80 2521 221 2556 attende
242 2522 459 2565 miraculum,
485 2521 564 2556 vide
591 2522 802 2568 prodigium,
829 2522 940 2557 frater
964 2523 1007 2556 1ni
1027 2521 1247 2565 Timotheus,
1274 2522 1345 2557 dici
1369 2524 1466 2557 victi-

79 2588 242 2622 mationis
267 2589 434 2633 ipsorum.
471 2586 554 2622 Nam
575 2592 717 2632 praesto
737 2587 785 2622 fui
802 2579 841 2622 ‘in
860 2592 1016 2632 tempore
1037 2588 1273 2633 separationis
1292 2590 1464 2634 ipsorum:

79 2656 160 2698 post
185 2657 329 2690 mortem
361 2658 475 2689 autem
513 2653 650 2689 illorum
687 2654 757 2689 vidi
785 2664 846 2689 eos
874 2655 1018 2691 invicem
1053 2664 1155 2690 manu
1182 2653 1227 2690 ad
1250 2664 1385 2690 manum
1412 2656 1463 2689 in-
