1742 3005
280 125 360 165 220
547 127 642 176 Cap.
671 126 735 164 Ll.
794 126 853 163 De
881 127 1170 164 annuntiatione
1200 126 1404 164 dominica.

278 231 439 264 vitiorum
463 232 563 264 aestu
590 228 830 274 refrigerabit.
864 227 907 263 Et
924 239 1003 264 ecce
1022 228 1205 266 Elizabetli
1232 235 1383 277 cognata
1404 235 1470 267 etc.
1506 229 1597 265 Ecce
1615 230 1666 264 di-

276 297 335 336 cit,
363 298 399 327 ut
425 294 589 329 ostendat
614 293 679 328 hoc
704 304 783 329 esse
807 304 969 340 magnum
993 305 1117 330 novum
1145 298 1301 332 vicinum.
1338 297 1494 337 Quatuor
1521 297 1563 331 de
1584 306 1665 330 cau-

275 362 325 393 sis
363 363 552 404 conceptus
578 358 761 394 Elizabeth
787 359 924 395 Mariae
964 363 1164 404 mintiatur,
1216 362 1402 397 seeundum
1439 362 1665 397 Ber-nardum.

276 425 391 459 Prima
415 428 468 460 est
493 425 647 459 cunmlus
671 425 842 467 laetitiae,
872 426 1026 460 secunda
1051 427 1222 471 perfectio
1249 428 1430 469 scientiae,
1455 429 1559 462 tertia
1586 438 1664 473 per-

276 490 382 525 fectio
418 490 619 533 doctrinae,
661 495 788 536 quarta.
820 490 1025 536 obsequium
1057 491 1332 526 misericordiae.
1380 491 1473 526 Dicit
1499 494 1587 527 enim
1613 494 1664 527 sic

273 556 520 602 Hieronymus:
546 558 677 592 sterilis
704 561 878 604 cognatae
902 561 1090 602 conceptus
1115 557 1253 592 Mariae
1281 558 1471 601 nuntiatur,
1500 562 1556 600 ut,
1586 558 1664 592 dum

271 623 474 657 miraculum
499 624 666 657 miraculo
691 623 851 665 additur,
880 622 1011 668 gaudio
1038 622 1203 667 gaudium
1229 623 1431 658 cumuletur.
1482 623 1544 658 Vel
1570 623 1662 665 ideo,

272 689 355 733 quia
380 688 539 733 profecto
567 687 737 731 docebat,
771 692 809 722 ut
833 687 974 722 verbum
1010 698 1089 721 mox
1116 686 1365 733 divulgandum
1398 688 1528 734 ubique
1557 690 1664 724 sciret

271 755 367 797 prius
396 754 495 798 virgo
521 764 584 798 per
608 753 781 797 angelum,
808 762 910 797 quam
936 752 1075 787 audiret
1100 752 1144 786 ab
1171 751 1320 796 homine,
1347 764 1389 788 ne
1414 757 1526 789 mater
1550 754 1615 789 Dei
1641 765 1663 788 a

271 818 429 851 consiliis
454 817 516 851 filii
541 818 721 852 videretur
746 821 881 859 amota,
922 818 953 851 si
979 827 1109 860 eorum,
1137 828 1227 863 quae
1253 820 1289 853 in
1323 821 1427 853 terris
1454 823 1524 853 tam
1550 830 1662 864 prope

269 886 459 929 geruntur,
486 885 715 919 remansisset
740 884 878 929 ignara.
937 881 1001 917 Vel
1025 882 1105 917 ideo
1131 885 1269 928 potius,
1307 888 1345 918 ut
1378 883 1456 918 dum
1481 888 1563 919 tunc
1588 885 1659 919 sal-

271 950 424 991 vatoris,
451 959 540 983 nune
564 950 808 994 praecursoris
834 947 1003 983 edocetur
1028 948 1219 991 adventus,
1244 960 1357 984 rerum
1383 954 1519 994 tempus
1544 954 1579 985 ct
1603 960 1660 985 or-

269 1013 383 1049 dinem
406 1018 551 1057 tenens,
592 1016 671 1059 ipsa
706 1014 925 1059 postmodum
960 1014 1190 1058 scriptoribus
1226 1019 1332 1060 atque
1355 1015 1660 1060 praedicatoribus

267 1083 427 1115 reservet
450 1082 643 1115 veritatem.
679 1080 742 1115 Vel
768 1080 861 1123 ideo,
887 1084 925 1114 ut
951 1079 1097 1114 audiens
1126 1080 1275 1114 vetulam
1303 1084 1337 1115 et
1361 1081 1543 1127 gravidam
1572 1092 1659 1127 cog-

266 1150 383 1180 natam
415 1148 546 1192 cogitet
566 1146 755 1191 juvencula
781 1146 823 1181 de
848 1145 1041 1190 obsequio,
1066 1149 1103 1178 ut
1128 1146 1178 1179 sie
1205 1146 1352 1190 parvulo
1377 1146 1571 1191 prophetae
1597 1146 1658 1182 de-

263 1215 321 1246 tur
344 1212 442 1246 locus
468 1211 687 1257 obsequendi
711 1211 848 1245 domiuo
876 1215 910 1245 et
934 1211 1129 1245 mirabilius
1164 1211 1365 1245 miraculum
1392 1212 1451 1245 liat
1475 1201 1518 1247 de
1551 1214 1656 1247 mira-

266 1277 356 1311 culo.
402 1277 486 1312 Item
512 1277 732 1311 Bernartius:
770 1276 815 1311 da
837 1278 939 1323 virgo
965 1287 1170 1322 responsum
1195 1277 1413 1314 festinanter.
1462 1278 1489 1313 0
1517 1278 1657 1313 domina

263 1342 437 1387 responde
463 1343 605 1378 verbum
630 1346 664 1377 et
688 1343 828 1387 suscipe
854 1342 995 1377 verbnm
1012 1369 1019 1383 ‚
1059 1342 1181 1386 profer
1212 1346 1305 1375 tuum
1340 1346 1374 1377 et
1399 1345 1538 1388 suscipe
1565 1344 1654 1378 divi-

262 1418 361 1451 num,
400 1409 516 1443 emitte
542 1409 783 1443 transitorium
808 1411 842 1442 et
867 1407 1077 1452 amplectere
1102 1408 1368 1452 sempiternum,
1395 1418 1513 1454 surge,
1540 1420 1652 1451 curre,

260 1475 371 1518 aperi.
419 1473 532 1519 Surge
557 1484 621 1518 per
646 1473 767 1515 fidem,
803 1484 902 1508 curre
929 1484 992 1517 per
1017 1472 1257 1515 devotionem,
1294 1475 1393 1518 aperi
1419 1485 1482 1518 per
1505 1485 1653 1509 cousen-

260 1541 404 1574 sionem.
454 1539 553 1574 Tunc
577 1539 693 1574 Maria
716 1540 883 1584 expansis
909 1537 1067 1572 manibus
1094 1542 1128 1572 et
1153 1539 1263 1573 oculis
1290 1539 1334 1573 ad
1367 1539 1501 1574 coelum
1526 1539 1653 1574 levatis

259 1606 329 1639 ait:
357 1616 440 1640 ecce
467 1606 596 1640 ancilla
622 1605 762 1646 domiui,
789 1604 849 1638 liat
873 1603 957 1637 milii
981 1603 1166 1638 secumlum
1193 1604 1332 1639 verbum
1358 1609 1462 1638 tuum.
1500 1604 1652 1639 Bernar-

259 1671 345 1704 dus:
373 1671 453 1705 aliis
483 1672 516 1705 in
543 1681 626 1713 ore⁷
656 1671 735 1704 aliis
761 1672 795 1704 in
818 1680 924 1712 aure,
969 1670 1050 1704 aliis
1079 1670 1111 1703 iu
1141 1680 1242 1704 manu
1268 1670 1410 1705 verbum
1436 1670 1501 1705 Dei
1524 1672 1649 1705 sactum

258 1736 366 1770 l'uisse
392 1741 613 1771 memoratur.
662 1736 799 1772 Mariae
827 1740 941 1770 autem
967 1736 1095 1770 sactum
1121 1740 1174 1771 est
1200 1737 1233 1769 in
1258 1746 1341 1770 aure
1369 1746 1432 1780 per
1453 1737 1650 1781 angelicam

257 1802 516 1844 salutationem,
544 1804 577 1835 in
603 1802 708 1837 corde
736 1813 798 1847 per
820 1801 931 1844 iidem,
960 1803 992 1835 iu
1019 1812 1080 1836 ore
1105 1812 1168 1846 per
1192 1802 1460 1844 consessionem,
1489 1803 1521 1836 in
1548 1812 1648 1836 mauu

257 1878 319 1911 per
339 1868 661 1908 contrectationem,
684 1870 716 1902 in
735 1872 853 1903 ventre
872 1878 934 1912 per
957 1868 1242 1908 incarnationem,
1269 1867 1301 1899 in
1325 1868 1458 1910 gremio
1481 1878 1543 1911 per
1568 1877 1646 1901 sus-

254 1934 502 1973 tentationem,
537 1934 571 1966 in
595 1933 751 1967 brachiis
778 1944 840 1978 per
864 1932 1088 1967 oblationem.
1144 1931 1223 1965 Fiat
1247 1931 1330 1965 mihi
1356 1932 1541 1966 secuudum
1569 1943 1646 1967 ver—

255 1998 332 2032 bum
360 2003 463 2032 tuum.
524 1998 743 2032 Boi-nardus:
787 1998 868 2032 nolo
904 2002 941 2031 ut
974 1997 1033 2032 fiat
1062 1997 1145 2048 mihi
1176 2001 1235 2031 aut
1267 1997 1514 2031 declamatorie
1540 2008 1644 2042 prae-

256 2064 426 2105 dicatum,
465 2068 523 2097 aut
548 2063 742 2108 figuraliter
767 2064 1021 2109 significatum,
1063 2068 1123 2098 aut
1144 2064 1400 2108 ymagiuatorie
1425 2064 1644 2106 somniatum,

253 2130 315 2164 sed
350 2130 494 2164 silenter
520 2130 748 2173 inspiratum,
790 2130 1026 2174 personaliter
1061 2130 1296 2171 incarnatum,
1332 2129 1565 2173 corporaliter
1590 2130 1643 2163 iu-

253 2197 473 2230 visccratum.
521 2195 714 2240 Statimque
741 2194 831 2229 lilius
856 2195 921 2229 Dei
947 2196 981 2228 in
1013 2199 1112 2229 utero
1139 2195 1233 2228 illius
1261 2199 1449 2237 conceptus
1483 2199 1537 2229 est
1560 2205 1641 2238 per—

252 2261 362 2295 l'cctus
392 2260 496 2301 lleus,
525 2260 701 2304 perfectus
729 2260 830 2294 homo
855 2265 889 2295 et
916 2262 949 2294 in
977 2262 1055 2304 ipsa
1080 2261 1190 2304 prima
1215 2259 1271 2293 die
1299 2260 1536 2303 conceptionis
1561 2264 1640 2293 tan-

253 2331 308 2361 tae
342 2327 537 2370 sapientiae
565 2336 606 2359 ac
637 2327 814 2370 potentiae
848 2327 1004 2367 exstitit,
1041 2330 1191 2370 quantae
1223 2326 1257 2358 iu
1292 2324 1405 2360 XXX.
1441 2335 1530 2358 anno
1565 2324 1639 2360 snit.

252 2392 351 2426 'l'uuc
386 2402 535 2435 surgens
564 2390 681 2425 Maria
714 2390 802 2425 abiit
827 2392 868 2429 ,in
902 2396 1066 2425 montana
1101 2390 1145 2424 ad
1171 2389 1355 2425 Elizabeth
1390 2394 1424 2425 et
1458 2401 1531 2424 cum
1564 2401 1636 2425 eam

250 2458 439 2492 salutasset
463 2456 661 2493 Jolianncs,
698 2458 730 2490 iu
757 2459 833 2501 cJus
860 2461 958 2491 utero
985 2456 1184 2490 exsultavit.
1235 2455 1380 2490 (ilossaz
1408 2457 1489 2501 quia
1516 2456 1638 2500 lingua

250 2535 315 2557 nou
343 2527 500 2568 poterat,
527 2523 640 2556 animo
666 2522 862 2556 exsultante
884 2522 1014 2555 salutat
1038 2526 1073 2557 et
1093 2532 1177 2557 suae
1202 2522 1462 2566 praecursionis
1486 2520 1635 2554 ol'licium

251 2589 400 2623 intimat.
448 2587 528 2622 Fuit
553 2592 665 2622 autem
693 2589 726 2621 in
752 2589 828 2633 ejus
857 2587 1028 2633 obsequio
1068 2587 1180 2621 tribus
1206 2586 1403 2627 mensibus,
1438 2585 1549 2619 donec
1572 2584 1633 2619 Jo-

248 2653 379 2687 lnauncs
405 2658 627 2693 nasceretur,
665 2664 763 2699 quem
790 2654 948 2688 manibus
975 2654 1048 2688 suis
1083 2652 1126 2687 de
1159 2656 1253 2687 terra
1283 2651 1434 2690 levavit,
1484 2650 1573 2684 sicut
1600 2651 1632 2684 iu

247 2719 336 2753 libro
361 2719 534 2763 justorum
559 2719 697 2763 legitur.
746 2718 781 2753 lu
808 2718 873 2753 hac
899 2717 954 2754 die
979 2719 1035 2761 (ut
1061 2716 1206 2760 dicitur)
1231 2715 1416 2760 permulta
1441 2719 1629 2760 temporum
