1742 3005
390 50 487 99 Cap.
523 49 698 87 cxxiv.
757 50 813 87 De
844 57 972 86 sancto
1003 51 1225 100 Augustino.
1420 49 1498 89 561

108 152 201 198 quod
223 152 350 188 beatus
375 153 595 199 Augustinus
628 164 690 188 nec
715 163 789 187 cum
822 164 945 189 sorore
972 154 1133 190 habitare
1160 155 1337 189 consensit
1361 153 1498 189 dicens:

106 227 197 264 qnae
227 228 303 252 eum
336 228 459 253 sorore
496 228 572 253 mea
603 223 695 261 sunt,
731 229 872 254 sorores
905 230 1003 254 meae
1039 231 1106 254 nou
1139 224 1232 257 sunt.
1279 219 1383 254 Docti
1410 231 1496 266 ergo

106 285 172 318 viri
215 284 355 319 cautela
394 293 522 330 magna
563 284 666 318 nobis
709 284 814 319 debet
845 295 924 320 esse
958 287 1153 321 instructio.
1198 284 1236 319 ln
1276 286 1496 330 praefatione

104 360 243 395 quoque
277 349 511 384 Ambrosiana
545 351 597 383 sio
629 349 777 394 legitur:
813 350 1102 395 magnificentiam
1127 355 1219 384 tuam
1246 352 1280 384 in
1304 351 1495 386 mortifica—

101 416 198 449 tione
230 414 419 460 Augustini
452 414 658 455 adoramus,
690 419 751 447 tua
782 416 815 447 in
851 415 1009 448 omnibus
1052 419 1222 458 operante
1266 418 1414 458 virtute,
1456 422 1494 451 ut

102 481 208 514 nullis
246 481 429 524 promissis
470 479 782 512 blandimentorum
818 478 993 512 fallacium
1028 481 1081 512 vir
1106 484 1165 513 tuo
1201 481 1331 524 ignitus
1366 482 1494 524 spiritu

102 547 320 587 vinceretur,
359 545 441 588 quia
475 554 549 578 eum
585 546 635 578 ita
668 544 758 577 omni
790 554 921 589 genere
946 545 1090 588 pietatis
1119 544 1317 587 imbueras,
1353 550 1390 580 ut
1417 547 1492 590 ipse

100 611 164 645 tibi
190 620 253 644 ara
276 614 311 644 et
337 608 544 643 sacrificium
570 613 604 644 et
628 608 795 643 sacerdos
821 613 916 643 esset
942 614 975 643 et
1000 610 1175 654 templum.
1225 609 1354 645 Beatus
1384 613 1492 657 igitur

99 677 250 721 Prosper
280 677 316 709 in
346 658 452 709 tertio
486 674 578 708 libro
615 674 656 709 de
700 676 773 708 vita
808 675 1079 719 contemplativa
1121 677 1173 709 sic
1218 676 1261 710 de
1303 688 1344 712 eo
1385 679 1490 712 dicit:

99 747 239 777 sancius
267 741 485 786 Augustinus
512 741 698 785 episcopus
725 751 806 775 acer
830 742 995 786 ingenio,
1024 743 1144 775 suavis
1171 742 1332 788 eloquio,
1365 754 1489 778 saecu-

95 808 182 842 laris
215 808 421 842 literaturae
457 808 613 850 peritus,
659 807 690 839 in
724 806 975 840 ecclesiasticis
1009 807 1190 840 laboribus
1224 819 1416 852 operosus,
1453 811 1485 843 in

97 873 311 920 quotidianis
337 872 633 917 disputationibus
660 872 796 912 clarus,
823 873 856 904 in
883 873 972 904 omni
999 882 1063 905 sua
1092 873 1229 906 actione
1257 875 1485 918 compositus,

97 941 131 973 in
165 938 432 984 quaestiouibus
467 937 645 972 solvendis
678 940 820 978 acutus,
857 938 890 969 iu
925 938 1174 971 convincendis
1201 938 1390 973 haereticis
1417 942 1486 974 cir-

95 1009 328 1049 cumspectus,
357 1005 391 1037 in
412 1004 632 1047 expositione
652 1002 731 1037 fidei
751 1007 894 1036 nostrae
916 1002 1123 1046 catholicus,
1152 1006 1186 1038 in
1208 1006 1240 1048 ¹)
1256 1005 1485 1049 explanandis

95 1071 278 1115 scrIpturis
313 1070 492 1103 canonicis
530 1072 664 1103 cautus.
710 1068 912 1102 Bernardus
946 1079 1084 1114 quoque
1121 1072 1169 1104 sic
1203 1070 1244 1105 de
1272 1082 1312 1105 eo
1340 1071 1483 1105 scribit:

93 1136 312 1182 Augustinus
355 1134 410 1168 liic
446 1138 499 1169 est
534 1133 769 1168 validissimus
800 1134 945 1168 malleus
986 1134 1252 1169 haereticorum.
1301 1135 1386 1170 Post
1418 1137 1484 1171 hoc

93 1206 227 1243 autem,
260 1211 333 1235 cum
361 1199 516 1234 barbara
541 1210 628 1245 gens
656 1204 782 1234 terram
814 1200 905 1233 illam
937 1205 1148 1245 occupasset
1178 1206 1212 1236 et
1248 1206 1371 1236 sancta
1404 1202 1484 1237 loca

92 1267 319 1312 profanaret,
362 1266 483 1300 fideles
526 1275 652 1309 corpus
688 1265 876 1310 Augustini
921 1271 1087 1310 ceperunt
1120 1271 1154 1301 et
1188 1268 1298 1311 ipsum
1335 1269 1367 1301 in
1400 1268 1484 1302 Sar-

93 1333 223 1367 diniam
248 1331 510 1366 transtulerunt.
539 1331 746 1364 Transactis
769 1335 881 1365 autem
899 1332 941 1365 ab
959 1333 1034 1376 ejus
1056 1331 1153 1366 obitu
1173 1335 1272 1366 annis
1292 1333 1483 1367 CCLXXX

93 1399 187 1432 circa
221 1407 331 1431 annos
367 1396 495 1430 domini
526 1395 724 1430 Dsscxvlll
750 1396 951 1441 Liprandus
987 1396 1132 1431 devotus
1163 1396 1482 1443 Longobardorum

92 1474 153 1498 rex
192 1462 339 1496 audieus
374 1461 572 1496 Sardiniam
607 1471 629 1495 a
662 1461 850 1495 Saracenis
888 1461 1135 1506 depopulatam
1175 1463 1360 1497 sollemnes
1398 1464 1480 1498 illuc

90 1529 232 1563 nuntios
263 1529 378 1569 misit,
411 1532 449 1561 ut
484 1527 638 1561 doctoris
673 1529 784 1560 sancti
818 1527 986 1571 reliquias
1013 1527 1154 1572 Papiam
1187 1527 1387 1571 deferrent,
1422 1531 1481 1574 qui

90 1604 218 1640 magno
245 1595 358 1638 pretio
385 1592 466 1626 dato
492 1602 618 1637 corpus
645 1594 756 1625 sancti
781 1592 969 1638 Augustini
994 1593 1147 1627 tulerunt
1172 1598 1205 1628 et
1230 1595 1341 1638 ipsum
1368 1605 1479 1640 usque

88 1659 236 1695 Januam
265 1658 550 1703 deportaverunt.
599 1658 697 1698 Quod
734 1658 881 1693 devotus
910 1669 970 1693 rex
996 1658 1142 1693 audiens
1170 1670 1279 1704 usque
1306 1659 1348 1693 ad
1375 1669 1479 1704 prae-

91 1724 216 1759 dictam
249 1726 421 1758 civitatem
461 1734 533 1757 cum
569 1733 696 1769 magno
729 1724 860 1770 gaudio
899 1725 1009 1760 eidem
1036 1725 1194 1758 obviavit
1218 1729 1252 1758 et
1277 1730 1480 1760 reverenter

88 1791 236 1834 excepit.
286 1788 367 1823 Cum
403 1792 517 1823 autem
553 1799 652 1823 mane
686 1790 816 1824 vellent
853 1801 979 1835 corpus
1008 1790 1203 1831 deducere,
1239 1790 1334 1824 nullo
1375 1790 1477 1824 modo

88 1854 131 1890 de
155 1854 235 1889 loco
260 1856 389 1889 moveri
415 1856 546 1898 potuit,
581 1854 693 1889 donec
728 1866 788 1890 rex
815 1861 929 1890 votum
958 1858 1092 1897 emisit,
1129 1855 1242 1901 quod,
1277 1857 1307 1889 si
1333 1866 1372 1890 se
1398 1855 1477 1890 inde

88 1920 168 1955 duci
192 1921 427 1968 permitteret,
461 1919 590 1954 ibidem
615 1921 649 1954 in
676 1931 739 1954 suo
768 1923 905 1955 nomine
931 1922 1115 1956 ecclesiam
1144 1921 1346 1958 fabricaret.
1396 1921 1479 1955 Cum

88 1989 202 2019 autem
235 1989 351 2019 votum
384 1984 548 2027 fecisset,
583 1987 700 2019 statim
737 1988 812 2020 sine
844 1986 1050 2021 difficultate
1080 1987 1161 2021 inde
1197 1987 1378 2021 deductum
1411 1991 1476 2026 est,

88 2060 150 2084 rex
187 2052 321 2090 autem,
360 2048 453 2093 quod
489 2054 653 2091 voverat,
688 2050 845 2093 implevit
879 2056 914 2084 et
948 2050 1076 2085 ibidem
1111 2053 1145 2084 in
1169 2051 1336 2085 honorem
1364 2052 1478 2084 sancti

87 2114 278 2159 Augustini
312 2112 500 2148 ecclesiam
524 2115 727 2147 construxit.
776 2113 870 2148 Idem
896 2115 1097 2148 miraculum
1133 2115 1230 2158 ²)die
1256 2117 1417 2160 sequenti
1443 2116 1478 2149 iu

89 2179 238 2224 quadam
275 2178 361 2213 villa
396 2180 621 2223 episcopatus
658 2178 922 2221 Terdonensis‚
970 2189 1060 2225 quae
1091 2179 1233 2219 ‚dicitur
1282 2179 1475 2222 Cassellae‚

89 2245 238 2290 contigit
267 2247 302 2278 et
335 2243 456 2278 eodem
495 2243 596 2277 modo
628 2243 757 2278 ibidem
787 2246 821 2278 in
846 2244 978 2279 honore
1007 2246 1116 2279 sancti
1143 2245 1332 2291 Augustini
1360 2245 1476 2280 eccle-

88 2309 176 2342 sIam
201 2308 399 2343 fabricavit.
436 2309 581 2353 Insuper
601 2309 717 2342 villam
734 2311 842 2354 ipsam
863 2320 936 2344 cum
956 2311 1115 2344 omnihus
1137 2312 1210 2344 suis
1229 2310 1475 2355 appendentiis

87 2375 264 2408 concessit
299 2374 533 2409 servientibus
571 2374 742 2409 ecclesiae
783 2375 973 2420 Augustini
1004 2380 1175 2420 perpetuo
1210 2374 1474 2418 possidendam.

89 2438 180 2479 Quia
204 2449 287 2473 vero
312 2450 375 2474 rex
402 2438 541 2474 viderat
567 2444 688 2474 sancto
713 2440 944 2484 complacere,
969 2444 1006 2474 ut
1031 2442 1066 2474 in
1093 2450 1156 2474 suo
1173 2441 1309 2474 nomine
1326 2440 1478 2475 ecclesia

88 2503 206 2547 fieret,
243 2504 442 2550 ubicunque
478 2505 687 2548 mansisset,
733 2509 768 2540 et
799 2506 946 2548 timens,
992 2516 1035 2540 ne
1069 2506 1104 2539 in
1137 2505 1208 2539 alio
1238 2504 1341 2548 loco,
1375 2514 1476 2550 quam

156 2649 185 2682 1)
202 2651 316 2676 Exem
325 2649 487 2685 plaudis
507 2649 594 2677 offert
614 2649 666 2677 Ed.
687 2652 729 2675 Pr.
829 2649 857 2681 2)
876 2647 929 2674 Ed.
949 2651 992 2675 Pr.
1012 2647 1054 2675 de
1073 2657 1145 2682 seq.
1165 2647 1305 2683 praefert.

1159 2703 1205 2736 36
