1742 3005
271 71 354 111 310
465 70 561 122 Cap.
582 68 755 107 valu.
813 66 874 105 De
902 67 1121 106 inventione
1151 74 1304 106 sanetae
1334 68 1470 105 crucis.

270 177 410 212 tertium
434 175 469 208 in
493 173 645 218 Imagine
671 170 912 213 Constanthii,
937 172 996 216 qui
1019 170 1151 208 Romae
1174 173 1410 217 supereminet
1429 171 1529 216 urbi,
1564 172 1663 207 loca-

274 243 322 276 vit
347 244 381 275 et
407 243 567 285 quartum
588 239 623 273 in
647 248 743 272 mare
764 236 1000 279 Adriaticum,
1035 236 1131 282 quod
1159 247 1273 283 usque
1303 242 1384 274 tunc
1416 238 1533 274 suerat
1564 240 1664 273 navi-

272 306 431 352 gantium
464 314 622 350 vorago,
662 304 835 349 projecit,
872 303 1095 348 praecipiens
1128 301 1195 336 hoc
1228 302 1355 337 festum
1387 303 1431 339 de
1465 306 1666 340 inventione

274 374 420 406 sanctae
445 371 558 405 crucis
583 369 734 415 singulis
761 370 862 403 annis
888 368 1107 403 sollemniter
1127 367 1312 403 celebrari.
1359 369 1564 404 Ambrosius
1582 381 1667 405 vero

274 438 326 471 sic
342 438 420 471 ait:
446 436 622 482 quaesivit
645 434 779 469 Helena
804 433 924 469 clavos
951 433 1082 468 domini
1108 438 1143 469 et
1169 434 1301 469 invenit
1324 437 1358 469 et
1387 434 1430 469 de
1454 445 1523 468 uno
1548 434 1668 471 frenos

276 501 353 538 fieri
378 502 580 548 praecepit,
609 501 653 536 de
677 500 790 535 altero
815 499 985 545 dyadema
1007 501 1173 536 intexuit:
1210 504 1308 535 recte
1333 499 1454 535 clavus
1480 500 1515 534 in
1541 501 1670 544 capite,

275 578 409 604 corona
432 569 469 602 in
494 568 627 603 vertice
653 567 749 611 etsin
774 575 877 600 manu
900 565 1063 609 habena,
1088 570 1126 600 ut
1155 576 1279 600 sensus
1307 567 1559 610 praeemineat,
1585 564 1672 600 fides

277 634 412 675 luceat,
447 636 607 678 potestas
643 636 758 677 regat.
808 631 971 666 Sanctum
1007 635 1121 666 autem
1148 631 1346 671 Quiriacum
1379 632 1584 677 episcopum
1609 630 1672 666 Ju-

276 699 391 732 lianus
417 702 585 742 apostata
607 695 830 741 postmodum
854 696 1034 731 interfecit
1066 707 1109 731 ex
1136 707 1201 739 ee,
1236 697 1329 742 quod
1358 701 1514 732 sanctam
1538 707 1674 732 crucem

277 764 430 804 invenit,
467 772 542 796 cum
574 763 706 807 ubique
733 763 870 807 signum
897 762 1010 795 crucis
1037 761 1221 796 destruere
1245 764 1426 796 niteretur.
1475 763 1558 796 Cum
1585 763 1675 797 enim

276 833 401 864 eontra
434 827 563 862 Persas
596 831 785 873 pergeret,
825 828 942 872 coepit
978 827 1179 867 Quiriacum
1212 828 1362 861 invitare
1396 826 1442 861 ad
1468 826 1676 861 sacrificium

276 893 480 939 ydolorum:
508 892 602 938 quod
622 903 697 927 eum
716 892 775 927 ille
801 896 977 935 renueret,
1005 893 1161 927 dextram
1187 894 1255 926 sibi
1279 892 1416 926 abscidi
1436 892 1520 927 see-it
1536 892 1677 926 dicens:

280 959 346 993 hac
378 969 481 993 manu
516 959 644 992 multas
681 958 852 1003 epistolas
887 960 1052 1003 scripsit,
1087 959 1214 1003 quibus
1252 958 1379 992 multos
1420 967 1441 992 a
1480 957 1677 1003 ¹)Deorum

280 1024 463 1058 sacrifieiis
488 1025 677 1058 revocavit.
727 1025 791 1058 Cui
817 1025 907 1058 dixit
931 1024 1135 1064 Quiriaeus:
1162 1024 1304 1058 multum
1328 1023 1425 1062 mihi,
1455 1025 1595 1067 ²)canis
1622 1026 1676 1058 in-

281 1093 445 1131 sensate,
474 1089 664 1134 prosuisti,
700 1091 782 1134 quia
806 1092 1007 1135 priusquam
1035 1092 1070 1124 in
1095 1090 1271 1125 Christum
1298 1089 1495 1132 crederem,
1535 1091 1679 1134 saepius

281 1154 327 1189 ad
352 1165 555 1200 synagogas
579 1154 792 1189 ,ludaeorum
817 1154 1013 1189 scribebam
1039 1156 1221 1200 epistolas,
1247 1159 1284 1189 ut
1309 1155 1423 1189 nullus
1450 1156 1484 1189 in
1506 1155 1680 1189 Christum

282 1220 456 1261 crederet,
485 1224 519 1254 et
539 1230 621 1254 ecce
641 1229 732 1254 nune
758 1220 961 1254 scandalum
986 1222 1054 1255 mei
1080 1223 1238 1265 corporis
1261 1220 1455 1254 abscidisti.
1503 1221 1601 1255 Tunc
1617 1221 1679 1256 Ju<

283 1286 397 1320 lianus
422 1285 599 1331 plumbum
633 1286 717 1321 fecit
740 1286 866 1331 liquari
903 1290 938 1321 et
974 1287 1008 1320 in
1034 1297 1074 1321 os
1105 1286 1182 1331 ejus
1207 1285 1363 1327 infundi,
1398 1286 1525 1321 deinde
1554 1287 1680 1322 lectum

286 1352 435 1387 ferreum
472 1351 593 1386 afferri
630 1356 665 1386 et
697 1353 731 1386 in
764 1362 806 1386 eo
839 1352 1038 1391 Qniriacnm
1067 1351 1209 1388 extendi
1242 1355 1276 1385 et
1309 1351 1462 1396 desuper
1495 1352 1681 1394 carbones,

285 1419 339 1453 sal
371 1423 405 1453 et
438 1418 577 1463 adipem
611 1419 745 1462 spargi.
796 1417 864 1452 Sed
901 1428 976 1453 eum
1003 1419 1186 1458 Quiriacus
1224 1417 1413 1452 immobilis
1450 1424 1683 1462 permaneret,

287 1485 375 1518 dixit
401 1486 432 1518 ei
456 1484 636 1519 Julianus:
678 1484 709 1517 si
748 1494 818 1518 non
854 1485 906 1519 vis
933 1484 1132 1519 sacrificare
1158 1484 1254 1525 Diis,
1289 1484 1412 1518 saltem
1440 1483 1496 1517 dic
1520 1488 1555 1518 te
1582 1483 1682 1518 Chri—

286 1551 436 1584 stianum
461 1559 530 1582 non
558 1559 650 1583 esse.
700 1549 863 1588 Quixcum
890 1560 1077 1584 exsecrans
1103 1553 1305 1591 recusaret,
1337 1550 1447 1594 jussit
1484 1549 1589 1583 altam
1628 1550 1684 1583 so-

287 1625 386 1649 veam
411 1613 487 1648 fieri
512 1617 546 1648 et
571 1617 754 1657 serpentes
780 1620 971 1649 venenatos
999 1615 1129 1650 ibidem
1151 1617 1236 1660 poni
1260 1619 1295 1650 et
1318 1615 1514 1654 Quiriacum
1540 1616 1576 1649 in
1600 1625 1685 1650 ean-

288 1680 365 1714 dem
386 1680 538 1724 Jactari,
572 1677 635 1713 sed
667 1682 784 1712 tamen
818 1685 1002 1723 serpentes
1026 1683 1189 1715 continuo
1215 1683 1342 1716 mortui
1369 1684 1460 1715 sunt.
1504 1680 1688 1726 Jussitque

285 1745 447 1780 Julianus
481 1744 679 1784 Quiriacum
715 1745 750 1778 in
784 1744 976 1778 caldariam
1011 1745 1091 1779 oleo
1127 1746 1388 1780 ferventissimo
1424 1746 1562 1791 plenam
1586 1748 1687 1788 mitti,

290 1811 349 1855 qui
376 1809 454 1844 dum
481 1820 519 1844 se
545 1811 690 1855 signans
715 1813 840 1854 sponte
866 1811 998 1845 intrare
1024 1810 1142 1853 vellet,
1165 1812 1306 1855 rogavit
1334 1810 1521 1852 dominum,
1548 1815 1585 1844 ut
1612 1822 1688 1845 eum

291 1877 414 1910 iterum
441 1875 484 1910 de
509 1877 656 1909 martirii
680 1875 821 1910 lavacro
847 1875 1067 1919 baptizaret3
1102 1878 1214 1910 iratus
1247 1876 1408 1912 Julianus
1432 1877 1541 1921 jussit
1564 1881 1689 1920 peetus

292 1942 370 1986 ejiis
409 1941 531 1986 gladio
566 1941 742 1985 perforari
772 1945 814 1976 et
854 1942 906 1975 sic
948 1943 983 1976 in
1030 1941 1170 1975 domino
1211 1943 1443 1976 consummari
1487 1943 1690 1986 promeruit·

292 2007 431 2046 Quanta
456 2011 571 2041 autem
596 2009 642 2040 sit
669 2008 780 2041 virtus
808 2008 942 2048 crucis,
980 2007 1017 2040 in
1049 2007 1110 2041 illo
1145 2007 1242 2041 fideli
1268 2008 1407 2041 notario
1431 2011 1550 2051 patet,
1592 2018 1692 2053 quem

293 2072 434 2117 quidam
466 2082 590 2117 magus
626 2072 765 2117 decepit
801 2077 835 2107 et
868 2063 913 2107 ad
948 2072 1120 2118 quendam
1146 2072 1279 2115 locum,
1316 2075 1350 2107 in
1377 2084 1475 2118 quem
1503 2073 1691 2108 daemones

291 2137 541 2180 advocaverat,
568 2138 667 2172 duxit
691 2140 898 2182 promittens
924 2140 968 2181 ei,
996 2138 1089 2184 quod
1114 2139 1231 2173 multis
1256 2138 1388 2173 divitiis
1413 2126 1629 2181 abundaret,
1659 2143 1693 2173 et

295 2212 377 2238 ecce
416 2202 505 2236 vidit
537 2203 710 2248 quendam
741 2213 902 2248 magnum
939 2204 1150 2249 Aethiopem
1183 2214 1291 2249 super
1323 2203 1497 2238 excelsum
1532 2203 1692 2238 thronum

293 2267 472 2302 sedentem
498 2272 533 2302 ct
557 2269 592 2301 in
615 2269 761 2302 circuitu
787 2269 865 2313 ejus
898 2269 989 2304 alios
1016 2269 1213 2314 Aethiopes
1237 2271 1333 2304 circa
1357 2280 1432 2304 cum
1458 2279 1533 2304 cum
1559 2269 1692 2304 lanceis

295 2336 329 2368 et
355 2332 507 2367 fustibus
533 2337 690 2376 stantes;
717 2338 800 2368 tunc
824 2334 883 2369 ille
904 2345 1040 2379 magum
1058 2335 1276 2380 praedictum
1297 2337 1532 2381 interrogavit
1553 2335 1692 2369 dicens:

297 2399 376 2443 quis
406 2402 460 2432 est
483 2399 550 2433 iste
576 2401 693 2443 puer?
739 2398 782 2434 Et
807 2400 884 2435 ille:
917 2400 1077 2443 domine,
1111 2411 1232 2437 servus
1259 2405 1381 2436 noster
1405 2405 1470 2436 est.
1521 2401 1583 2435 Cui
1607 2400 1692 2434 dae-

296 2473 394 2498 mon:
422 2465 451 2498 si
477 2465 529 2498 vis
555 2475 609 2499 me
636 2465 789 2500 adorare
817 2470 851 2501 et
877 2477 1000 2502 servus
1026 2477 1121 2502 meus
1151 2477 1230 2502 esse
1255 2471 1290 2501 et
1314 2466 1488 2502 Christum
1512 2471 1605 2500 tuum
1630 2476 1692 2500 ne-

298 2538 405 2572 gare,
440 2528 565 2564 faciam
599 2535 634 2565 te
671 2531 798 2566 sedere
821 2533 853 2566 in
880 2533 1027 2569 dextera
1052 2543 1140 2568 mea.
1187 2532 1252 2567 Ille
1279 2536 1394 2567 autem
1419 2533 1555 2576 signum
1582 2533 1694 2566 crucis

313 2595 845 2608 —————

368 2627 467 2673 lilitl.
487 2631 530 2655 l'r.
550 2628 622 2662 legit
641 2631 682 2657 Ι1ιι
693 2628 888 2658 rhaeorum.
991 2632 1020 2665 2)
1040 2630 1092 2658 Ed.
1112 2634 1156 2658 1'r0
1176 2629 1243 2657 loco
1262 2626 1403 2656 vocabuli
1422 2626 1532 2656 canis
1551 2627 1636 2662 legit:
1656 2628 1693 2656 in

300 2677 441 2697 causis.
