1742 3005
391 85 483 134 Cap.
517 84 653 120 XLVl.
712 83 770 120 De
802 91 932 120 sancto
965 83 1168 131 Gregorio,
1395 81 1470 118 201

89 188 276 233 periculum
304 187 512 233 compulisti.
554 187 595 222 Et
621 189 735 222 statim
752 188 918 222 revolutis
946 185 1152 221 terribiliter
1177 184 1287 219 oculis
1314 186 1473 229 exspira-

90 255 146 288 vit.
216 253 301 288 Erat
324 258 437 288 autem
460 254 493 287 iu
518 253 603 287 urbe
629 253 767 298 quidam
794 254 930 287 nomine
956 250 1138 294 Andreas,
1166 252 1225 296 qui
1250 249 1372 285 eodem
1399 261 1473 285 nio-

88 323 221 361 mento,
265 331 332 365 quo
362 321 395 354 ei
420 318 607 353 monachus
635 322 786 353 moriens
814 317 1002 363 periculum
1036 316 1151 351 suerat
1177 318 1404 361 imprecatus,
1444 319 1476 351 in

88 389 158 418 tam
183 395 324 431 gravem
341 385 495 419 morbum
519 384 659 425 decidit,
680 389 717 418 ut
731 383 964 418 defluentibus
983 383 1147 417 carnibus
1168 384 1322 416 consumi
1343 388 1476 427 posset,

89 452 176 485 mori
201 456 315 485 autem
339 462 407 485 non
432 454 564 495 posset.
614 450 712 484 Tunc
737 448 915 483 monachis
939 449 1143 482 monasterii
1177 450 1289 481 sancti
1316 447 1479 493 Gregorii

89 518 289 551 convocatis
314 516 497 551 consessus
533 520 606 555 est,
659 514 851 560 quodcum
883 512 1064 558 praedicto
1100 513 1270 547 monacho
1309 515 1477 558 quasdam

90 583 294 616 monasterii
322 580 474 615 cartulas
511 581 689 624 rapuisset
716 590 755 614 ac
787 580 961 623 susceptis
997 580 1120 623 pretiis
1155 580 1332 613 extraneis
1366 580 1477 614 tradi-

92 647 222 689 disset,
257 657 404 691 moxque
437 647 467 680 is
496 646 555 690 qui
582 645 708 679 dudum
734 647 819 679 niori
846 656 913 679 non
940 649 1097 690 poterat,
1135 646 1226 678 inter
1261 645 1369 679 verba
1393 656 1480 681 suae

92 711 325 747 consessionis
339 713 497 756 spiritum
511 710 806 746 exlialavit.——
832 709 965 749 18.Εο
979 715 1148 755 tempore,
1177 714 1213 744 ut
1235 712 1267 745 in
1283 713 1354 745 vita
1369 714 1478 746 saneti

91 776 394 823 Eugeniilegitur,
412 777 489 811 dum
507 777 619 811 adhuc
630 776 896 812 Ambrosianum
918 777 1068 811 osticium
1089 778 1201 821 magis
1220 787 1322 822 quam
1342 776 1479 824 Grego-

93 844 224 877 rianum
252 842 295 877 ah
323 843 481 878 ecclesiis
508 847 729 885 servaretur,
764 842 937 877 Romanus
959 844 1117 887 pontifex
1141 844 1279 877 nomine
1305 843 1481 878 Adrianus

93 909 276 943 concilium
299 910 513 951 convocavit,
540 908 599 942 ubi
624 913 788 942 statutum
816 913 880 949 est,
907 914 943 942 ut
963 908 1214 953 Gregorianum
1241 907 1391 943 ol'licium
1418 909 1480 944 de-

95 973 194 1009 beret
218 974 463 1008 universaliter
486 973 678 1008 observari.
730 974 836 1019 (injus
863 976 913 1008 rei
941 974 1087 1008 Carolus
1121 975 1311 1018 imperator
1336 985 1480 1009 exsecu-

93 1043 150 1073 tor
174 1040 346 1074 exsistens
372 1050 436 1084 per
468 1039 626 1075 diversas
653 1039 852 1074 discurrens
880 1041 1078 1085 provincias
1110 1041 1210 1074 minis
1244 1045 1277 1074 et
1301 1041 1483 1085 suppliciis

95 1115 214 1140 omnes
239 1105 387 1140 clericos
413 1105 459 1140 ad
494 1105 560 1140 hoc
593 1107 705 1151 ipsum
730 1105 883 1151 cogebat
915 1110 949 1141 et
982 1105 1094 1139 libros
1118 1105 1343 1140 Amin-osiam
1377 1106 1484 1140 oflicii

95 1170 224 1216 ubique
247 1170 474 1206 comburebat
498 1172 695 1217 multosque
731 1172 878 1206 elericos
913 1171 1064 1206 rebelles
1090 1171 1342 1205 incarcerabat.
1396 1171 1482 1206 Pro-

97 1236 254 1271 liciscens
297 1240 410 1271 autem
438 1236 564 1272 beatus
597 1237 775 1283 Eugenius
819 1239 1006 1282 episcopus
1050 1236 1096 1271 ad
1129 1236 1311 1270 concilium
1356 1239 1487 1271 invenit

98 1303 209 1347 ipsum
234 1302 415 1337 concilium
440 1314 503 1347 per
539 1303 688 1337 triduum
711 1304 783 1348 Jam
810 1303 959 1336 solutum
995 1312 1127 1346 suaque
1162 1301 1349 1346 prudentia
1373 1302 1484 1336 domi-

97 1379 176 1402 num
200 1378 326 1413 papam
354 1369 404 1402 sic
427 1367 584 1409 induxit,
627 1368 722 1412 quod
748 1379 865 1402 omnes
890 1368 1090 1412 praelatos,
1120 1369 1177 1412 qui
1201 1367 1351 1401 concilio
1377 1370 1484 1403 inter-

100 1433 239 1468 fuerant
274 1438 307 1468 et
336 1434 409 1478 jam
444 1444 507 1478 per
530 1438 601 1467 tres
629 1433 765 1468 diaetas
799 1433 1045 1474 decesserant,
1081 1434 1268 1467 revocavit.
1331 1433 1486 1467 (lonc-ilio

99 1500 206 1544 igitur
228 1503 417 1533 convocato
444 1501 591 1533 omnium
614 1504 747 1543 patrum
772 1499 858 1532 haec
882 1500 1056 1533 sententia
1078 1508 1146 1532 una
1172 1498 1235 1532 suit
1250 1526 1257 1539 ,
1285 1503 1322 1532 ut
1346 1499 1487 1532 missale

98 1564 362 1598 Ambrosianum
389 1568 423 1598 et
450 1562 700 1609 Gregorianum
728 1575 834 1608 super
860 1563 972 1598 altare
1007 1563 1101 1598 beati
1126 1563 1220 1598 Petri
1243 1563 1396 1608 apostoli
1423 1575 1486 1608 po<

99 1635 264 1665 nerentur
298 1634 332 1664 et
368 1629 462 1664 sores
508 1629 679 1664 ecclesiae
722 1631 851 1675 optime
886 1629 1133 1668 clauderentur
1180 1639 1221 1663 ac
1265 1629 1487 1673 plurimorum

100 1697 342 1740 episcoporum
365 1695 494 1741 sigillis
513 1695 781 1740 diligentissime
805 1696 1020 1730 munirentur
1037 1699 1071 1729 et
1096 1696 1164 1740 ipsi
1182 1699 1255 1728 tota
1283 1699 1384 1728 nocte
1407 1704 1487 1728 ora-

99 1762 187 1795 tioni
212 1762 433 1803 insisterent,
471 1766 508 1795 ut
532 1761 690 1795 dominus
723 1772 787 1806 per
821 1763 958 1806 signum
992 1761 1134 1806 aliquod
1171 1761 1361 1802 revelaret,
1398 1759 1490 1805 quod

100 1826 221 1860 horum
247 1826 289 1860 ab
317 1826 475 1861 ecclesiis
501 1828 613 1872 magis
638 1829 773 1862 servari
800 1827 916 1861 vellet.
966 1827 1093 1872 Sicque
1118 1838 1182 1871 pcr
1206 1828 1340 1867 onmia,
1367 1831 1403 1860 ut
1432 1837 1490 1860 or—

100 1892 324 1935 dinaverant,
349 1892 517 1928 facientes
542 1903 641 1927 mane
663 1894 791 1939 Januas
816 1893 987 1928 ecelesiae
1015 1896 1226 1938 aperuerunt
1251 1896 1285 1926 et
1309 1896 1492 1937 utrumque

101 1958 243 1992 missale
267 1969 373 2004 super
397 1958 508 1994 altare
532 1963 688 2004 apertum
712 1961 928 1994 invenerunt.
976 1958 1039 1993 Vel
1063 1963 1099 1993 ut
1123 1958 1184 1992 alii
1209 1962 1382 1999 asserunt,
1409 1958 1491 1990 mis-

102 2023 177 2057 sale
203 2022 454 2070 Gregorianum
478 2026 616 2069 penitus
643 2025 849 2059 dissolutum
882 2030 916 2060 et
941 2025 1007 2059 huc
1034 2024 1185 2070 illucque
1213 2023 1408 2067 dispersum
1438 2024 1490 2055 in-

102 2093 289 2131 venerunt,
339 2088 606 2124 Ambrosianum
638 2094 752 2125 autem
789 2090 1005 2125 solummodo
1037 2096 1193 2134 apertum
1236 2099 1342 2132 super
1381 2088 1494 2121 altare

103 2154 225 2190 eodem
249 2155 348 2198 loco,
391 2166 458 2201 quo
485 2161 688 2200 posuerant,
730 2161 954 2202 repererunt;
993 2166 1059 2201 quo
1095 2157 1197 2201 signo
1224 2153 1389 2187 divinitus
1415 2156 1496 2186 sunt

104 2219 238 2263 edocti,
274 2225 312 2256 ut
346 2219 599 2267 Gregorianum
634 2222 785 2257 officium
825 2221 970 2257 deberet
1004 2231 1068 2266 per
1102 2225 1212 2255 totum
1245 2219 1405 2254 mundum
1440 2218 1494 2251 di-

104 2286 243 2330 spergi,
275 2285 543 2322 Ambrosianum
589 2293 704 2322 autem
745 2292 875 2322 tantum
920 2289 955 2322 in
997 2297 1060 2321 sua
1107 2286 1258 2321 ecclesia
1302 2283 1495 2324 observari,

104 2351 224 2395 sicque
251 2352 362 2385 sancti
388 2357 528 2396 patreS,
566 2358 604 2388 ut
628 2353 794 2388 divinitus
823 2353 939 2388 edocti
966 2353 1122 2394 fuerant,
1166 2353 1362 2385 statuerunt
1389 2351 1423 2382 et
1447 2348 1498 2381 sic

105 2426 216 2461 usque
238 2415 345 2450 hodie
367 2416 583 2453 observatur.
607 2439 651 2444 —
673 2439 719 2444 -
763 2422 841 2456 19.
868 2418 995 2452 Narrat
1018 2417 1196 2452 Joliannes
1225 2416 1412 2460 dyaconus,
1440 2415 1497 2459 qui

106 2483 210 2516 vitam
234 2482 329 2517 beati
356 2480 520 2528 Gregorii
542 2483 761 2528 compilavit,
788 2482 900 2528 quod,
936 2482 1015 2524 dum
1039 2484 1143 2516 vitam
1165 2481 1241 2526 ejus
1263 2479 1502 2514 conscriberet

108 2551 143 2582 et
163 2547 387 2592 compilaret,
437 2547 576 2592 quidam
599 2548 653 2581 vir
676 2548 944 2582 sacerdotaliter
976 2547 1164 2592 insignitus
1199 2547 1231 2580 ei
1257 2545 1442 2580 dormienti
1467 2548 1502 2579 et

108 2612 153 2646 ad
177 2613 366 2649 laternam.
392 2616 429 2647 ut
451 2612 521 2647 sibi
545 2613 745 2654 videbatur,
776 2612 942 2647 scribenti
968 2612 1122 2653 adstitit,
1158 2612 1213 2646 eui
1238 2610 1391 2656 desuper
1417 2620 1499 2645 can-

109 2677 292 2712 didissima
319 2683 352 2713 ct
377 2678 466 2713 adeo
493 2679 699 2713 tenuissima
723 2679 831 2713 vestis
861 2682 955 2713 erat.
993 2682 1029 2712 ut
1063 2678 1140 2723 ejus
1173 2678 1319 2713 raritate
1352 2675 1501 2722 nigredo
