1742 3005
287 110 382 160 Cap.
416 106 586 146 CLXVI.
644 107 703 145 De
735 113 866 144 sancto
898 106 1065 144 Martino
1095 105 1291 156 episcopo.
1404 101 1484 141 747

93 218 128 251 et
162 224 296 260 pauper
329 224 398 248 non
429 212 545 248 aderit
580 211 796 249 vestiendus
847 210 1056 256 Gompulsus
1088 209 1148 245 ille
1171 209 1216 244 ad
1253 209 1363 244 sorum
1389 207 1486 244 vadit

94 284 129 317 et
164 282 317 327 quinque
349 280 531 326 argenteis
565 279 715 314 tunicam
742 277 842 312 vilem
869 281 903 312 et
927 281 1082 320 curtam,
1118 286 1208 322 quae
1240 276 1368 310 dicitur
1399 283 1485 319 pae-

92 347 195 390 nula,
227 347 327 392 quasi
362 355 475 391 paene
511 344 627 387 nulla,
662 345 802 389 rapiens
834 347 914 378 ante
946 343 1054 388 pedes
1080 343 1225 378 Martini
1257 342 1369 376 iratus
1402 351 1484 386 pro-

87 414 186 459 Jecit.
237 412 345 452 Quam
380 411 440 446 ille
471 415 609 446 secreto
647 409 778 451 induit,
810 410 910 453 cujus
936 409 1094 443 manicae
1120 419 1232 453 usque
1259 408 1303 442 ad
1331 407 1482 441 cubitum

93 483 128 514 et
152 477 338 524 longitudo
365 487 476 523 usque
502 476 544 510 ad
569 484 686 521 genua
710 473 999 518 protendebatur,
1029 476 1063 507 et
1087 474 1139 507 sic
1162 475 1303 507 missam
1321 473 1482 508 celebra—

91 548 190 580 turus
216 542 387 589 procedit.
435 542 522 576 Dum
547 545 661 575 autem
689 541 829 573 missam
850 538 1058 581 celebraret,
1085 538 1213 584 globus
1236 540 1360 584 igneus
1379 549 1485 583 super

91 613 197 655 caput
229 609 307 654 ejus
345 607 510 651 apparuit
543 610 578 641 ct
610 615 631 640 a
663 606 778 639 multis
811 604 938 639 ibidem
975 607 1071 639 visus
1108 605 1185 641 suit.
1235 604 1287 639 Ob
1321 604 1388 638 hoc
1419 613 1484 649 par

89 674 263 720 apostolis
298 673 432 722 dicitur.
488 671 573 706 Huic
607 675 721 706 autem
754 671 922 706 miraculo
959 671 1059 705 addit
1102 672 1274 717 magister
1303 669 1483 706 Johannes

88 738 233 782 Beleth,
260 738 374 785 quod,
404 748 480 772 cum
504 739 539 772 in
564 739 673 772 missa
696 748 818 772 manus
850 737 895 772 ad
919 737 1048 781 Deum,
1074 741 1111 771 ut
1136 738 1243 771 moris
1270 740 1345 779 est,
1381 736 1480 771 leva-

87 810 162 848 ret,
196 806 342 839 manicis
368 804 486 840 linteis
512 808 606 839 retro
636 803 854 847 labentibus,
888 814 963 839 cum
998 814 1062 838 nec
1089 803 1234 838 brachia
1261 804 1337 848 ejus
1364 805 1484 837 essent

88 881 219 919 grossa
242 881 305 906 nec
331 870 472 905 multum
498 880 649 905 carnosa
676 880 737 905 nec
771 870 934 915 praefata
968 871 1088 904 tunica
1120 869 1390 914 protenderetur
1415 868 1482 901 nisi

88 948 201 983 usque
228 936 272 972 ad
298 937 470 979 cubitum,
504 939 747 971 remanserunt
775 935 895 970 eadem
923 935 1069 969 brachia
1095 935 1201 971 nuda.
1250 934 1349 969 Tunc
1375 935 1480 967 mira-

50 1004 55 1006 ’
87 1003 208 1038 eulose
232 1006 376 1047 torques
402 1003 502 1037 aurei
527 1006 561 1037 et
587 1002 752 1048 gemmati
783 1000 987 1035 deseruntur
1017 1000 1060 1035 ab
1096 1001 1233 1048 angelis
1267 1004 1302 1036 et
1334 999 1483 1034 brachia

88 1068 251 1104 decenter
276 1069 492 1113 operiuntur.
543 1066 649 1111 ¹)Qui
675 1068 778 1101 etiam
802 1071 938 1101 tonsam
965 1067 1113 1112 quadam
1141 1069 1213 1102 vice
1237 1067 1480 1111 conspiciens:

87 1133 345 1180 evangelicum,
373 1135 504 1179 inquit,
531 1133 728 1167 mandatum
755 1135 823 1167 ista
849 1133 1054 1178 complevit3
1082 1132 1168 1167 duas
1194 1134 1331 1167 tunicas
1359 1131 1482 1165 habuit

87 1203 122 1235 et
146 1209 247 1234 unam
275 1210 343 1234 non
368 1199 513 1234 habenti
538 1200 670 1245 largita
698 1203 761 1241 est,
792 1200 841 1232 ita
870 1202 904 1233 et
930 1209 1008 1242 vos,
1036 1200 1159 1244 inquit,
1188 1198 1303 1234 facere
1329 1197 1480 1234 debetis.

84 1265 220 1301 Multae
244 1267 432 1311 potestatis
460 1275 547 1311 erga
572 1265 761 1300 daemones
787 1264 992 1310 pellendos,
1020 1275 1127 1310 saepe
1154 1266 1243 1299 enim
1270 1265 1367 1309 ipsos
1394 1263 1479 1298 dae-

84 1342 204 1366 mones
231 1341 274 1366 ex
299 1331 498 1366 hominibus
526 1331 671 1376 expulit.
719 1331 870 1376 Legitur
895 1333 998 1365 etiam
1027 1332 1060 1365 in
1083 1331 1174 1365 dicto
1194 1331 1359 1377 dyalogo,
1386 1329 1480 1376 quod

86 1397 257 1443 quaedam
289 1407 395 1431 vacca
421 1407 442 1431 a
468 1397 637 1431 daemone
671 1398 819 1442 agitata,
855 1407 929 1431 cum
956 1396 1085 1442 ubique
1112 1399 1267 1432 saeviret
1294 1400 1329 1430 et
1353 1395 1479 1430 multos

87 1463 294 1498 confoderet
312 1467 346 1497 et
358 1473 478 1497 versus
488 1461 675 1497 Martinum
693 1467 728 1497 et
743 1464 860 1497 socios
880 1474 963 1498 suos
986 1465 1018 1497 in
1040 1465 1165 1498 itinere
1188 1462 1377 1497 furibunda
1396 1472 1479 1496 con-

86 1533 264 1572 curreret,
289 1528 351 1563 ille
376 1538 477 1562 manu
503 1528 641 1563 elevata
667 1530 776 1573 ipsam
803 1530 931 1564 sistere
953 1529 1067 1575 Jubet.
1116 1529 1192 1569 Qua
1211 1528 1377 1562 immobili
1397 1538 1479 1572 per-

83 1598 244 1629 manente
268 1594 356 1630 vidit
383 1594 586 1629 daemonem
613 1595 721 1628 dorso
747 1595 842 1629 illius
875 1595 1107 1637 insidentem,
1142 1605 1242 1640 quem
1272 1596 1479 1639 increpans:

85 1659 250 1703 discede,
283 1661 415 1706 inquit,
443 1660 580 1695 funeste
605 1659 648 1695 de
673 1660 807 1705 pecude
835 1664 869 1695 et
893 1662 1068 1695 innoxium
1095 1661 1222 1695 animal
1247 1662 1387 1707 agitare
1415 1659 1479 1694 de-

84 1727 182 1761 siste.
232 1725 307 1766 Quo
343 1714 742 1771 protinus'discedente
777 1736 886 1761 vacca
922 1726 965 1760 ad
999 1728 1075 1772 ejus
1108 1726 1216 1772 pedes
1244 1727 1481 1771 prosternitur

84 1795 120 1827 et
151 1791 197 1826 ad
228 1793 304 1837 ejus
338 1792 517 1836 imperium
543 1801 617 1826 cum
644 1793 736 1826 omni
762 1792 1027 1827 mansuetudine
1054 1792 1098 1826 ad
1125 1803 1270 1838 gregem
1299 1802 1396 1826 suum
1422 1802 1478 1827 re-

84 1859 241 1893 vertitur.
290 1857 426 1893 Multae
453 1856 660 1892 subtilitatis
685 1858 730 1892 ad
757 1869 819 1893 eos
847 1858 1135 1904 eognoscendos3
1171 1858 1360 1893 daemones
1390 1859 1479 1893 enim
1508 1869 1512 1877 ⁴

82 1923 151 1958 sibi
173 1925 223 1958 ita
241 1923 500 1969 conspicabiles
520 1923 769 1966 reddebantur,
802 1928 840 1959 ut
863 1929 985 1969 aperte
1004 1924 1047 1958 ab
1074 1926 1152 1969 ipso
1179 1923 1242 1959 sub
1271 1934 1479 1970 quacunque

82 1989 234 2034 imagine
259 1989 471 2024 viderentur.
521 1988 605 2023 Nam
631 1990 802 2024 interdum
829 1990 1017 2025 daemones
1036 1992 1070 2024 in
1087 1990 1186 2026 Jovis
1207 2000 1372 2035 persona,
1399 1990 1477 2035 plu-

81 2055 271 2098 rimumque
287 2054 468 2096 Mercurii,
495 2054 685 2098 aliquando
704 2055 850 2090 Veneris
870 2056 922 2089 vel
942 2055 1124 2090 Minervae
1141 2054 1413 2100 transfiguratos
1439 2064 1479 2090 se

82 2119 160 2164 ejus
189 2120 225 2162 2)
239 2118 392 2153 vultibus
410 2117 617 2160 offerebant,
646 2129 734 2163 quos
756 2120 815 2155 ille
840 2130 958 2155 omnes
985 2122 1058 2154 suis
1086 2119 1285 2153 nominibus
1314 2121 1478 2164 increpa-

82 2184 163 2228 bat,
188 2185 398 2220 Mercurium
424 2185 571 2218 maxime
598 2184 798 2228 patiebatur
823 2186 1009 2228 infestum,
1042 2185 1164 2221 Jovem
1198 2184 1335 2219 brutum
1372 2188 1478 2230 atque

82 2251 242 2286 hebetem
268 2261 348 2286 esse
373 2249 527 2287 dicebat.
578 2249 734 2289 Quadam
760 2252 862 2286 etiam
887 2253 961 2287 vice
987 2251 1157 2296 dyabolus
1184 2252 1218 2284 in
1243 2250 1355 2285 forma
1379 2252 1478 2296 regis

82 2327 237 2362 purpura
255 2320 290 2351 et
309 2315 515 2362 dyademate
534 2319 568 2350 et
578 2317 695 2351 aureis
707 2317 833 2363 caligis
846 2321 990 2352 ornatus
1003 2327 1129 2352 sereno
1142 2317 1376 2362 orelaetaque
1389 2316 1478 2351 faeie

80 2382 150 2418 sibi
168 2383 345 2427 apparuit,
372 2391 518 2427 cumque
538 2381 598 2416 diu
615 2381 716 2416 ambo
735 2385 945 2419 tacuissent:
973 2393 1140 2430 agnosce,
1166 2383 1291 2427 inquit,
1310 2380 1477 2424 MarUne,

82 2456 180 2494 quem
209 2447 314 2490 colis3
359 2446 519 2481 Christus
545 2458 612 2493 ego
639 2458 713 2483 sum
739 2449 973 2484 descensurus
1000 2449 1046 2484 ad
1070 2453 1197 2490 terras,
1226 2448 1324 2492 prius
1343 2457 1396 2482 me
1412 2447 1478 2481 tibi

81 2513 307 2549 manifestare
342 2511 451 2546 volui.
498 2511 551 2546 Ad
583 2511 649 2547 boc
682 2523 758 2548 eum
784 2514 895 2550 adhuc
919 2515 1092 2550 Martinus
1118 2513 1295 2548 admirans
1327 2516 1477 2556 taceret,

82 2589 201 2614 rursus
225 2580 296 2614 ait:
322 2577 489 2619 Martiae,
516 2587 578 2611 cur
603 2577 744 2614 dubitas
770 2580 927 2623 credere,
951 2590 1026 2615 cum
1050 2589 1104 2614 me
1130 2577 1281 2615 videas?
1310 2578 1475 2615 Christus

151 2725 178 2757 1)
194 2724 307 2757 Vulgo:
327 2734 432 2758 quem
452 2732 608 2760 perperam
629 2723 776 2752 scribitur.
881 2724 909 2757 2)
929 2722 981 2750 Ed.
1002 2726 1044 2753 Pr.
1066 2722 1274 2751 militibus
1293 2722 1375 2755 legii.
