1742 3005
355 113 453 165 Cap.
486 114 656 152 CCXVI.
714 113 774 151 De
803 120 933 152 sancta
963 113 1176 152 Genovesa.
1371 113 1454 154 925

68 218 193 246 basilica
205 218 287 246 beati
300 218 435 253 Dionysii
450 219 514 254 ipsa
531 224 635 247 orante
650 219 894 247 vociferabantur
911 219 1084 252 clamantes,
1099 227 1193 255 prope
1209 219 1267 252 iam
1284 227 1359 253 esse,
1378 229 1454 254 quos

68 264 134 291 sibi·
151 264 182 291 in
208 264 317 291 solatio
342 264 446 291 venire
473 265 562 292 beata
589 265 741 292 Genovel'a
761 265 955 300 precabatur,
979 264 1107 292 forsitan
1125 264 1223 296 angeli
1241 264 1289 291 vel
1308 265 1454 293 martires.

69 313 152 345 Quae
165 319 287 341 surgens
304 314 333 336 et
351 309 470 342 signans
487 319 728 343 unumquemque
743 311 857 337 curavit
875 320 890 337 a
904 310 1010 345 spiritu
1026 310 1198 342 immundo,
1217 314 1249 336 ut
1270 309 1371 337 foetor
1389 320 1454 343 gra-

67 354 210 381 vissimus
230 355 414 382 adstantium
433 365 518 383 nares
538 355 706 391 attingeret.
742 358 766 382 A
786 355 835 381 die
855 355 945 381 etiam
963 355 1143 389 epiphaniae
1161 363 1256 388 usqne
1275 355 1314 382 ad
1332 364 1456 383 coenam

69 399 184 426 domini
202 400 290 427 beata
309 400 464 428 Genovesa
482 401 513 427 in
532 400 606 427 cella
627 400 742 427 reclusa
762 400 819 427 soli
848 403 909 427 Deo
932 401 1062 427 vacabat
1087 399 1119 426 in
1146 399 1333 426 orationibus
1357 405 1386 427 et
1410 401 1456 427 vi-

69 445 158 477 giliis.
193 445 327 472 Audiens
354 448 453 472 autem
479 445 579 480 puella
605 445 751 478 quaedam
776 444 915 476 religiosa
935 444 973 471 ad
990 444 1070 471 sores
1091 445 1153 478 ejus
1172 444 1265 476 magis
1285 445 1457 472 curiositate

69 500 158 523 quam
176 490 237 517 fule
255 495 409 525 permota,
429 490 503 524 quid
521 494 623 517 sancta
642 490 671 516 in
692 490 767 516 cella
792 498 844 516 sua
864 490 980 521 agebat,
1001 489 1077 516 scire
1095 489 1213 520 volens,
1233 489 1336 516 statim
1354 490 1456 517 lumen

69 535 179 562 amisit.
216 538 310 571 Quam
334 539 437 562 sancta
464 539 668 562 consummata
695 533 921 566 quadragesima
951 534 1106 566 egrediens
1139 533 1274 560 oratione
1309 538 1338 560 et
1372 534 1457 566 signo

69 579 164 607 crucis
190 580 382 607 illuminavit.
417 583 450 606 ln
474 579 600 606 ecclesia
619 579 709 605 etiam
727 578 809 605 beati
828 578 947 604 Martini
968 577 1170 610 Turonensis,
1199 587 1265 604 cum
1292 578 1321 604 in
1348 579 1458 611 angulo

69 624 200 657 quodam
209 629 315 659 oraret,
333 633 410 651 unus
424 624 462 650 de
477 624 677 659 psallentibus
695 628 831 658 arreptus
845 634 860 651 a
873 623 1032 650 daemonio
1044 624 1183 658 proprios
1200 627 1280 650 artus
1296 622 1458 656 lacerabat,

68 678 197 702 cumque
222 670 309 696 beata
336 669 491 696 Genovesa
515 668 653 703 spiritura
679 669 866 696 immundum
891 668 972 696 exire
997 668 1114 702 juberet
1141 673 1170 695 et
1198 666 1248 694 ille
1266 677 1320 703 per
1339 669 1458 696 oculum

67 713 210 748 progredi
227 722 260 740 se
278 713 456 746 minaretur,
483 713 650 748 imperante
675 714 727 741 illa
746 714 829 740 fluxu
846 713 961 740 ventris
982 714 1094 746 ejectus
1114 718 1158 740 est
1177 713 1268 740 foeda
1287 713 1458 748 relinquens

68 757 204 789 vestigia.
240 760 295 785 Per
316 758 397 785 idem
422 763 542 793 tempus
569 763 651 786 stans
679 759 710 785 in
737 759 821 785 aditu
847 759 954 785 domus
980 767 1051 785 suae
1069 757 1147 784 vidit
1166 758 1299 793 puellam
1321 759 1349 785 in
1368 770 1459 786 manu

68 801 232 837 ampullam
252 807 434 835 gestantem,
454 813 543 836 quam
561 803 653 838 paulo
673 808 742 830 ante
761 808 887 835 emerat,
908 808 935 830 et
956 802 1150 835 interrogata,
1170 803 1242 836 quid
1263 808 1356 837 esset,
1381 805 1459 832 vidit

67 842 247 874 daemonem
272 847 427 875 sedentem
452 848 483 875 in
510 857 560 875 ore
587 848 737 883 ampullae
764 853 791 874 et
819 848 934 875 minans
962 847 1129 874 insufflavit
1156 848 1185 874 in
1213 857 1279 876 eam
1298 850 1460 884 statimqne

67 900 137 926 pars
164 892 202 919 de
228 901 279 919 ore
303 893 453 928 ampullae
479 893 597 922 cecidit.
641 896 674 919 In
706 893 856 919 territorio
881 892 1030 919 Meldensi
1057 902 1123 919 cum
1150 894 1304 928 propriam
1331 904 1460 922 messem

67 941 210 969 meteret,
232 937 325 964 valde
348 937 461 965 turbati
487 942 555 965 sunt
582 937 710 973 operarii
736 942 860 972 propter
886 938 1013 964 imbrem
1032 936 1248 964 imminentem.
1284 943 1323 965 At
1341 939 1394 966 illa
1414 940 1459 966 in-

69 991 168 1014 gressa
193 982 370 1014 tentorium,
405 982 487 1016 quod
513 983 577 1010 sine
603 982 826 1009 intermissione
852 981 951 1007 facere
977 986 1192 1014 consueverat,
1226 991 1292 1009 cum
1322 983 1460 1017 lacrymis

68 1032 219 1062 prostrata
244 1028 379 1054 oratione
404 1027 551 1060 obtinuit,
585 1032 631 1060 ut,
665 1037 732 1054 cum
762 1027 793 1054 in
824 1026 950 1053 circuitu
981 1034 1085 1052 omnes
1114 1030 1229 1057 segetes
1255 1027 1359 1062 pluvia
1384 1029 1460 1061 riga-

68 1076 124 1104 ret,
144 1081 200 1099 nec
217 1081 345 1099 messem
365 1081 419 1099 nec
438 1074 500 1105 ejus
519 1081 667 1099 messores
686 1076 766 1104 gutta
786 1071 886 1105 aliqua
905 1070 1101 1103 contingeret.
1127 1075 1226 1098 Tanta
1245 1072 1335 1099 etiam
1350 1074 1460 1101 sancti—

68 1120 131 1143 tate
149 1117 303 1152 pollebat,
328 1117 410 1150 quod
435 1116 525 1144 etiam
550 1117 657 1151 spiritu
684 1117 862 1152 prophetiae
889 1117 978 1152 plena
1004 1125 1107 1143 omnes
1134 1125 1254 1150 quoque
1278 1119 1400 1146 morbos
1420 1120 1458 1145 ab

68 1161 206 1189 humanis
232 1162 408 1197 corporibus
436 1162 618 1197 expellebat.
653 1162 817 1193 ligentibus
843 1171 936 1196 panes
964 1162 1095 1193 integros
1115 1161 1207 1188 dabat
1226 1162 1320 1195 adeo,
1346 1168 1378 1190 ut
1397 1165 1461 1197 ejus

69 1207 189 1241 puellae
208 1216 298 1242 saepe
317 1211 433 1241 partem
452 1207 556 1242 panis,
583 1217 672 1240 quam
691 1206 722 1233 in
741 1207 860 1233 clibano
881 1212 1058 1242 posuerant,
1084 1216 1144 1234 non
1163 1207 1343 1236 invenirent.
1378 1209 1462 1236 Vixit

70 1256 170 1279 autem
187 1252 256 1287 plus
282 1261 371 1285 quam
389 1255 499 1279 LXXX
517 1252 613 1280 annis.
649 1253 741 1286 Hujus
767 1257 867 1279 autem
886 1253 986 1279 natale
1005 1252 1173 1279 celebratur
1191 1252 1279 1279 tertio
1298 1262 1392 1280 nonas
1412 1257 1462 1281 Ja-

69 1297 176 1324 uuarii.
212 1301 291 1324 Haec
316 1296 502 1325 Vincentius.
538 1297 665 1330 Reliqua
691 1302 809 1330 autem,
837 1308 912 1331 quae
939 1298 987 1325 hic
1013 1297 1199 1329 inseruntur,
1226 1307 1263 1323 ex
1286 1298 1461 1326 certissimis

69 1352 105 1369 ac
130 1341 352 1377 probatissimis
380 1341 541 1374 ecclesiae,
568 1342 599 1369 in
625 1352 682 1376 qua
710 1343 799 1370 beata
824 1343 910 1375 virgo
937 1342 1106 1377 praesidet,
1137 1341 1310 1375 codicibus,
1336 1352 1462 1376 quorum

69 1387 162 1413 etiam
186 1387 331 1413 nonnulla
357 1386 423 1422 ipse
449 1387 626 1414 Vincentius
650 1392 792 1420 testatur,
823 1392 955 1415 extracta
989 1391 1068 1414 sunt.
1112 1390 1181 1414 Post
1205 1387 1364 1414 transitum
1388 1398 1461 1416 vero

71 1431 265 1459 beatissimae
289 1431 414 1464 virginis
440 1432 557 1467 lampas
584 1434 647 1466 ejus
673 1433 832 1468 sepulchro
860 1432 1000 1468 apposita
1026 1437 1086 1464 est,
1113 1432 1143 1458 in
1167 1442 1224 1465 qua
1251 1437 1370 1467 praeter
1402 1433 1462 1460 olei

69 1477 312 1504 consumtionem
338 1477 414 1510 ignis
437 1478 651 1513 permanebat,
685 1480 767 1512 cujus
793 1484 931 1506 contactu
959 1477 1068 1505 infirmi
1094 1477 1290 1509 sanabantur,
1320 1477 1462 1512 lampade

70 1522 216 1550 videlicet
244 1527 357 1550 mutata
389 1523 421 1550 iu
446 1522 576 1555 sontem,
613 1523 681 1550 oleo
708 1523 740 1550 in
765 1523 956 1551 medicinam.
1009 1526 1106 1550 Homo
1133 1522 1255 1555 quidam
1283 1521 1401 1554 linguae
1433 1527 1464 1549 et

71 1567 228 1595 ocitlorum
262 1568 399 1604 privatus
431 1568 533 1596 officio
564 1568 604 1594 ad
637 1569 828 1603 sepulchrum
859 1568 984 1600 virginis
1011 1567 1157 1594 accedens
1185 1571 1214 1593 et
1238 1566 1338 1593 visum
1363 1571 1393 1593 et
1419 1567 1463 1594 lo-

72 1612 185 1646 quendi
202 1622 289 1640 nsum
308 1613 508 1648 recuperavit.
542 1613 651 1640 Mulier
669 1614 817 1647 quaedam
843 1614 873 1641 in
893 1613 1012 1641 visione
1032 1612 1183 1639 admonita
1204 1612 1299 1639 filium
1318 1621 1334 1638 a
1353 1612 1463 1639 nativi-

71 1662 134 1685 tate
153 1667 274 1685 caecum
293 1658 332 1685 ad
349 1659 504 1694 praefatae
521 1658 646 1691 virginis
665 1659 763 1686 locum
783 1659 908 1692 detulit,
935 1668 1062 1692 cumque
1086 1658 1116 1684 iu
1143 1657 1267 1684 ecclesia
1288 1657 1464 1685 miraculum

71 1703 256 1736 recitaretur,
279 1704 431 1737 quomodo
451 1704 590 1731 dominus
610 1705 696 1731 Jesus
716 1704 848 1732 Christus
867 1704 970 1731 oculos
991 1703 1070 1731 caeci
1090 1703 1152 1730 nati
1171 1702 1296 1738 aperuit,
1321 1703 1464 1729 continuo

72 1749 168 1783 aperti
192 1754 260 1776 sunt
285 1751 348 1783 ejus
367 1749 456 1777 oculi.
491 1748 656 1776 Revelatur
674 1748 791 1776 cuidam
810 1759 827 1776 a
844 1749 1004 1776 nativitate
1030 1753 1131 1780 muto,
1157 1752 1190 1775 ut
1216 1748 1255 1774 ad
1273 1747 1464 1781 sepulchrum

70 1793 198 1825 virginis
218 1803 250 1821 se
270 1794 446 1827 transferat,
471 1794 557 1822 vocis
576 1794 640 1821 illic
657 1794 837 1821 beneficium
857 1799 1062 1829 percepturus.
1100 1797 1231 1826 Cumque
1251 1792 1280 1818 in
1299 1792 1359 1819 fide
1378 1802 1464 1819 reve-

71 1838 194 1866 lationis
213 1838 263 1866 die
282 1839 433 1866 dominico
454 1839 526 1866 illuc
544 1839 750 1873 pervenisset,
777 1839 878 1866 statim
905 1839 1024 1871 linguae
1043 1838 1124 1865 illius
1144 1838 1298 1865 vinculum
1318 1842 1362 1864 est
1383 1837 1465 1864 solu-

70 1887 135 1910 tum
161 1887 191 1910 et
215 1884 396 1918 loquebatur
421 1884 614 1916 magnificans
633 1887 737 1912 Deum.
774 1887 976 1916 Interrogatus
996 1892 1066 1916 ergo
1085 1884 1122 1909 ab
1143 1883 1270 1915 abbate,
1299 1882 1372 1915 quid
1395 1886 1465 1916 post

71 1927 223 1956 indultum
241 1929 301 1956 sibi
318 1929 404 1956 vocis
423 1929 603 1957 heneficium
622 1938 709 1961 agere
729 1929 813 1961 velit,
832 1929 1013 1964 respondet,
1033 1928 1113 1961 quod
1132 1938 1148 1954 a
1168 1928 1234 1955 loco
1254 1927 1307 1954 illo
1325 1927 1466 1953 recedere

71 1972 166 2006 nolit,
191 1973 268 2001 nolit
287 1974 326 2001 ad
345 1973 466 2010 propria
485 1973 601 2007 redire,
627 1975 703 2001 nolit
722 1975 862 2001 omnibus
888 1974 996 2001 diebus
1015 1973 1096 2000 vitae
1116 1982 1187 2000 suae
1209 1973 1272 2000 sine
1292 1972 1466 2007 praesentia

71 2016 196 2048 virginis
214 2018 332 2045 vivere.
369 2020 457 2053 Cujus
475 2023 582 2046 votum
599 2019 680 2045 laeto
700 2020 799 2046 animo
819 2018 1005 2053 amplectens
1032 2019 1128 2045 abbas
1147 2018 1229 2044 vitae
1249 2017 1307 2044 sibi
1326 2026 1465 2043 necessa-

72 2061 116 2088 ria
133 2061 218 2095 jubet
236 2061 407 2091 ministrari.
445 2066 516 2090 Cum
538 2063 617 2089 latro
645 2063 767 2095 quidam
793 2062 903 2089 carceri
923 2062 1111 2095 mancipatus
1131 2062 1266 2088 custodis
1285 2060 1467 2092 negligentia

73 2105 112 2132 de
138 2115 257 2132 carcere
281 2106 404 2134 exiisset
430 2106 655 2139 fugientemque
678 2106 715 2132 ad
744 2106 935 2140 sepulchrum
961 2105 1087 2137 virginis
1114 2114 1235 2140 praeses
1260 2105 1468 2138 insequeretur

72 2150 258 2183 virginisque
282 2150 360 2178 latro
387 2151 530 2178 auxilium
555 2150 748 2185 implorando
775 2150 968 2182 acclamaret,
994 2159 1115 2183 praeses
1140 2158 1213 2176 vero
1239 2149 1271 2176 in
1295 2151 1358 2183 ejus
1386 2150 1469 2176 blas-

72 2195 224 2230 phemiam
244 2200 468 2231 prorumperet,
496 2195 597 2223 subito
617 2204 688 2222 casu
705 2195 809 2230 lapsus
828 2194 950 2229 praeses
969 2194 1086 2221 latrone
1106 2194 1235 2221 liberato
1254 2194 1469 2221 miserabiliter

73 2240 250 2275 exspiravit.
287 2243 358 2267 Cum
384 2241 445 2268 alio
471 2245 608 2275 tempore
630 2240 741 2267 flumen
767 2242 923 2273 Sequanae
955 2239 1032 2266 ultra
1058 2239 1182 2266 modum
1207 2239 1419 2266 intumesceret
1439 2243 1469 2265 et

73 2285 114 2311 ad
132 2284 280 2319 capellam
305 2284 472 2319 virginum,
497 2296 587 2319 quam
612 2294 708 2320 prope
735 2284 892 2312 ecclesiam
920 2283 1016 2311 sancti
1042 2284 1186 2311 Johannis
1213 2284 1365 2319 baptistae
1383 2283 1470 2316 virgo

74 2334 298 2362 construxerat,
317 2330 356 2356 ad
374 2330 506 2358 medium
523 2339 619 2363 usque
638 2329 767 2356 aedificii
785 2329 981 2365 pertingeret,
1004 2329 1142 2362 lectulus,
1160 2330 1190 2356 in
1210 2338 1268 2362 quo
1288 2329 1470 2362 decesserat,

74 2374 126 2407 qui
150 2373 265 2400 ibidem
291 2375 485 2407 servabatur,
516 2375 639 2402 flumine
665 2374 783 2402 infusus
810 2375 895 2408 aquis
923 2373 1063 2401 continue
1091 2373 1346 2401 descendentibus
1380 2378 1471 2407 atque

75 2418 304 2446 discedentibus
331 2420 369 2446 ab
394 2419 456 2447 illis
482 2419 611 2447 intactus
639 2424 684 2446 est
710 2419 859 2447 inventus.
895 2423 965 2446 Post
992 2419 1108 2452 aliquot
1131 2427 1205 2445 vero
1233 2419 1297 2446 dies
1317 2428 1384 2445 cuni
1403 2427 1472 2445 coe-

74 2463 168 2490 nobio
194 2472 212 2489 a
236 2464 413 2491 Nor-mannis
438 2464 578 2491 incendio
604 2468 760 2491 consumto
787 2472 895 2498 corpus
920 2462 1047 2495 virginis
1073 2473 1089 2489 a
1115 2462 1259 2491 fratribus
1282 2463 1324 2490 ad
1349 2463 1472 2496 Ategias

74 2509 181 2535 villam
199 2517 287 2535 suum
305 2508 524 2544 deportaretur,
543 2509 645 2536 multis
665 2509 756 2536 etiam
774 2508 888 2536 ibidem
907 2509 1051 2536 claruisse
1075 2506 1227 2535 miraculis
1247 2508 1471 2542 comprobatur.

75 2553 232 2587 Siquidem
257 2552 351 2580 altare
377 2554 540 2586 ecclesiae,
567 2553 614 2580 cui
639 2562 792 2581 assessura
812 2557 875 2580 erat
900 2553 995 2586 virgo,
1016 2557 1118 2580 saneta
1137 2562 1223 2579 cruce
1243 2556 1472 2586 sanctorumque

74 2597 225 2631 reliquiis,
252 2601 285 2624 ut
310 2598 401 2625 moris
429 2603 489 2631 est,
516 2598 694 2624 adornatum
720 2603 873 2632 tamquam
892 2599 954 2631 ejus
974 2597 1120 2624 adventui
1140 2597 1348 2629 congratulans
1366 2606 1473 2624 move-

75 2643 181 2675 batur,
208 2641 256 2668 cui
283 2642 492 2677 superposita,
518 2642 600 2676 quod
625 2643 777 2677 cupierat,
812 2651 843 2669 se
869 2642 1014 2676 adeptum
1040 2641 1249 2668 demonstrans
1275 2641 1392 2668 firmum
1418 2651 1472 2668 nec

75 2686 207 2721 amplius
233 2686 349 2714 moveri
375 2687 604 2722 comprobatum
630 2691 685 2716 est.
721 2690 755 2713 In
781 2687 864 2720 cujus
889 2686 1011 2720 quidem
1038 2685 1250 2721 deportatione
1275 2695 1395 2719 cereus,
1429 2687 1472 2713 uti

77 2731 149 2759 dum
167 2730 304 2764 viveret,
329 2731 437 2759 iterum
465 2735 554 2765 atque
580 2730 688 2759 iterum
707 2730 884 2759 miraculose
905 2735 951 2758 est
969 2740 1121 2761 accensus.
1159 2734 1229 2759 Cum
1250 2735 1349 2760 autem
1368 2731 1471 2759 abb-'is'
