1742 3005
227 77 305 116 372
434 76 527 126 Cap.
560 74 765 112 LXXXlX.
824 74 881 112 De
913 80 1042 112 sancto
1073 75 1187 113 Petro
1220 75 1410 126 apostolo,

225 191 299 215 sum
335 189 452 213 verum
485 176 589 211 lilium
627 177 691 211 Dei
723 179 867 222 putavit.
916 178 1009 214 Haec
1034 178 1120 214 Leo.
1169 180 1370 226 Aliquando
1402 179 1506 214 etiam
1542 188 1614 212 euin

226 250 260 280 in
289 243 449 279 conclavi
475 252 550 276 euin
576 242 717 278 Nerone
742 248 857 286 esset,
887 242 1036 279 daemon
1064 245 1097 278 in
1125 245 1202 289 ejus
1228 246 1347 289 specie
1371 244 1458 278 soris
1485 243 1615 288 populo

227 310 455 355 loquebatur:
492 307 643 354 denique
673 307 819 343 Romani
854 311 888 344 in
920 314 1018 344 tanta
1044 311 1270 345 veneratione
1308 321 1383 344 eum
1408 309 1616 349 babuerunt,

226 377 319 423 quod
354 376 466 411 eidem
499 375 685 420 imaginem
720 374 877 410 fecerunt
913 381 947 411 et
984 376 1076 410 hunc
1110 375 1246 410 titulum
1271 376 1615 419 superscripserunt:

228 444 369 489 Ssiuoni
394 442 468 477 Deo
496 445 635 478 saneto.⁴
678 440 802 476 Petrus
826 446 940 477 autem
969 447 1002 477 et
1026 442 1176 483 Paulus,
1210 444 1248 474 ut
1271 440 1343 475 Leo
1368 444 1538 481 testatur,
1572 439 1616 473 ad

228 510 400 545 Neronem
432 509 642 543 introierunt
672 512 706 542 et
741 509 857 542 omnia
887 509 964 554 ejus
995 507 1168 543 maleficia
1210 506 1445 552 detegebant,
1484 504 1619 539 addidit

228 586 365 622 quoque
391 574 533 616 Petrus,
571 572 664 618 quod
699 574 789 608 sicut
823 575 858 607 in
886 574 1025 609 Christo
1051 578 1131 608 suut
1157 573 1247 608 duae
1272 573 1512 613 substantiae⁷
1547 571 1617 604 sci-

228 643 312 676 licet
338 641 404 675 Dei
431 644 464 674 et
494 639 663 680 hominis,
698 640 748 673 sic
782 643 816 674 et
849 641 882 673 iu
916 641 984 673 isto
1017 650 1120 685 mago
1153 643 1232 673 sunt
1265 639 1355 673 duae
1389 638 1619 677 substantiae,

228 707 367 742 scilicet
400 705 549 738 hominis
586 708 620 737 et
655 703 819 748 dyaboli,
857 704 1014 749 dixitque
1050 704 1197 749 Symeu,
1230 710 1267 739 ut
1299 709 1449 739 testatur
1477 706 1619 737 sanctus

227 771 418 807 Marcellus
446 774 480 804 et
495 768 590 803 Leo:
613 779 656 803 ne
681 769 811 803 diutius
836 769 928 803 hunc
954 772 1073 814 patiar
1097 772 1284 813 inimicum,
1314 770 1529 815 praecipiam
1557 778 1619 802 an—

228 838 319 885 ²{gelis
346 838 454 878 meis,
480 839 518 869 ut
542 834 718 869 vindicent
742 846 795 869 me
821 835 864 869 de
892 836 973 871 isto.
1023 835 1084 869 Cui
1107 835 1248 870 Petrus:
1275 835 1422 881 angelos
1447 838 1527 868 tuos
1552 844 1621 867 non

229 907 356 944 timeo,
394 901 457 937 sed
488 903 557 946 ipsi
582 912 636 935 me
659 902 792 935 timent.
841 900 934 935 Nero
963 901 1067 935 dixit:
1102 912 1171 935 non
1194 902 1295 936 times
1322 901 1524 946 Symonem,
1561 900 1621 944 qui

231 970 447 1004 divinitatem
474 977 571 1001 suam
597 967 701 1001 rebus
729 966 907 1001 affirmat?
956 968 1019 1001 Cui
1047 966 1194 1001 Petrus:
1231 968 1262 1001 si
1297 967 1462 1001 divinitas
1494 970 1548 1001 est
1586 967 1621 999 in

229 1039 329 1081 ipso,
358 1034 452 1068 dieat
477 1043 566 1067 nunc
592 1032 696 1074 milii,
723 1032 806 1077 quid
834 1034 953 1078 cogito
980 1032 1035 1068 vel
1058 1032 1141 1077 quid
1168 1033 1278 1075 facio,
1302 1043 1404 1078 quani
1431 1033 1619 1078 cogitatio-

229 1112 306 1136 nem
331 1109 441 1133 meam
467 1096 564 1143 prius
592 1097 736 1131 auribus
760 1100 830 1131 tuis
855 1100 1005 1140 insinuo,
1031 1103 1068 1132 ut
1092 1110 1161 1133 non
1186 1098 1316 1133 amicat
1332 1100 1480 1133 mentiri.
1528 1097 1620 1132 Nero

230 1167 337 1200 dixit:
364 1164 494 1199 accede
521 1163 587 1198 buc
614 1167 648 1198 et
675 1163 730 1197 die
752 1163 848 1206 mihi,
875 1164 957 1210 quid
983 1150 1132 1210 cogitas.
1179 1164 1304 1199 Petrus
1319 1168 1433 1199 autem
1450 1163 1621 1199 accedens

230 1235 366 1267 secreto
395 1230 500 1264 dixit:
530 1229 618 1275 Jube
642 1229 727 1263 mihi
755 1240 879 1275 panem
904 1229 1137 1264 hordeaceum
1162 1230 1283 1264 afferri
1312 1234 1347 1264 et
1372 1230 1507 1264 occulte
1534 1228 1621 1263 dari.

230 1299 295 1338 Qui
321 1308 395 1331 cuin
421 1296 548 1330 allatus
578 1295 703 1330 fuisset
729 1300 762 1330 et
785 1295 909 1330 Petrus
933 1295 1027 1329 illum
1058 1294 1303 1330 benedixisset
1337 1300 1371 1330 et
1398 1305 1462 1330 sua
1486 1296 1622 1329 manica

229 1363 500 1404 abscondisset,
531 1361 638 1395 dixit:
667 1361 762 1396 dieat
788 1362 934 1407 Symon,
963 1362 1023 1407 qui
1048 1371 1087 1396 se
1111 1360 1218 1396 Deum
1244 1361 1349 1404 feeit,
1378 1360 1461 1406 quid
1487 1362 1537 1394 sit
1559 1370 1619 1394 eo-

229 1431 397 1475 gitatum,
432 1427 515 1474 quid
549 1427 676 1462 dictum
702 1427 758 1463 vel
782 1427 865 1473 quid
896 1429 943 1462 sit
968 1426 1109 1462 sactum.
1156 1426 1351 1472 Respondit
1376 1426 1524 1471 symon:
1553 1425 1619 1461 Pe—

230 1500 305 1529 trus
330 1496 444 1539 magis
469 1494 582 1535 dicat,
609 1494 692 1539 quid
715 1495 867 1540 cogitem
894 1505 973 1540 ego.
1021 1494 1187 1539 DIxitque
1212 1492 1355 1528 Petrus:
1383 1491 1464 1538 quid
1489 1492 1622 1537 cogitet

233 1561 382 1605 Symon,
414 1570 469 1593 me
502 1562 592 1594 scire
630 1559 789 1603 docebo,
828 1559 920 1603 dum,
958 1560 1052 1606 quod
1078 1560 1311 1605 cogitaverit,
1345 1558 1475 1593 secero.
1522 1558 1621 1592 Tune

232 1626 359 1671 Symon
384 1625 585 1671 indignatus
611 1625 791 1659 clamavit:
817 1626 1013 1670 procedant
1039 1636 1143 1660 canes
1164 1626 1331 1670 magniet
1348 1624 1517 1659 devorent
1532 1634 1619 1659 eum.

231 1691 274 1726 Et
299 1691 415 1725 subito
441 1701 547 1726 canes
573 1692 711 1725 maximi
733 1696 972 1736 apparuerunt
996 1697 1031 1726 et
1056 1693 1090 1725 in
1105 1692 1244 1726 Petrum
1270 1692 1431 1735 impetum
1452 1690 1621 1731 fecerunt,

232 1757 291 1791 ille
322 1767 405 1791 vero
432 1767 557 1802 panem
588 1755 808 1791 benedictum
842 1756 969 1791 obtulit
1002 1761 1036 1792 et
1062 1756 1178 1791 subito
1204 1758 1302 1802 ipsos
1328 1759 1362 1791 in
1388 1757 1508 1802 sugam
1537 1766 1620 1790 eou-

232 1823 344 1857 vertit.
396 1822 494 1857 Tune
534 1821 624 1855 dixit
658 1821 703 1855 ad
738 1821 910 1856 Neronem
943 1822 1086 1857 Petrus:
1126 1831 1205 1857 ecce
1238 1822 1378 1857 ostendi
1412 1832 1465 1857 me
1500 1831 1619 1861 nosse,

232 1887 324 1933 quod
359 1891 481 1921 contra
504 1898 557 1922 me
581 1888 803 1933 cogitaverat
835 1887 982 1932 Symon,
1016 1898 1084 1922 non
1109 1887 1248 1929 verbis,
1279 1887 1342 1922 sed
1370 1887 1485 1922 sactis.
1534 1887 1621 1922 Nam

233 1954 290 1998 qui
322 1955 532 1998 promiserat
566 1957 689 1987 contra
721 1963 775 1987 me
811 1953 960 1999 angelos
993 1958 1179 1995 venturos,
1224 1952 1383 1987 exhibuit
1416 1963 1543 1995 canes,
1584 1956 1622 1986 ut

231 2018 395 2053 ostendat
430 2029 468 2053 se
503 2019 641 2053 divinos
673 2018 822 2064 angelos
862 2030 931 2062 non
962 2019 1113 2061 babere,
1154 2018 1218 2053 sed
1253 2020 1409 2054 caninos,
1457 2018 1622 2063 Dixitque

230 2084 377 2128 Synion:
419 2083 557 2127 audite,
592 2084 696 2119 Petre
722 2089 756 2119 et
781 2084 911 2128 Paule,
952 2087 982 2119 si
1006 2085 1062 2120 liic
1087 2085 1188 2120 vobis
1213 2084 1300 2119 nihil
1325 2094 1467 2129 possum
1488 2084 1620 2126 facere,

230 2150 428 2192 veniemus,
464 2149 524 2184 ubi
557 2154 697 2195 oportet
728 2161 780 2186 me
815 2162 876 2186 vos
906 2151 1089 2197 judicare;
1139 2161 1206 2197 ego
1240 2154 1354 2185 autem
1389 2149 1491 2184 modo
1518 2150 1620 2184 vobis

231 2224 349 2259 parco.
397 2214 491 2249 llaec
513 2215 597 2250 Leo.
648 2216 748 2251 Tunc
776 2216 921 2262 Syrnon,
960 2221 998 2251 ut
1030 2219 1079 2251 ait
1113 2216 1334 2261 Hegesippus
1363 2219 1397 2250 et
1419 2214 1550 2257 Linus,
1587 2216 1621 2249 in

230 2279 431 2324 superbiam
457 2280 570 2315 elatus
596 2278 703 2315 ausus
730 2286 784 2316 est
803 2283 962 2326 Jactare,
991 2282 1083 2327 quod
1109 2285 1232 2326 posset
1256 2285 1410 2316 mortuos
1434 2281 1620 2324 suscitare,

230 2349 264 2380 et
290 2345 438 2388 accidit,
464 2349 502 2380 ut
526 2345 666 2391 quidam
686 2347 829 2392 juvenis
850 2351 1063 2390 moreretur,
1092 2349 1225 2382 vocatis
1252 2358 1339 2393 ergo
1365 2346 1469 2382 Petro
1497 2350 1531 2381 et
1554 2346 1618 2390 Sy-

229 2421 329 2445 mone
355 2411 443 2445 banc
471 2421 589 2446 omnes
617 2411 660 2446 de
686 2413 863 2448 voluntate
889 2413 1048 2457 Symonis
1075 2415 1282 2448 sententiani
1307 2412 1548 2454 firmaverunt,
1582 2413 1619 2444 ut

228 2475 287 2509 ille
312 2476 549 2519 occideretur,
590 2479 648 2523 qui
681 2482 849 2512 mortuum
881 2479 1053 2513 suscitare
1083 2489 1151 2512 non
1181 2482 1313 2523 posset.
1361 2478 1487 2522 Symon
1512 2477 1619 2520 igitur

227 2537 304 2572 dum
331 2551 438 2586 super
462 2547 630 2577 mortuum
658 2554 741 2578 suas
772 2545 1029 2578 incantationes
1055 2544 1198 2586 faceret,
1225 2545 1320 2579 visus
1347 2546 1401 2576 est
1423 2551 1444 2575 a
1469 2541 1615 2575 circum—

227 2604 398 2639 stantibus
435 2612 540 2652 caput
575 2610 713 2655 agitare
750 2609 945 2644 defunctus.
996 2609 1096 2644 Tune
1130 2619 1248 2644 omnes
1287 2607 1520 2642 exclamantes
1548 2606 1614 2641 Pe·

227 2672 313 2702 trum
339 2669 498 2713 lapidare
524 2673 704 2717 volebant,
739 2673 862 2710 Petrus
891 2679 1006 2711 autem
1041 2676 1097 2710 vix
1133 2676 1315 2718 impetrato
1344 2671 1483 2707 silentio
1509 2671 1614 2708 dixit:
