1742 3005
206 61 289 99 460
450 62 543 110 Cap.
577 62 656 98 CX.
724 62 783 98 De
816 69 946 98 sancto
976 63 1092 100 Petro
1123 64 1170 100 ad
1202 64 1364 100 vincula.

207 168 313 201 solvit
338 170 371 200 et
399 165 510 199 eidem
535 164 668 209 ligandi
695 169 730 199 et
754 164 960 199 absolvendi
986 171 1194 210 potestatem
1227 168 1344 211 dedit,
1379 179 1442 202 nos
1479 174 1592 202 autem

205 231 353 265 vinculis
389 234 608 274 peccatorum
645 229 795 275 obligati
827 235 984 264 tenemur
1016 235 1050 264 et
1082 231 1219 265 absolvi
1258 234 1464 279 indigemus.
1513 233 1595 267 ldeo

207 299 315 341 igitur
339 297 450 340 ipsum
476 296 511 328 in
537 295 790 337 sollemnitate,
827 306 917 340 qnae
949 296 1077 330 dicitur
1102 296 1146 330 ad
1181 297 1336 340 vincula,
1372 298 1595 340 honoramus,

206 367 262 403 ut,
297 363 387 395 sicut
415 362 490 406 ipse
515 371 536 394 a
560 360 710 395 vinculis
734 360 873 395 absolvi
901 364 1092 405 promeruit
1125 366 1159 397 et
1188 363 1279 396 sieut
1303 361 1508 396 absolvendi
1535 375 1595 408 po-

205 431 367 462 testatem
393 436 414 460 a
441 426 579 460 domino
605 427 764 470 accepit,
803 428 854 460 sie
888 431 921 461 et
956 428 1031 471 ipse
1057 437 1078 461 a
1111 432 1331 471 peccatorum
1361 428 1506 461 vinculis
1533 438 1596 462 nos

206 492 380 526 absolvat.
429 491 522 526 Hane
550 492 701 526 nltimam
737 493 966 526 institutionis
992 503 1131 526 causam
1168 493 1366 527 nonnullam
1404 494 1597 535 exstitisse,

206 561 284 602 quis
319 558 360 592 de
395 558 492 591 sacili
528 557 721 603 perpendat
754 558 805 591 vel
841 557 1058 602 perpendere
1093 563 1228 602 potest,
1271 559 1301 591 si
1328 558 1465 601 videat,
1505 559 1597 604 qnod

205 624 460 658 absolutionem
497 633 518 657 a
551 623 698 657 vinculis
734 625 766 656 in
804 623 999 667 apostolum
1028 623 1152 656 factam
1179 624 1330 667 epistola
1354 627 1598 658 commemorat

207 695 241 724 et
266 688 471 722 absolvendi
508 692 717 731 potestatem
754 687 821 720 sibi
856 698 1057 722 concessam
1092 689 1312 733 evangelista
1340 691 1474 723 recitat.
1524 689 1594 723 An

205 755 413 789 solutionem
446 758 560 787 autem
595 752 638 786 ab
674 753 751 797 ipso
786 753 887 786 nobis
914 752 1060 786 fiendam
1093 752 1264 787 hodierna
1289 756 1402 788 oratio
1429 755 1594 799 postulat.

207 820 306 861 Quod
332 823 444 853 autem
474 829 536 863 per
559 817 700 859 claves,
737 828 824 863 quas
850 819 1006 862 accepit,
1043 818 1212 852 interdum
1244 820 1347 852 etiam
1382 819 1595 853 damnandos

204 886 384 926 absolvat,
421 885 453 917 in
480 883 629 928 quodam
662 883 847 925 miraculo,
881 883 973 928 quod
1011 884 1142 930 legitur
1176 885 1209 917 in
1235 883 1324 917 libro
1352 885 1597 918 miraculorum

205 953 330 986 heatae
366 951 533 995 virginis,
574 949 661 982 satis
687 949 806 983 claret.
864 949 966 993 Apud
1003 960 1150 994 namque
1188 949 1368 984 Coloniam
1405 950 1523 984 urbem
1562 951 1595 983 in

205 1018 417 1051 monasterio
452 1017 560 1048 saneti
592 1014 686 1048 Petri
719 1018 793 1048 erat
826 1014 963 1060 qnidam
997 1014 1184 1049 monachus
1221 1016 1329 1058 levis⁷
1375 1016 1529 1049 lubricus
1563 1019 1598 1050 et

205 1083 371 1116 lascivus,
418 1080 481 1114 Hie
507 1080 584 1113 dum
611 1079 728 1113 subita
753 1084 862 1113 morte
889 1084 984 1114 esset
1012 1086 1243 1124 praeventus,
1272 1081 1459 1116 daemones
1485 1083 1595 1125 ipsum

205 1147 422 1181 accusabant
449 1150 482 1179 et
507 1145 686 1190 quaelibet
712 1149 934 1188 peecatorum
961 1156 1093 1190 genera
1117 1149 1362 1192 eontraipsnm
1387 1146 1593 1181 clamabant.

204 1213 310 1247 Unum
338 1211 498 1246 dicebat:
534 1222 601 1256 ego
637 1221 710 1243 sum
736 1210 910 1254 cupiditas
943 1215 1023 1251 tua,
1060 1221 1128 1256 qua
1159 1217 1281 1246 eontra
1312 1213 1375 1247 Dei
1407 1216 1596 1257 praecepta

205 1284 272 1313 tam
306 1278 507 1322 frequenter
542 1277 679 1321 cupisti.
738 1275 844 1310 Aliud
884 1276 1078 1310 clamabat:
1128 1288 1194 1322 ego
1231 1289 1303 1311 sum
1344 1288 1433 1312 vana
1466 1277 1594 1323 gloria,

205 1355 272 1390 qua
307 1348 341 1378 te
367 1342 461 1388 apud
489 1342 646 1376 homines
666 1344 844 1386 jactanter
869 1342 1045 1376 exaltasti.
1095 1342 1220 1376 Aliud:
1253 1353 1320 1388 ego
1354 1353 1426 1377 sum
1455 1342 1595 1376 menda—

203 1412 306 1451 cium,
334 1410 366 1442 in
387 1419 454 1454 qno
475 1407 670 1442 mentiendo
690 1409 855 1452 peccasti.
905 1406 946 1442 Et
963 1412 1106 1442 caetera
1126 1409 1297 1443 similiter.
1340 1408 1469 1442 Contra
1487 1417 1595 1453 qnae—

206 1476 283 1510 dam
306 1476 398 1508 hona
417 1484 536 1518 opera,
564 1484 651 1518 qnae
678 1473 823 1515 fecerat,
850 1475 961 1518 ipsum
988 1474 1203 1508 excusabant
1228 1474 1396 1509 dicentia:
1426 1485 1492 1520 ego
1520 1484 1593 1507 sum

205 1541 420 1582 obedientia,
447 1549 548 1584 quam
574 1540 771 1573 senioribus
798 1539 1041 1583 spiritualibus
1069 1540 1279 1583 exhibuisti,
1305 1552 1371 1587 ego
1398 1551 1470 1574 snm
1498 1539 1592 1584 psal-

205 1617 336 1641 morum
371 1609 514 1646 cantus,
558 1615 656 1649 quem
699 1604 902 1649 frequenter
934 1605 1006 1640 Deo
1046 1607 1242 1642 conc-inisti.
1300 1607 1449 1640 Sanctus
1482 1609 1595 1639 autem

206 1673 350 1713 Petrus,
386 1671 485 1715 cujus
511 1675 586 1704 erat
612 1670 823 1711 monachus,
859 1680 920 1713 pro
948 1671 1025 1714 ipso
1060 1670 1310 1714 deprecaturus
1354 1672 1461 1706 Deum
1495 1671 1593 1705 adiit.

207 1739 268 1772 (lui
296 1735 477 1780 respondit
501 1735 676 1769 dominus:
709 1735 872 1779 innnqnid
898 1746 965 1768 non
1000 1735 1173 1779 propheta
1199 1748 1250 1770 me
1276 1739 1470 1781 inspirante
1495 1737 1594 1772 dixit,

207 1803 356 1843 domine,
385 1802 463 1846 quis
491 1800 664 1834 habitabit
687 1802 719 1833 in
742 1799 970 1834 tabernaculo
997 1806 1056 1834 tuo
1078 1806 1143 1835 etc.
1159 1803 1175 1836 ’ἓ
1224 1802 1288 1841 Qui
1307 1802 1504 1847 ingreditur
1519 1803 1594 1835 sine

205 1867 342 1901 macula
368 1871 433 1900 etc.
485 1866 663 1905 Quomodo
701 1865 756 1899 hic
790 1870 906 1909 potest
932 1866 1050 1900 salvus
1078 1878 1177 1909 esse,
1210 1878 1283 1901 cnm
1317 1879 1381 1901 nec.
1415 1869 1490 1900 sine
1522 1877 1592 1900 ma—

206 1933 283 1966 cula
318 1934 499 1976 ingressus
535 1943 598 1966 nec
639 1933 684 1965 sit
715 1932 887 1975 justitiam
926 1936 1106 1975 operatnS.
1155 1932 1315 1977 Rogante
1351 1935 1458 1977 igitur
1491 1932 1593 1967 Petro

208 2010 269 2043 pro
298 2009 338 2031 eo
366 2008 440 2031 cnm
474 1999 608 2041 virgine
634 2002 741 2032 matre
768 1997 857 2031 lianc
882 1997 1040 2030 dominus
1066 1999 1271 2031 sententiam
1300 1999 1461 2042 protulit,
1488 2002 1523 2031 ut
1551 1997 1593 2031 ad

208 2075 334 2108 corpus
373 2063 503 2097 rediret
528 2067 561 2097 et
588 2063 634 2096 ibi
661 2054 908 2107 poenitentiam
938 2067 1071 2107 ageret.
1122 2063 1221 2097 Tune
1255 2064 1437 2098 conl'estim
1472 2063 1595 2098 Petrus

208 2131 317 2169 clavi,
347 2140 446 2173 qnam
474 2140 572 2162 mann
600 2129 758 2170 tenebat,
786 2128 970 2173 dyabolum
1000 2130 1122 2163 terruit
1148 2133 1182 2163 et
1207 2130 1240 2162 in
1267 2130 1383 2175 sugam
1411 2130 1593 2163 convertit.

207 2197 363 2230 Animam
391 2205 472 2228 vero
498 2196 574 2239 eJus
600 2196 632 2227 in
660 2205 760 2228 inanu
785 2194 984 2238 anusdam,
1019 2196 1074 2239 qui
1109 2195 1142 2227 in
1176 2195 1356 2238 praedicto
1384 2196 1595 2228 monasterio

208 2260 397 2294 monnellus
425 2260 558 2301 suerat,
593 2259 740 2293 tradidit
774 2264 807 2293 et
832 2265 867 2293 ut
893 2260 935 2293 ad
962 2271 1089 2304 corpus
1116 2261 1225 2304 ipsam
1254 2261 1455 2301 reduceret,
1491 2250 1593 2304 prae-

209 2328 311 2371 cepit.
364 2327 428 2365 Qui
465 2325 508 2358 al)
542 2336 583 2359 eo
620 2337 682 2369 pro
718 2325 877 2359 mercede
913 2325 1125 2359 reductionis
1160 2327 1343 2370 poposcit,
1384 2331 1419 2359 nt
1444 2327 1592 2369 singulis

208 2391 330 2426 diebus
365 2391 550 2436 psalmum:
577 2393 742 2425 miserere
767 2392 831 2424 mei
858 2391 1036 2430 (lanuinus,
1063 2390 1196 2425 diceret
1221 2395 1255 2425 et
1280 2391 1490 2436 sepulturam
1517 2394 1592 2435 ejtts

209 2468 316 2500 saepe
341 2457 458 2491 scobis
485 2458 676 2491 mundaret.
726 2456 873 2502 lpseque
899 2456 940 2490 de
968 2461 1078 2491 morte
1104 2457 1262 2499 rediens,
1297 2467 1386 2502 qnae
1416 2457 1483 2491 sihi
1507 2466 1589 2489 con—

211 2525 381 2565 lig-erant,
409 2523 567 2557 omnibus
594 2523 784 2558 enarravit.
