1742 3005
332 70 428 120 Cap.
463 70 599 106 XCtX.
661 70 718 107 De
759 78 888 107 sancto
919 72 1061 107 jacobo
1094 72 1246 120 majore.
1402 70 1481 108 427

97 177 300 212 incolumem
327 176 564 220 deposuerunt
588 180 621 210 et
637 175 809 220 hospitem
826 175 1095 220 suspenderunt.
1110 194 1152 206 »-
1169 193 1214 201 -
1229 195 1270 201 —
1296 179 1348 215 6.
1365 175 1485 212 Refert

95 242 195 288 nugo
224 242 266 277 de
291 246 412 276 sancto
441 241 601 283 Victore,
635 240 729 286 quod
753 241 889 275 cuidam
916 243 1103 288 peregrino
1129 241 1172 276 ad
1198 246 1355 276 sanctum
1380 242 1484 278 Jaco-

95 309 172 344 bum
204 309 367 355 pergenti
402 307 572 352 dyabolus
608 308 641 341 in
675 308 796 351 speeie
821 309 931 341 sancti
956 307 1077 344 Jacobi
1107 310 1270 353 apparuit
1294 312 1328 343 et
1353 309 1396 343 de
1419 311 1482 343 mi-

96 376 192 409 seria
222 375 423 419 praesentis
459 375 551 407 vitae
584 372 686 417 plura
716 383 988 408 connnemorans
1021 373 1157 407 felicem
1185 384 1224 408 se
1249 384 1348 417 esse,
1386 377 1415 409 si
1441 376 1486 409 ob

97 440 263 475 honorem
297 442 350 474 sui
386 450 424 475 se
457 443 616 476 necaret,
657 440 821 472 asseruit.
872 439 936 478 Qui
970 448 1049 472 mox
1081 438 1236 483 gladium
1272 441 1420 484 arripuit
1455 445 1486 476 et

99 507 258 549 protinus
292 516 330 540 se
362 508 474 550 ipsum
509 503 646 538 occidit.
696 502 739 537 Et
764 514 838 537 cum
865 503 938 545 ille,
976 505 1010 538 in
1035 502 1136 538 domo
1161 505 1261 549 cujus
1287 504 1486 550 hospitatus

98 570 232 613 fuerat,
258 574 443 616 suspectus
468 569 658 603 haberetur
685 572 719 603 et
745 571 831 603 mori
857 569 1038 614 plurimum
1065 569 1290 611 formidaret,
1308 573 1486 610 continuo.

99 639 154 682 qui
180 640 335 670 mortuus
363 635 498 675 fuerat,
527 636 655 669 revixit
680 644 866 676 asserens,
896 634 988 680 quod
1015 635 1092 670 dum
1117 636 1282 678 daemon,
1310 640 1367 683 qui
1396 649 1488 672 mor-

98 706 164 736 tem
197 705 377 743 suaserat,
418 700 461 734 ad
499 700 674 745 supplicia
707 703 817 746 ipsum
849 701 1027 744 duxisset,
1061 701 1186 735 beatus
1219 702 1375 738 Jacobus
1410 716 1486 739 mox

98 769 249 801 occurrit
288 771 323 802 et
362 771 517 811 ereptum
555 767 599 800 ad
636 766 796 800 thronum
829 767 959 811 vjudicis
994 767 1139 802 deduxit
1173 773 1207 803 et
1239 771 1488 805 accusantibus

98 832 349 875 daemonibus,
383 836 420 866 ut
454 833 546 867 vitae
572 834 833 874 restitueretur,
868 833 1029 867 obtinuit.
1055 853 1098 859 —
1126 854 1168 859 —
1193 854 1236 860 —
1272 837 1314 872 7.
1343 836 1488 875 Quidam

93 899 235 944 juvenis
267 898 311 933 de
341 900 520 933 territorio
553 898 802 943 Lugdunensi,
843 903 879 931 ut
913 903 1031 932 narrat
1064 898 1163 945 Hugo
1199 900 1312 935 abbas
1350 902 1490 936 (llunia-

98 966 235 1006 censis,
271 966 329 1009 qui
362 964 407 998 ad
441 968 595 998 sancuim
622 950 791 998 Jacolsum
825 963 1028 1008 frequenter
1052 976 1126 998 cum
1153 965 1340 1001 devotione
1365 978 1491 1013 magua

99 1033 150 1066 ire
176 1030 336 1073 solebat,
369 1029 517 1075 quadam
550 1031 646 1069 vice,
682 1029 759 1062 dum
796 1030 879 1063 illuc
906 1030 1049 1065 tendere
1076 1031 1200 1073 vellet,
1232 1037 1334 1067 nocte
1368 1034 1429 1067 illa
1457 1035 1489 1067 in

100 1098 364 1131 fornicationem
396 1095 518 1140 lapsus
552 1099 616 1130 est.
665 1095 830 1141 Pergeuti
864 1098 972 1141 igitur
1003 1101 1106 1131 nocte
1139 1097 1287 1141 quadam
1320 1098 1491 1142 dyabolus·

99 1165 132 1197 in
165 1164 283 1208 specie
317 1164 429 1196 sancti
454 1162 579 1198 Jacobi
605 1164 767 1206 apparuit
796 1162 935 1196 dicens:
970 1164 1082 1203 nosti,
1108 1164 1166 1207 qui
1192 1166 1292 1198 sum?
1340 1164 1491 1209 Roganti

100 1228 148 1262 illi
175 1228 263 1262 dixit
287 1227 476 1272 dyabolus:
504 1239 570 1273 ego
597 1239 670 1262 sum
696 1227 850 1263 Jacobus
876 1228 1072 1272 apostolus,
1101 1239 1199 1273 quem
1221 1230 1370 1275 singulis
1391 1233 1491 1265 annis

101 1295 247 1329 visitare
268 1296 457 1329 consuesti.
507 1294 618 1335 Scias,
646 1294 738 1339 quod
758 1294 897 1327 muttum
916 1294 959 1328 de
986 1294 1172 1328 devotione
1197 1299 1257 1329 tua.
1280 1296 1491 1341 gaudebam.

100 1359 161 1393 sed
189 1371 300 1404 nuper
326 1360 369 1393 de
396 1359 497 1393 domo
525 1364 584 1394 tua
609 1358 797 1405 egrediens
824 1361 855 1393 in
887 1359 1153 1394 fornicationem
1179 1361 1333 1396 incidisti
1364 1367 1398 1397 et
1425 1375 1491 1398 non

99 1424 284 1458 confessus
310 1424 353 1458 ad
379 1436 432 1459 me
460 1426 629 1460 accedere
655 1427 912 1469 praesumsisti,
943 1427 1045 1471 quasi
1067 1430 1127 1460 tua
1151 1429 1390 1472 peregrinatio
1421 1429 1492 1463 lieo

100 1494 135 1523 et
168 1489 251 1523 mihi
288 1490 428 1534 placere
461 1492 585 1535 possit.
635 1490 709 1524 Non
750 1492 801 1525 sic
833 1491 994 1535 expedit,
1036 1492 1098 1526 sed
1134 1493 1329 1538 quicunque
1363 1494 1406 1527 ad
1440 1506 1492 1530 me,

100 1555 358 1600 peregrinando
383 1557 503 1590 venire
532 1556 731 1598 desiderat,
759 1558 855 1600 prius
883 1562 1031 1602 peccata
1055 1568 1119 1592 sua
1148 1569 1210 1602 per
1235 1560 1492 1595 confessionem

102 1619 207 1654 debet
244 1620 399 1665 pandere
425 1626 459 1655 et
492 1626 572 1667 post
609 1622 868 1668 peregrinando
902 1623 1022 1658 eadem
1057 1625 1243 1658 commissa
1267 1627 1401 1669 punire.
1449 1626 1494 1661 Et

102 1685 157 1719 his
183 1685 287 1720 dictis
314 1686 461 1722 daemon
489 1689 644 1722 evanuit:
679 1693 759 1722 tunc
788 1690 929 1734 juvenis
955 1691 1117 1723 anxiatus
1149 1689 1283 1724 domum
1314 1702 1408 1725 suam
1436 1704 1491 1726 re-

101 1752 178 1785 dire
211 1756 244 1785 et
274 1757 418 1796 peccata
450 1763 515 1787 sua
547 1754 725 1795 confiteri,
767 1754 894 1789 deiude
935 1756 1002 1789 iter
1041 1757 1234 1800 reincipere
1269 1756 1490 1801 disponebat.

101 1816 144 1852 Et
179 1828 262 1853 ecce
297 1817 467 1863 dyabolus
503 1829 680 1864 apparens
711 1821 834 1854 iterum
868 1822 900 1854 in
933 1823 1050 1865 specie
1084 1823 1237 1866 apostoli
1265 1822 1329 1857 hoc
1356 1825 1493 1857 omnino

102 1883 292 1926 dissuasit,
324 1894 510 1927 asserens,
546 1885 639 1930 quod
673 1891 849 1930 peccatum
882 1886 966 1920 illud
992 1888 1088 1921 nullo
1118 1888 1219 1922 modo
1245 1889 1314 1923 sibi
1341 1891 1494 1924 remitte-

103 1953 175 1990 ret,
203 1950 268 1982 nisi
296 1951 433 1993 penitus
459 1950 629 1995 genitalia
654 1951 723 1984 sibi
745 1951 899 1985 membra
915 1957 1073 1987 secaret:
1098 1953 1237 1988 heatior
1257 1959 1370 1989 autem
1391 1956 1494 1994 foret,

103 2015 131 2047 si
159 2024 197 2047 se
224 2013 326 2047 vellet
354 2014 516 2048 occidere
544 2020 578 2050 et
604 2027 667 2059 pro
695 2018 771 2060 ejus
799 2019 936 2051 notuine
972 2020 1093 2052 martir
1117 2030 1209 2054 esse.
1257 2020 1402 2054 Juvenis
1427 2022 1493 2065 igi*

103 2086 159 2113 tur
183 2082 282 2113 nocte
308 2079 414 2112 sociis
442 2079 695 2114 dormientibus
721 2081 876 2125 gladium
905 2085 1081 2127 accipiens
1107 2084 1277 2129 genitalia
1296 2085 1365 2118 sibi
1391 2096 1492 2129 prae-

102 2143 218 2185 scidit,
245 2143 370 2178 deinde
396 2143 517 2178 eodem
546 2145 657 2179 cultro
683 2156 722 2179 se
746 2157 809 2190 per
828 2151 979 2181 ventrem
1006 2148 1192 2182 transfixit.
1241 2148 1494 2196 Expergefacti

102 2211 189 2244 socii
212 2209 279 2244 hoc
306 2209 463 2244 videntes
489 2214 523 2244 et
550 2210 731 2255 plurimum
758 2212 985 2247 formidantes
1010 2216 1168 2258 protinus
1194 2215 1425 2260 aufugerunt.
1451 2228 1494 2251 ne

102 2276 258 2319 suspecti
289 2274 332 2309 de
366 2274 555 2310 homicidio
591 2276 813 2312 haberentur.
862 2279 1109 2315 Verumtamen
1141 2280 1218 2314 dum
1245 2281 1348 2316 fovea
1373 2284 1403 2316 ei
1432 2292 1491 2326 pa-

103 2343 260 2381 raretur,
287 2340 347 2385 qui
373 2339 487 2374 suerat
510 2340 693 2377 defunctus
709 2372 717 2386 ,
745 2345 870 2378 revixit
893 2349 927 2379 et
953 2347 1086 2379 cunctis
1112 2346 1330 2392 fugientibus
1358 2351 1391 2380 et
1417 2352 1490 2381 stu-

102 2405 287 2450 pentibus,
330 2414 421 2450 quae
465 2406 533 2439 sibi
578 2408 795 2449 acciderent,
841 2412 1019 2444 enarravit
1052 2411 1193 2446 dicens:
1238 2423 1313 2446 cum
1354 2423 1408 2447 nie
1446 2413 1492 2447 ad

101 2472 366 2517 suggestionem
394 2470 574 2505 daemonis
608 2474 836 2515 occidissem,
869 2474 1057 2509 daemones
1085 2486 1138 2509 me
1165 2479 1344 2522 capientes
1369 2489 1492 2514 versus

101 2537 243 2572 Romam
269 2535 490 2571 deducebant
514 2540 548 2570 et
575 2547 678 2579 ecce,
713 2543 794 2582 post
829 2550 894 2574 nos
923 2541 1046 2575 beatus
1069 2540 1222 2576 Jacobus
1247 2546 1406 2588 protinus
1431 2556 1488 2579 cu»

100 2603 209 2636 currit
233 2606 268 2637 et
292 2602 481 2636 daemones
507 2600 550 2636 de
578 2602 722 2637 fallacia
747 2604 927 2648 plurimum
955 2606 1165 2651 increpavit,
1191 2618 1336 2654 cumque
1361 2610 1405 2644 ad
1436 2611 1489 2645 in-

100 2669 209 2703 vicem
247 2667 378 2703 diutius
411 2667 675 2712 disceptarent-,
720 2674 870 2715 cogente
915 2670 1020 2705 beato
1063 2671 1197 2708 Jacobo
1235 2674 1280 2709 ad
1314 2676 1490 2721 quoddam
