1742 3005
261 94 342 133 566
402 94 499 143 Cap.
522 93 677 129 Cxxv‘.
726 93 784 128 De
813 91 1066 128 decollatione
1097 91 1217 127 sancti
1237 88 1423 126 Johannis
1448 87 1648 138 baptistae.

265 200 428 239 divitiae,
464 197 611 231 deliciae
637 199 672 230 et
702 195 876 237 honores,
908 196 961 228 vir
992 196 1059 229 iste
1092 199 1235 229 sanctus
1269 197 1388 229 tantae
1421 191 1650 237 perfectionis

265 264 419 299 exstitit.
447 260 541 306 quod
571 261 646 305 ipse
675 260 817 294 divitias
844 260 1052 301 contemsit,
1089 258 1241 293 honore-s
1265 259 1417 302 respuit,
1453 256 1652 301 voluptates

265 328 461 362 abhorruit.
510 325 610 366 Quod
637 327 726 360 enim
755 325 899 360 divitias
926 327 1183 365 contemneret,
1218 324 1295 373 ipsc
1326 327 1476 358 testatur
1501 325 1536 357 in
1561 323 1652 356 libro

266 392 556 437 soliloquiorum,
598 391 656 426 ubi
691 392 782 425 ratio
817 402 892 425 eum
932 391 1129 435 interrogat
1175 388 1314 423 dicens:
1356 388 1499 422 divitias
1539 388 1654 422 nullas

266 459 393 503 cupis?
440 456 483 491 Et
510 457 700 502 respondet
725 457 963 502 Augustinus:
998 455 1065 489 hoc
1089 453 1227 499 quidem
1265 464 1329 488 nee
1365 464 1454 487 nunc
1488 455 1654 498 primum3

267 534 344 558 nam
379 534 455 558 cum
490 522 593 557 XXX
626 532 736 556 annos
767 531 893 568 agam,
932 519 1013 556 XIV
1047 520 1119 555 sere
1154 521 1236 553 anui
1269 523 1368 561 sunt,
1409 529 1452 553 ex
1487 529 1554 564 quo
1589 520 1657 553 ista

267 600 396 634 cupere
422 589 540 623 destiti
567 598 632 621 nec-
656 587 750 621 aliud
778 589 811 621 in
841 587 895 621 his
922 591 1064 632 praeter
1083 586 1320 620 necessarium
1344 585 1469 619 victum
1489 586 1656 629 cogitavi,

269 665 414 698 prorsus
449 664 537 688 unus
579 653 761 688 Ciceronis
805 653 897 687 liber
934 651 1016 685 mihi
1051 650 1153 685 facile
1186 652 1383 695 persuasit,
1425 649 1519 684 nullo
1556 651 1658 685 modo

271 730 351 753 esse
377 717 596 762 appetendas
622 718 776 752 divitias.
828 717 927 756 Quod
954 721 1068 750 autem
1094 715 1246 750 honores
1269 717 1456 760 respuerit,
1484 717 1517 749 in
1537 715 1657 750 eodem

269 784 362 817 libro
388 786 557 824 testatur,
583 782 642 816 ubi
669 784 758 816 ratio
785 793 860 816 eum
886 783 1082 825 interrogat
1107 780 1248 814 dicens:
1281 781 1364 825 quid
1390 780 1569 815 honores?
1615 779 1659 815 Et

272 848 462 893 respondet
479 848 716 893 Augustinus:
746 847 872 888 fateor,
900 856 961 880 eos
987 845 1089 879 modo
1116 855 1156 879 ac
1182 855 1293 889 paene
1314 845 1369 879 his
1389 845 1512 880 diebus
1533 856 1659 890 cupere

274 914 405 948 destiti.
439 913 649 958 Voluptates
669 923 808 958 quoque
830 916 863 947 et
883 911 1024 945 divitias
1051 913 1236 945 contemsit
1261 915 1294 945 et
1320 914 1483 956 quantum
1509 910 1553 944 ad
1578 921 1660 944 cou-

273 980 425 1014 cuhitum
460 983 494 1014 et
527 982 690 1023 quantum
728 977 770 1011 ad
797 982 948 1023 gustum.
1007 976 1178 1016 Quantum
1209 977 1253 1010 ad
1288 978 1432 1022 primum
1465 977 1662 1022 interrogat

274 1056 349 1080 eum
385 1046 475 1078 ratio
514 1044 634 1078 dicens
670 1045 704 1077 in
741 1043 862 1078 eodem
888 1043 999 1076 libro:
1034 1042 1116 1087 quid
1142 1044 1258 1077 uxor?
1305 1042 1426 1078 Nonne
1451 1048 1484 1078 te
1509 1043 1664 1078 delectat

275 1109 443 1154 pulchra,
471 1109 617 1153 pudica,
645 1111 880 1154 morigerata,
910 1108 1030 1149 dives,
1056 1109 1264 1152 praesertim
1288 1109 1318 1141 si
1345 1113 1461 1143 certus
1488 1111 1549 1151 siS,
1575 1109 1662 1143 nihil

276 1186 317 1209 ex
337 1179 430 1209 cate
449 1174 632 1209 molestiae
659 1184 738 1208 esse
760 1175 971 1218 passurum?
1018 1172 1060 1207 Et
1083 1173 1272 1217 respondet
1289 1174 1526 1219 Augustinus:
1553 1185 1663 1219 quan-

274 1239 435 1274 tumlibet
470 1240 558 1274 velis
592 1250 666 1274 eam
701 1240 893 1285 depingere
926 1243 1031 1283 atque
1058 1239 1233 1273 cunmlare
1258 1239 1360 1273 bonis
1390 1239 1572 1282 omnibus,
1615 1241 1664 1275 nil

276 1305 358 1339 mihi
383 1310 451 1339 tam
478 1305 679 1351 fugiendum
706 1316 806 1351 quam
830 1304 1047 1339 concubitum
1074 1314 1152 1337 esse
1178 1303 1327 1338 decrevi.
1378 1305 1440 1338 Cui
1462 1307 1570 1339 ratio:
1595 1317 1665 1340 non

278 1382 345 1417 ego
390 1382 544 1416 quaero,
590 1371 671 1416 quid
711 1371 930 1413 decreveris,
967 1369 1030 1404 sed
1063 1373 1175 1403 utrum
1212 1369 1258 1403 ad
1292 1368 1359 1404 hoc
1395 1370 1575 1406 alliceris?
1622 1370 1666 1406 Et

277 1436 469 1481 respondet
501 1437 740 1482 Augustinus:
782 1447 927 1481 prorsus
965 1435 1050 1469 nihil
1085 1436 1118 1468 in
1150 1435 1351 1480 hujusmodi
1385 1446 1537 1480 quaero,
1578 1436 1666 1471 nihil

280 1501 463 1543 desidero,
497 1504 602 1536 etiam
636 1513 710 1536 cum
747 1513 877 1544 onere,
912 1501 1059 1536 horrore
1093 1505 1126 1535 et
1160 1503 1409 1545 aspernatione
1436 1502 1523 1535 talia
1549 1512 1667 1536 recor-

279 1566 353 1599 dor.
404 1568 574 1605 Quantum
608 1567 651 1601 ad
684 1567 873 1602 secundum
899 1569 1095 1612 interrogat
1121 1577 1196 1601 eum
1224 1569 1313 1601 ratio
1337 1567 1477 1602 dicens:
1509 1567 1592 1612 quid
1621 1566 1665 1602 de

278 1631 395 1666 cibis?
444 1630 486 1665 Et
526 1632 716 1675 respondet
748 1634 985 1678 Augustinus:
1027 1634 1102 1667 sive
1140 1633 1182 1667 de
1216 1633 1294 1666 cibo
1328 1636 1362 1666 et
1395 1637 1478 1677 potu
1517 1635 1592 1667 sive
1623 1632 1666 1667 de

281 1698 417 1731 balneis
443 1701 655 1741 caeteraque
683 1699 841 1741 corporis
877 1698 1055 1741 voluptate
1091 1697 1177 1731 nihil
1208 1700 1427 1744 interroges;
1466 1702 1596 1733 tautum
1622 1696 1667 1733 ab

280 1774 320 1798 ca
348 1767 441 1807 peto,
472 1767 633 1808 quantum
662 1763 696 1796 in
722 1762 932 1796 valetudinis
959 1773 1054 1806 spem
1080 1763 1232 1797 conferri
1257 1767 1383 1808 potest.

714 2080 839 2141 GAP.
868 2079 1036 2140 CXXV.
1080 2080 1230 2143 (120.)

389 2184 487 2225 De
527 2177 954 2224 decollatione
993 2180 1199 2224 saneti
1229 2180 1557 2226 ,Iohannis

805 2255 1137 2310 baptistae.

347 2359 386 2391 1.
417 2354 611 2388 Uet-ellatio
631 2355 744 2387 sancti
762 2353 933 2388 Johannis
951 2353 1128 2398 baptistae
1149 2359 1299 2399 quatuor
1316 2354 1359 2389 de
1375 2356 1491 2389 causis
1512 2356 1670 2389 instituta

279 2422 387 2454 l'uisse
403 2419 551 2459 videtur,
578 2420 668 2452 sicut
690 2419 723 2451 in
738 2417 828 2452 libro
847 2418 1028 2453 demitrali
1043 2420 1158 2455 ol'licio
1178 2423 1362 2456 iuvenitur.
1391 2420 1505 2455 Primo
1527 2424 1668 2464 propter

278 2487 353 2530 ejus
379 2485 671 2525 decollationem,
706 2483 860 2517 secundo
895 2489 1040 2530 propter
1073 2488 1199 2531 cupitis
1226 2488 1337 2531 ipsius
1365 2487 1607 2521 cremationem
1635 2488 1668 2519 et

278 2551 530 2592 «ellectionem,
557 2551 660 2583 tertio
686 2554 831 2593 propter
845 2552 971 2595 capitis
990 2553 1100 2596 ipsius
1119 2553 1363 2594 inventionem,
1384 2554 1506 2596 quarto
1525 2554 1668 2594 propter

277 2614 377 2654 digiti
406 2617 516 2657 ipsius
545 2615 809 2649 translationem
843 2619 917 2658 ¹)et
936 2617 1109 2652 ecclesiae
1126 2617 1389 2653 dedicationem.
1418 2614 1459 2650 Et
1479 2616 1666 2650 secumdum

345 2692 370 2719 l)
393 2695 459 2715 llus-¹
489 2693 541 2717 llll!
565 2696 654 2719 wsb..
677 2694 832 2726 sequ-*iilia
857 2694 965 2720 imilllil
988 2695 1038 2720 hl,
1061 2698 1102 2720 l'r.
