<?xml version="1.0" encoding="UTF-8"?>
<!DOCTYPE html PUBLIC "-//W3C//DTD XHTML 1.0 Transitional//EN"
    "http://www.w3.org/TR/xhtml1/DTD/xhtml1-transitional.dtd">
<html xmlns="http://www.w3.org/1999/xhtml" xml:lang="en" lang="en">
 <head>
  <title>
</title>
<meta http-equiv="Content-Type" content="text/html;charset=utf-8" />
  <meta name='ocr-system' content='tesseract 3.04.00' />
  <meta name='ocr-capabilities' content='ocr_page ocr_carea ocr_par ocr_line ocrx_word'/>
</head>
<body>
  <div class='ocr_page' id='page_1' title='image "./legendaaureavulg00jacouoft_0697.png"; bbox 0 0 1742 3005; ppageno 0'>
   <div class='ocr_carea' id='block_1_1' title="bbox 364 124 1480 178">
    <p class='ocr_par' dir='ltr' id='par_1_1' title="bbox 364 124 1480 178">
     <span class='ocr_line' id='line_1_1' title="bbox 364 124 1480 178; baseline 0.01 -18"><span class='ocrx_word' id='word_1_1' title='bbox 364 124 458 175; x_wconf 85' lang='lat' dir='ltr'><strong>Cap.</strong></span> <span class='ocrx_word' id='word_1_2' title='bbox 491 124 658 163; x_wconf 80' lang='lat' dir='ltr'><strong>CXLVI.</strong></span> <span class='ocrx_word' id='word_1_3' title='bbox 717 126 774 164; x_wconf 78' lang='lat' dir='ltr'><strong>De</strong></span> <span class='ocrx_word' id='word_1_4' title='bbox 806 134 940 165; x_wconf 82' lang='lat' dir='ltr'><strong>sancto</strong></span> <span class='ocrx_word' id='word_1_5' title='bbox 974 128 1218 178; x_wconf 77' lang='lat' dir='ltr'>Hieronymo.</span> <span class='ocrx_word' id='word_1_6' title='bbox 1397 131 1480 171; x_wconf 77' lang='lat'><strong>657</strong></span> 
     </span>
    </p>
   </div>
   <div class='ocr_carea' id='block_1_2' title="bbox 76 227 1476 2640">
    <p class='ocr_par' dir='ltr' id='par_1_2' title="bbox 76 227 1476 2640">
     <span class='ocr_line' id='line_1_2' title="bbox 90 227 1473 283; baseline 0.007 -21"><span class='ocrx_word' id='word_1_7' title='bbox 90 227 246 271; x_wconf 82' lang='lat' dir='ltr'><strong>solebat,</strong></span> <span class='ocrx_word' id='word_1_8' title='bbox 280 228 393 263; x_wconf 88' lang='lat' dir='ltr'><strong>laetus</strong></span> <span class='ocrx_word' id='word_1_9' title='bbox 431 229 648 272; x_wconf 75' lang='lat' dir='ltr'><strong>discurrere,</strong></span> <span class='ocrx_word' id='word_1_10' title='bbox 685 230 900 277; x_wconf 79' lang='lat' dir='ltr'><strong>singulorum</strong></span> <span class='ocrx_word' id='word_1_11' title='bbox 935 233 1079 270; x_wconf 78' lang='lat' dir='ltr'><strong>fratrum</strong></span> <span class='ocrx_word' id='word_1_12' title='bbox 1121 236 1282 283; x_wconf 82' lang='lat' dir='ltr'><strong>vestigiis</strong></span> <span class='ocrx_word' id='word_1_13' title='bbox 1316 246 1355 272; x_wconf 90' lang='lat' dir='ltr'><strong>se</strong></span> <span class='ocrx_word' id='word_1_14' title='bbox 1389 249 1473 283; x_wconf 86' lang='lat' dir='ltr'><strong>pro-</strong></span> 
     </span>
     <span class='ocr_line' id='line_1_3' title="bbox 89 295 1476 347; baseline 0.007 -19"><span class='ocrx_word' id='word_1_15' title='bbox 89 297 250 329; x_wconf 85' lang='lat' dir='ltr'><strong>sternens</strong></span> <span class='ocrx_word' id='word_1_16' title='bbox 282 298 316 329; x_wconf 86' lang='lat' dir='ltr'><strong>et</strong></span> <span class='ocrx_word' id='word_1_17' title='bbox 351 296 452 340; x_wconf 84' lang='lat' dir='ltr'><strong>qnasi</strong></span> <span class='ocrx_word' id='word_1_18' title='bbox 486 295 528 330; x_wconf 93' lang='lat' dir='ltr'><strong>de</strong></span> <span class='ocrx_word' id='word_1_19' title='bbox 566 301 789 341; x_wconf 85' lang='lat' dir='ltr'><strong>perpetrata,</strong></span> <span class='ocrx_word' id='word_1_20' title='bbox 824 309 924 344; x_wconf 86' lang='lat' dir='ltr'><strong>quam</strong></span> <span class='ocrx_word' id='word_1_21' title='bbox 952 311 1020 334; x_wconf 92' lang='lat' dir='ltr'><strong>non</strong></span> <span class='ocrx_word' id='word_1_22' title='bbox 1049 301 1202 344; x_wconf 77' lang='lat' dir='ltr'><strong>lecerat,</strong></span> <span class='ocrx_word' id='word_1_23' title='bbox 1237 301 1340 347; x_wconf 86' lang='lat' dir='ltr'><strong>culpa</strong></span> <span class='ocrx_word' id='word_1_24' title='bbox 1363 304 1476 338; x_wconf 85' lang='lat' dir='ltr'><strong>cauda</strong></span> 
     </span>
     <span class='ocr_line' id='line_1_4' title="bbox 86 358 1473 412; baseline 0.006 -18"><span class='ocrx_word' id='word_1_25' title='bbox 86 358 246 394; x_wconf 81' lang='lat' dir='ltr'>alludens</span> <span class='ocrx_word' id='word_1_26' title='bbox 273 361 405 395; x_wconf 89' lang='lat' dir='ltr'><strong>veniam</strong></span> <span class='ocrx_word' id='word_1_27' title='bbox 428 361 641 406; x_wconf 86' lang='lat' dir='ltr'><strong>postulabat.</strong></span> <span class='ocrx_word' id='word_1_28' title='bbox 691 362 916 408; x_wconf 72' lang='lat' dir='ltr'><strong>Hieronymus</strong></span> <span class='ocrx_word' id='word_1_29' title='bbox 942 369 1056 400; x_wconf 87' lang='lat' dir='ltr'><strong>autem</strong></span> <span class='ocrx_word' id='word_1_30' title='bbox 1083 366 1274 401; x_wconf 82' lang='lat' dir='ltr'><strong>futurorum</strong></span> <span class='ocrx_word' id='word_1_31' title='bbox 1291 370 1473 412; x_wconf 86' lang='lat' dir='ltr'><strong>praescius</strong></span> 
     </span>
     <span class='ocr_line' id='line_1_5' title="bbox 87 425 1475 475; baseline 0.007 -17"><span class='ocrx_word' id='word_1_32' title='bbox 87 425 140 459; x_wconf 90' lang='lat' dir='ltr'><strong>ait</strong></span> <span class='ocrx_word' id='word_1_33' title='bbox 174 425 360 460; x_wconf 80' lang='lat' dir='ltr'><strong>fratribus:</strong></span> <span class='ocrx_word' id='word_1_34' title='bbox 403 428 469 470; x_wconf 90' lang='lat' dir='ltr'><strong>ite,</strong></span> <span class='ocrx_word' id='word_1_35' title='bbox 515 427 664 471; x_wconf 79' lang='lat' dir='ltr'><strong>s1·atre5‚</strong></span> <span class='ocrx_word' id='word_1_36' title='bbox 706 433 740 463; x_wconf 86' lang='lat' dir='ltr'><strong>et</strong></span> <span class='ocrx_word' id='word_1_37' title='bbox 775 430 996 464; x_wconf 85' lang='lat' dir='ltr'><strong>venientibus</strong></span> <span class='ocrx_word' id='word_1_38' title='bbox 1037 430 1235 475; x_wconf 79' lang='lat' dir='ltr'><strong>hospitibus</strong></span> <span class='ocrx_word' id='word_1_39' title='bbox 1270 436 1475 468; x_wconf 83' lang='lat' dir='ltr'><strong>necessaria</strong></span> 
     </span>
     <span class='ocr_line' id='line_1_6' title="bbox 88 492 1473 541; baseline 0.006 -16"><span class='ocrx_word' id='word_1_40' title='bbox 88 495 315 536; x_wconf 85' lang='lat' dir='ltr'><strong>praeparate.</strong></span> <span class='ocrx_word' id='word_1_41' title='bbox 361 492 486 528; x_wconf 83' lang='lat' dir='ltr'><strong>Adhuc</strong></span> <span class='ocrx_word' id='word_1_42' title='bbox 520 504 561 528; x_wconf 94' lang='lat' dir='ltr'><strong>eo</strong></span> <span class='ocrx_word' id='word_1_43' title='bbox 591 493 755 538; x_wconf 76' lang='lat' dir='ltr'><strong>loquente</strong></span> <span class='ocrx_word' id='word_1_44' title='bbox 781 495 921 527; x_wconf 88' lang='lat' dir='ltr'><strong>nuntius</strong></span> <span class='ocrx_word' id='word_1_45' title='bbox 954 495 999 528; x_wconf 88' lang='lat' dir='ltr'><strong>ad</strong></span> <span class='ocrx_word' id='word_1_46' title='bbox 1024 505 1099 529; x_wconf 91' lang='lat' dir='ltr'><strong>eum</strong></span> <span class='ocrx_word' id='word_1_47' title='bbox 1131 498 1225 531; x_wconf 78' lang='lat' dir='ltr'><strong>venit</strong></span> <span class='ocrx_word' id='word_1_48' title='bbox 1250 500 1473 541; x_wconf 82' lang='lat' dir='ltr'><strong>annuntians,</strong></span> 
     </span>
     <span class='ocr_line' id='line_1_7' title="bbox 87 557 1473 607; baseline 0.005 -17"><span class='ocrx_word' id='word_1_49' title='bbox 87 561 169 592; x_wconf 85' lang='lat' dir='ltr'><strong>ante</strong></span> <span class='ocrx_word' id='word_1_50' title='bbox 195 557 290 592; x_wconf 85' lang='lat' dir='ltr'><strong>sores</strong></span> <span class='ocrx_word' id='word_1_51' title='bbox 318 557 475 603; x_wconf 75' lang='lat' dir='ltr'><strong>hospites</strong></span> <span class='ocrx_word' id='word_1_52' title='bbox 501 557 646 599; x_wconf 89' lang='lat' dir='ltr'><strong>adesse,</strong></span> <span class='ocrx_word' id='word_1_53' title='bbox 685 559 743 603; x_wconf 91' lang='lat' dir='ltr'><strong>qui</strong></span> <span class='ocrx_word' id='word_1_54' title='bbox 773 557 935 593; x_wconf 85' lang='lat' dir='ltr'><strong>abbatem</strong></span> <span class='ocrx_word' id='word_1_55' title='bbox 968 559 1095 594; x_wconf 85' lang='lat' dir='ltr'><strong>vellent</strong></span> <span class='ocrx_word' id='word_1_56' title='bbox 1122 560 1255 598; x_wconf 81' lang='lat' dir='ltr'><strong>videre.</strong></span> <span class='ocrx_word' id='word_1_57' title='bbox 1303 561 1358 596; x_wconf 84' lang='lat' dir='ltr'><strong>Ad</strong></span> <span class='ocrx_word' id='word_1_58' title='bbox 1386 574 1473 607; x_wconf 84' lang='lat' dir='ltr'><strong>quos</strong></span> 
     </span>
     <span class='ocr_line' id='line_1_8' title="bbox 87 622 1473 673; baseline 0.003 -15"><span class='ocrx_word' id='word_1_59' title='bbox 87 634 162 658; x_wconf 83' lang='lat' dir='ltr'><strong>cum</strong></span> <span class='ocrx_word' id='word_1_60' title='bbox 188 624 247 658; x_wconf 89' lang='lat' dir='ltr'><strong>ille</strong></span> <span class='ocrx_word' id='word_1_61' title='bbox 272 624 414 665; x_wconf 86' lang='lat' dir='ltr'><strong>ivisset,</strong></span> <span class='ocrx_word' id='word_1_62' title='bbox 442 624 601 667; x_wconf 82' lang='lat' dir='ltr'><strong>protinus</strong></span> <span class='ocrx_word' id='word_1_63' title='bbox 627 622 677 656; x_wconf 91' lang='lat' dir='ltr'><strong>illi</strong></span> <span class='ocrx_word' id='word_1_64' title='bbox 703 625 778 668; x_wconf 80' lang='lat' dir='ltr'><strong>ejtts</strong></span> <span class='ocrx_word' id='word_1_65' title='bbox 805 623 954 668; x_wconf 88' lang='lat' dir='ltr'><strong>pedibus</strong></span> <span class='ocrx_word' id='word_1_66' title='bbox 980 625 1248 670; x_wconf 77' lang='lat' dir='ltr'><strong>provolvuntur,</strong></span> <span class='ocrx_word' id='word_1_67' title='bbox 1277 637 1341 671; x_wconf 86' lang='lat' dir='ltr'><strong>pro</strong></span> <span class='ocrx_word' id='word_1_68' title='bbox 1369 628 1473 673; x_wconf 86' lang='lat' dir='ltr'><strong>culpa</strong></span> 
     </span>
     <span class='ocr_line' id='line_1_9' title="bbox 86 688 1473 736; baseline 0.003 -12"><span class='ocrx_word' id='word_1_69' title='bbox 86 691 217 724; x_wconf 86' lang='lat' dir='ltr'><strong>veniam</strong></span> <span class='ocrx_word' id='word_1_70' title='bbox 249 688 489 733; x_wconf 87' lang='lat' dir='ltr'><strong>postulantes;</strong></span> <span class='ocrx_word' id='word_1_71' title='bbox 526 698 613 733; x_wconf 86' lang='lat' dir='ltr'><strong>quos</strong></span> <span class='ocrx_word' id='word_1_72' title='bbox 649 688 708 723; x_wconf 90' lang='lat' dir='ltr'><strong>ille</strong></span> <span class='ocrx_word' id='word_1_73' title='bbox 742 688 894 735; x_wconf 78' lang='lat' dir='ltr'><strong>benigne</strong></span> <span class='ocrx_word' id='word_1_74' title='bbox 927 690 1069 725; x_wconf 85' lang='lat' dir='ltr'><strong>elevans</strong></span> <span class='ocrx_word' id='word_1_75' title='bbox 1101 694 1302 736; x_wconf 84' lang='lat' dir='ltr'><strong>praecepit,</strong></span> <span class='ocrx_word' id='word_1_76' title='bbox 1340 697 1377 727; x_wconf 91' lang='lat' dir='ltr'><strong>ut</strong></span> <span class='ocrx_word' id='word_1_77' title='bbox 1407 704 1473 728; x_wconf 78' lang='lat' dir='ltr'><strong>sua</strong></span> 
     </span>
     <span class='ocr_line' id='line_1_10' title="bbox 84 754 1472 803; baseline 0.002 -13"><span class='ocrx_word' id='word_1_78' title='bbox 84 757 283 800; x_wconf 82' lang='lat' dir='ltr'><strong>reciperent</strong></span> <span class='ocrx_word' id='word_1_79' title='bbox 312 758 346 788; x_wconf 88' lang='lat' dir='ltr'><strong>et</strong></span> <span class='ocrx_word' id='word_1_80' title='bbox 374 754 492 788; x_wconf 85' lang='lat' dir='ltr'><strong>aliena</strong></span> <span class='ocrx_word' id='word_1_81' title='bbox 526 764 592 788; x_wconf 92' lang='lat' dir='ltr'><strong>non</strong></span> <span class='ocrx_word' id='word_1_82' title='bbox 632 760 852 799; x_wconf 81' lang='lat' dir='ltr'><strong>usurparent.</strong></span> <span class='ocrx_word' id='word_1_83' title='bbox 900 754 1088 801; x_wconf 84' lang='lat' dir='ltr'><strong>Rogabant</strong></span> <span class='ocrx_word' id='word_1_84' title='bbox 1119 758 1228 803; x_wconf 80' lang='lat' dir='ltr'><strong>igitur</strong></span> <span class='ocrx_word' id='word_1_85' title='bbox 1256 758 1307 791; x_wconf 88' lang='lat' dir='ltr'><strong>illi</strong></span> <span class='ocrx_word' id='word_1_86' title='bbox 1331 758 1472 793; x_wconf 87' lang='lat' dir='ltr'><strong>beatum</strong></span> 
     </span>
     <span class='ocr_line' id='line_1_11' title="bbox 84 820 1471 867; baseline 0.002 -11"><span class='ocrx_word' id='word_1_87' title='bbox 84 821 336 866; x_wconf 70' lang='lat' dir='ltr'><strong>Hieronymum,</strong></span> <span class='ocrx_word' id='word_1_88' title='bbox 365 820 645 855; x_wconf 64' lang='lat' dir='ltr'><strong>ut‘medietatem</strong></span> <span class='ocrx_word' id='word_1_89' title='bbox 672 820 740 855; x_wconf 86' lang='lat' dir='ltr'><strong>olei</strong></span> <span class='ocrx_word' id='word_1_90' title='bbox 768 830 830 865; x_wconf 88' lang='lat' dir='ltr'><strong>pro</strong></span> <span class='ocrx_word' id='word_1_91' title='bbox 856 820 1100 856; x_wconf 84' lang='lat' dir='ltr'><strong>benedictione</strong></span> <span class='ocrx_word' id='word_1_92' title='bbox 1126 823 1287 867; x_wconf 80' lang='lat' dir='ltr'><strong>accipiat.</strong></span> <span class='ocrx_word' id='word_1_93' title='bbox 1338 823 1471 864; x_wconf 88' lang='lat' dir='ltr'><strong>Quibus</strong></span> 
     </span>
     <span class='ocr_line' id='line_1_12' title="bbox 84 885 1469 931; baseline 0.002 -10"><span class='ocrx_word' id='word_1_94' title='bbox 84 888 142 922; x_wconf 86' lang='lat' dir='ltr'><strong>vix</strong></span> <span class='ocrx_word' id='word_1_95' title='bbox 174 888 389 928; x_wconf 86' lang='lat' dir='ltr'><strong>assentiens,</strong></span> <span class='ocrx_word' id='word_1_96' title='bbox 426 885 564 920; x_wconf 86' lang='lat' dir='ltr'><strong>tandem</strong></span> <span class='ocrx_word' id='word_1_97' title='bbox 597 890 738 920; x_wconf 84' lang='lat' dir='ltr'><strong>coactus</strong></span> <span class='ocrx_word' id='word_1_98' title='bbox 771 887 901 930; x_wconf 75' lang='lat' dir='ltr'><strong>suscipi</strong></span> <span class='ocrx_word' id='word_1_99' title='bbox 923 886 1037 931; x_wconf 88' lang='lat' dir='ltr'><strong>jubet.</strong></span> <span class='ocrx_word' id='word_1_100' title='bbox 1085 887 1324 922; x_wconf 73' lang='lat' dir='ltr'><strong>promiserunt</strong></span> <span class='ocrx_word' id='word_1_101' title='bbox 1355 894 1469 924; x_wconf 87' lang='lat' dir='ltr'><strong>autem</strong></span> 
     </span>
     <span class='ocr_line' id='line_1_13' title="bbox 83 950 1467 1005; baseline 0.001 -17"><span class='ocrx_word' id='word_1_102' title='bbox 83 963 122 988; x_wconf 84' lang='lat' dir='ltr'><strong>se</strong></span> <span class='ocrx_word' id='word_1_103' title='bbox 140 953 317 1005; x_wconf 78' lang='lat' dir='ltr'><strong>annuatim</strong></span> <span class='ocrx_word' id='word_1_104' title='bbox 338 951 483 987; x_wconf 86' lang='lat' dir='ltr'><strong>eandem</strong></span> <span class='ocrx_word' id='word_1_105' title='bbox 500 951 570 986; x_wconf 91' lang='lat' dir='ltr'><strong>olei</strong></span> <span class='ocrx_word' id='word_1_106' title='bbox 586 960 780 986; x_wconf 88' lang='lat' dir='ltr'><strong>mensuram</strong></span> <span class='ocrx_word' id='word_1_107' title='bbox 806 950 975 985; x_wconf 77' lang='lat' dir='ltr'><strong>fratribus</strong></span> <span class='ocrx_word' id='word_1_108' title='bbox 1000 953 1088 996; x_wconf 89' lang='lat' dir='ltr'><strong>ipsis</strong></span> <span class='ocrx_word' id='word_1_109' title='bbox 1115 953 1260 987; x_wconf 86' lang='lat' dir='ltr'><strong>daturos</strong></span> <span class='ocrx_word' id='word_1_110' title='bbox 1289 958 1322 988; x_wconf 86' lang='lat' dir='ltr'><strong>et</strong></span> <span class='ocrx_word' id='word_1_111' title='bbox 1348 964 1368 989; x_wconf 90' lang='lat' dir='ltr'><strong>a</strong></span> <span class='ocrx_word' id='word_1_112' title='bbox 1393 957 1467 990; x_wconf 75' lang='lat' dir='ltr'><strong>suis</strong></span> 
     </span>
     <span class='ocr_line' id='line_1_14' title="bbox 83 1015 1468 1067; baseline 0.002 -14"><span class='ocrx_word' id='word_1_113' title='bbox 83 1019 159 1053; x_wconf 86' lang='lat' dir='ltr'><strong>dari</strong></span> <span class='ocrx_word' id='word_1_114' title='bbox 171 1017 383 1054; x_wconf 87' lang='lat' dir='ltr'><strong>haeredibus</strong></span> <span class='ocrx_word' id='word_1_115' title='bbox 395 1021 654 1063; x_wconf 81' lang='lat' dir='ltr'><strong>praecepturos.</strong></span> <span class='ocrx_word' id='word_1_116' title='bbox 682 1015 764 1050; x_wconf 86' lang='lat' dir='ltr'><strong>Cum</strong></span> <span class='ocrx_word' id='word_1_117' title='bbox 782 1020 895 1051; x_wconf 85' lang='lat' dir='ltr'><strong>autem</strong></span> <span class='ocrx_word' id='word_1_118' title='bbox 914 1017 996 1051; x_wconf 89' lang='lat' dir='ltr'><strong>olim</strong></span> <span class='ocrx_word' id='word_1_119' title='bbox 1013 1019 1046 1052; x_wconf 92' lang='lat' dir='ltr'><strong>in</strong></span> <span class='ocrx_word' id='word_1_120' title='bbox 1064 1018 1212 1053; x_wconf 73' lang='lat' dir='ltr'><strong>ecclesia</strong></span> <span class='ocrx_word' id='word_1_121' title='bbox 1232 1023 1468 1067; x_wconf 80' lang='lat' dir='ltr'><strong>unusquisque</strong></span> 
     </span>
     <span class='ocr_line' id='line_1_15' title="bbox 83 1078 1467 1129; baseline 0.001 -10"><span class='ocrx_word' id='word_1_122' title='bbox 83 1088 236 1127; x_wconf 78' lang='lat' dir='ltr'><strong>caneret,</strong></span> <span class='ocrx_word' id='word_1_123' title='bbox 256 1082 350 1129; x_wconf 90' lang='lat' dir='ltr'><strong>quod</strong></span> <span class='ocrx_word' id='word_1_124' title='bbox 371 1083 523 1126; x_wconf 84' lang='lat' dir='ltr'><strong>volebat,</strong></span> <span class='ocrx_word' id='word_1_125' title='bbox 546 1081 773 1117; x_wconf 87' lang='lat' dir='ltr'><strong>Theodosius</strong></span> <span class='ocrx_word' id='word_1_126' title='bbox 789 1082 990 1127; x_wconf 84' lang='lat' dir='ltr'><strong>imperator,</strong></span> <span class='ocrx_word' id='word_1_127' title='bbox 1015 1078 1054 1118; x_wconf 85' lang='lat' dir='ltr'><strong>ut</strong></span> <span class='ocrx_word' id='word_1_128' title='bbox 1072 1085 1120 1118; x_wconf 86' lang='lat' dir='ltr'><strong>ait</strong></span> <span class='ocrx_word' id='word_1_129' title='bbox 1136 1083 1314 1120; x_wconf 79' lang='lat' dir='ltr'><strong>Johanncs</strong></span> <span class='ocrx_word' id='word_1_130' title='bbox 1330 1086 1467 1129; x_wconf 85' lang='lat' dir='ltr'><strong>Beleth,</strong></span> 
     </span>
     <span class='ocr_line' id='line_1_16' title="bbox 82 1147 1467 1195; baseline 0.001 -10"><span class='ocrx_word' id='word_1_131' title='bbox 82 1150 266 1185; x_wconf 84' lang='lat' dir='ltr'><strong>Damasum</strong></span> <span class='ocrx_word' id='word_1_132' title='bbox 290 1159 415 1194; x_wconf 88' lang='lat' dir='ltr'><strong>papam</strong></span> <span class='ocrx_word' id='word_1_133' title='bbox 441 1150 600 1195; x_wconf 82' lang='lat' dir='ltr'><strong>rogavit,</strong></span> <span class='ocrx_word' id='word_1_134' title='bbox 636 1153 672 1182; x_wconf 89' lang='lat' dir='ltr'><strong>ut</strong></span> <span class='ocrx_word' id='word_1_135' title='bbox 683 1148 787 1182; x_wconf 84' lang='lat' dir='ltr'><strong>alicui</strong></span> <span class='ocrx_word' id='word_1_136' title='bbox 811 1149 885 1182; x_wconf 79' lang='lat' dir='ltr'><strong>viro</strong></span> <span class='ocrx_word' id='word_1_137' title='bbox 905 1147 1008 1183; x_wconf 85' lang='lat' dir='ltr'><strong>docto</strong></span> <span class='ocrx_word' id='word_1_138' title='bbox 1027 1150 1176 1184; x_wconf 80' lang='lat' dir='ltr'><strong>osticium</strong></span> <span class='ocrx_word' id='word_1_139' title='bbox 1192 1151 1467 1187; x_wconf 81' lang='lat' dir='ltr'><strong>ecclesiasticum</strong></span> 
     </span>
     <span class='ocr_line' id='line_1_17' title="bbox 80 1214 1467 1264; baseline 0.001 -12"><span class='ocrx_word' id='word_1_140' title='bbox 80 1216 310 1252; x_wconf 87' lang='lat' dir='ltr'><strong>committeret</strong></span> <span class='ocrx_word' id='word_1_141' title='bbox 344 1214 585 1249; x_wconf 82' lang='lat' dir='ltr'><strong>ordinandum.</strong></span> <span class='ocrx_word' id='word_1_142' title='bbox 633 1214 713 1260; x_wconf 87' lang='lat' dir='ltr'><strong>Ipse</strong></span> <span class='ocrx_word' id='word_1_143' title='bbox 738 1215 848 1260; x_wconf 79' lang='lat' dir='ltr'><strong>igitur</strong></span> <span class='ocrx_word' id='word_1_144' title='bbox 871 1216 987 1249; x_wconf 87' lang='lat' dir='ltr'><strong>sciens</strong></span> <span class='ocrx_word' id='word_1_145' title='bbox 1012 1214 1252 1261; x_wconf 58' lang='lat' dir='ltr'><strong>Hieronymum</strong></span> <span class='ocrx_word' id='word_1_146' title='bbox 1280 1218 1315 1251; x_wconf 91' lang='lat' dir='ltr'><strong>in</strong></span> <span class='ocrx_word' id='word_1_147' title='bbox 1346 1218 1467 1264; x_wconf 77' lang='lat' dir='ltr'><strong>lingua</strong></span> 
     </span>
     <span class='ocr_line' id='line_1_18' title="bbox 80 1280 1467 1328; baseline 0.001 -11"><span class='ocrx_word' id='word_1_148' title='bbox 80 1292 211 1328; x_wconf 83' lang='lat' dir='ltr'><strong>graeca</strong></span> <span class='ocrx_word' id='word_1_149' title='bbox 236 1286 270 1317; x_wconf 89' lang='lat' dir='ltr'><strong>et</strong></span> <span class='ocrx_word' id='word_1_150' title='bbox 293 1280 472 1326; x_wconf 75' lang='lat' dir='ltr'><strong>hebrayea</strong></span> <span class='ocrx_word' id='word_1_151' title='bbox 494 1281 684 1326; x_wconf 78' lang='lat' dir='ltr'><strong>perfeetum</strong></span> <span class='ocrx_word' id='word_1_152' title='bbox 711 1285 745 1315; x_wconf 92' lang='lat' dir='ltr'><strong>et</strong></span> <span class='ocrx_word' id='word_1_153' title='bbox 769 1281 802 1314; x_wconf 91' lang='lat' dir='ltr'><strong>in</strong></span> <span class='ocrx_word' id='word_1_154' title='bbox 829 1282 920 1314; x_wconf 86' lang='lat' dir='ltr'><strong>omni</strong></span> <span class='ocrx_word' id='word_1_155' title='bbox 945 1282 1120 1325; x_wconf 77' lang='lat' dir='ltr'><strong>sapientia</strong></span> <span class='ocrx_word' id='word_1_156' title='bbox 1145 1292 1327 1327; x_wconf 87' lang='lat' dir='ltr'><strong>sunnnum,</strong></span> <span class='ocrx_word' id='word_1_157' title='bbox 1355 1284 1467 1319; x_wconf 87' lang='lat' dir='ltr'><strong>eidem</strong></span> 
     </span>
     <span class='ocr_line' id='line_1_19' title="bbox 79 1346 1466 1394; baseline 0.001 -12"><span class='ocrx_word' id='word_1_158' title='bbox 79 1348 229 1383; x_wconf 79' lang='lat' dir='ltr'><strong>osticium</strong></span> <span class='ocrx_word' id='word_1_159' title='bbox 249 1347 464 1393; x_wconf 83' lang='lat' dir='ltr'><strong>praedictum</strong></span> <span class='ocrx_word' id='word_1_160' title='bbox 490 1348 673 1383; x_wconf 80' lang='lat' dir='ltr'><strong>commisit.</strong></span> <span class='ocrx_word' id='word_1_161' title='bbox 700 1346 927 1392; x_wconf 60' lang='lat' dir='ltr'><strong>Hieronymus</strong></span> <span class='ocrx_word' id='word_1_162' title='bbox 947 1347 1269 1393; x_wconf 86' lang='lat' dir='ltr'><strong>igiturpsalterium</strong></span> <span class='ocrx_word' id='word_1_163' title='bbox 1283 1359 1346 1394; x_wconf 86' lang='lat' dir='ltr'><strong>per</strong></span> <span class='ocrx_word' id='word_1_164' title='bbox 1358 1349 1466 1384; x_wconf 84' lang='lat' dir='ltr'><strong>serias</strong></span> 
     </span>
     <span class='ocr_line' id='line_1_20' title="bbox 81 1412 1465 1461; baseline 0.001 -13"><span class='ocrx_word' id='word_1_165' title='bbox 81 1413 242 1448; x_wconf 77' lang='lat' dir='ltr'><strong>distinxit</strong></span> <span class='ocrx_word' id='word_1_166' title='bbox 261 1417 294 1448; x_wconf 90' lang='lat' dir='ltr'><strong>et</strong></span> <span class='ocrx_word' id='word_1_167' title='bbox 317 1415 501 1458; x_wconf 86' lang='lat' dir='ltr'><strong>unicuique</strong></span> <span class='ocrx_word' id='word_1_168' title='bbox 523 1412 633 1447; x_wconf 84' lang='lat' dir='ltr'><strong>feriae</strong></span> <span class='ocrx_word' id='word_1_169' title='bbox 655 1417 857 1446; x_wconf 82' lang='lat' dir='ltr'><strong>nocturnum</strong></span> <span class='ocrx_word' id='word_1_170' title='bbox 879 1414 1055 1457; x_wconf 84' lang='lat' dir='ltr'><strong>proprium</strong></span> <span class='ocrx_word' id='word_1_171' title='bbox 1075 1415 1274 1460; x_wconf 77' lang='lat' dir='ltr'><strong>assignavit</strong></span> <span class='ocrx_word' id='word_1_172' title='bbox 1292 1424 1332 1449; x_wconf 81' lang='lat' dir='ltr'><strong>ac</strong></span> <span class='ocrx_word' id='word_1_173' title='bbox 1348 1415 1465 1461; x_wconf 80' lang='lat' dir='ltr'><strong>gloria</strong></span> 
     </span>
     <span class='ocr_line' id='line_1_21' title="bbox 81 1477 1462 1525; baseline 0.001 -12"><span class='ocrx_word' id='word_1_174' title='bbox 81 1481 174 1524; x_wconf 84' lang='lat' dir='ltr'><strong>patri</strong></span> <span class='ocrx_word' id='word_1_175' title='bbox 190 1480 223 1513; x_wconf 93' lang='lat' dir='ltr'><strong>in</strong></span> <span class='ocrx_word' id='word_1_176' title='bbox 243 1478 308 1513; x_wconf 85' lang='lat' dir='ltr'><strong>fine</strong></span> <span class='ocrx_word' id='word_1_177' title='bbox 329 1478 517 1523; x_wconf 88' lang='lat' dir='ltr'><strong>cujuslibet</strong></span> <span class='ocrx_word' id='word_1_178' title='bbox 535 1478 660 1522; x_wconf 85' lang='lat' dir='ltr'><strong>psalmi</strong></span> <span class='ocrx_word' id='word_1_179' title='bbox 681 1477 860 1512; x_wconf 82' lang='lat' dir='ltr'><strong>dicendum</strong></span> <span class='ocrx_word' id='word_1_180' title='bbox 885 1480 1044 1521; x_wconf 88' lang='lat' dir='ltr'><strong>instituit,</strong></span> <span class='ocrx_word' id='word_1_181' title='bbox 1077 1483 1156 1523; x_wconf 87' lang='lat' dir='ltr'><strong>¹)ut</strong></span> <span class='ocrx_word' id='word_1_182' title='bbox 1176 1481 1225 1514; x_wconf 86' lang='lat' dir='ltr'><strong>ait</strong></span> <span class='ocrx_word' id='word_1_183' title='bbox 1243 1480 1462 1525; x_wconf 76' lang='lat' dir='ltr'><strong>sigebertus.</strong></span> 
     </span>
     <span class='ocr_line' id='line_1_22' title="bbox 80 1543 1465 1592; baseline 0 -13"><span class='ocrx_word' id='word_1_184' title='bbox 80 1544 213 1580; x_wconf 85' lang='lat' dir='ltr'><strong>Deinde</strong></span> <span class='ocrx_word' id='word_1_185' title='bbox 227 1544 397 1589; x_wconf 86' lang='lat' dir='ltr'><strong>epistolas</strong></span> <span class='ocrx_word' id='word_1_186' title='bbox 414 1548 448 1579; x_wconf 90' lang='lat' dir='ltr'><strong>et</strong></span> <span class='ocrx_word' id='word_1_187' title='bbox 465 1543 651 1589; x_wconf 81' lang='lat' dir='ltr'><strong>evangelia</strong></span> <span class='ocrx_word' id='word_1_188' title='bbox 663 1554 725 1588; x_wconf 90' lang='lat' dir='ltr'><strong>per</strong></span> <span class='ocrx_word' id='word_1_189' title='bbox 736 1545 816 1578; x_wconf 88' lang='lat' dir='ltr'><strong>anni</strong></span> <span class='ocrx_word' id='word_1_190' title='bbox 831 1544 992 1578; x_wconf 84' lang='lat' dir='ltr'><strong>circulum</strong></span> <span class='ocrx_word' id='word_1_191' title='bbox 1005 1544 1240 1579; x_wconf 87' lang='lat' dir='ltr'><strong>decantandas</strong></span> <span class='ocrx_word' id='word_1_192' title='bbox 1253 1550 1465 1592; x_wconf 74' lang='lat' dir='ltr'><strong>caeteraque</strong></span> 
     </span>
     <span class='ocr_line' id='line_1_23' title="bbox 79 1609 1464 1658; baseline 0.002 -14"><span class='ocrx_word' id='word_1_193' title='bbox 79 1609 126 1645; x_wconf 83' lang='lat' dir='ltr'><strong>ad</strong></span> <span class='ocrx_word' id='word_1_194' title='bbox 151 1610 300 1645; x_wconf 82' lang='lat' dir='ltr'><strong>osticium</strong></span> <span class='ocrx_word' id='word_1_195' title='bbox 327 1611 538 1655; x_wconf 85' lang='lat' dir='ltr'><strong>pertinentia</strong></span> <span class='ocrx_word' id='word_1_196' title='bbox 566 1614 646 1655; x_wconf 87' lang='lat' dir='ltr'><strong>post</strong></span> <span class='ocrx_word' id='word_1_197' title='bbox 669 1614 803 1644; x_wconf 85' lang='lat' dir='ltr'><strong>cantum</strong></span> <span class='ocrx_word' id='word_1_198' title='bbox 831 1609 1089 1644; x_wconf 80' lang='lat' dir='ltr'><strong>rationabiliter</strong></span> <span class='ocrx_word' id='word_1_199' title='bbox 1107 1610 1282 1645; x_wconf 77' lang='lat' dir='ltr'><strong>ordinavit</strong></span> <span class='ocrx_word' id='word_1_200' title='bbox 1301 1613 1464 1658; x_wconf 83' lang='lat' dir='ltr'><strong>misitque</strong></span> 
     </span>
     <span class='ocr_line' id='line_1_24' title="bbox 81 1675 1464 1720; baseline 0.001 -11"><span class='ocrx_word' id='word_1_201' title='bbox 81 1676 175 1711; x_wconf 89' lang='lat' dir='ltr'><strong>illum</strong></span> <span class='ocrx_word' id='word_1_202' title='bbox 201 1676 244 1711; x_wconf 88' lang='lat' dir='ltr'><strong>de</strong></span> <span class='ocrx_word' id='word_1_203' title='bbox 269 1675 473 1712; x_wconf 84' lang='lat' dir='ltr'><strong>Bethlehem</strong></span> <span class='ocrx_word' id='word_1_204' title='bbox 501 1676 545 1710; x_wconf 89' lang='lat' dir='ltr'><strong>ad</strong></span> <span class='ocrx_word' id='word_1_205' title='bbox 572 1686 735 1710; x_wconf 87' lang='lat' dir='ltr'><strong>summum</strong></span> <span class='ocrx_word' id='word_1_206' title='bbox 760 1675 955 1720; x_wconf 81' lang='lat' dir='ltr'><strong>pontificem</strong></span> <span class='ocrx_word' id='word_1_207' title='bbox 981 1679 1015 1710; x_wconf 85' lang='lat' dir='ltr'><strong>et</strong></span> <span class='ocrx_word' id='word_1_208' title='bbox 1043 1675 1087 1710; x_wconf 87' lang='lat' dir='ltr'><strong>ab</strong></span> <span class='ocrx_word' id='word_1_209' title='bbox 1116 1686 1156 1711; x_wconf 87' lang='lat' dir='ltr'><strong>eo</strong></span> <span class='ocrx_word' id='word_1_210' title='bbox 1176 1677 1464 1712; x_wconf 84' lang='lat' dir='ltr'><strong>etcardiualibus</strong></span> 
     </span>
     <span class='ocr_line' id='line_1_25' title="bbox 80 1740 1464 1787; baseline 0.001 -11"><span class='ocrx_word' id='word_1_211' title='bbox 80 1744 153 1776; x_wconf 90' lang='lat' dir='ltr'><strong>suis</strong></span> <span class='ocrx_word' id='word_1_212' title='bbox 173 1741 349 1777; x_wconf 85' lang='lat' dir='ltr'><strong>suitvahle</strong></span> <span class='ocrx_word' id='word_1_213' title='bbox 362 1741 593 1787; x_wconf 85' lang='lat' dir='ltr'><strong>approbatum</strong></span> <span class='ocrx_word' id='word_1_214' title='bbox 608 1746 640 1776; x_wconf 93' lang='lat' dir='ltr'><strong>et</strong></span> <span class='ocrx_word' id='word_1_215' title='bbox 662 1746 830 1787; x_wconf 89' lang='lat' dir='ltr'><strong>perpetuo</strong></span> <span class='ocrx_word' id='word_1_216' title='bbox 850 1740 1137 1776; x_wconf 83' lang='lat' dir='ltr'><strong>authenticatum.</strong></span> <span class='ocrx_word' id='word_1_217' title='bbox 1162 1741 1246 1777; x_wconf 89' lang='lat' dir='ltr'><strong>Post</strong></span> <span class='ocrx_word' id='word_1_218' title='bbox 1262 1742 1328 1777; x_wconf 81' lang='lat' dir='ltr'><strong>hoe</strong></span> <span class='ocrx_word' id='word_1_219' title='bbox 1348 1748 1464 1778; x_wconf 87' lang='lat' dir='ltr'><strong>autem</strong></span> 
     </span>
     <span class='ocr_line' id='line_1_26' title="bbox 78 1807 1463 1853; baseline 0.002 -11"><span class='ocrx_word' id='word_1_220' title='bbox 78 1810 112 1842; x_wconf 93' lang='lat' dir='ltr'><strong>in</strong></span> <span class='ocrx_word' id='word_1_221' title='bbox 139 1819 201 1843; x_wconf 87' lang='lat' dir='ltr'><strong>ore</strong></span> <span class='ocrx_word' id='word_1_222' title='bbox 225 1809 433 1853; x_wconf 84' lang='lat' dir='ltr'><strong>speluncae,</strong></span> <span class='ocrx_word' id='word_1_223' title='bbox 459 1808 518 1842; x_wconf 92' lang='lat' dir='ltr'><strong>ubi</strong></span> <span class='ocrx_word' id='word_1_224' title='bbox 545 1807 703 1842; x_wconf 90' lang='lat' dir='ltr'><strong>dominus</strong></span> <span class='ocrx_word' id='word_1_225' title='bbox 721 1808 853 1853; x_wconf 88' lang='lat' dir='ltr'><strong>jacuit,</strong></span> <span class='ocrx_word' id='word_1_226' title='bbox 886 1812 1139 1842; x_wconf 87' lang='lat' dir='ltr'><strong>monumentum</strong></span> <span class='ocrx_word' id='word_1_227' title='bbox 1162 1808 1231 1843; x_wconf 89' lang='lat' dir='ltr'><strong>sibi</strong></span> <span class='ocrx_word' id='word_1_228' title='bbox 1258 1813 1463 1853; x_wconf 81' lang='lat' dir='ltr'><strong>construxit,</strong></span> 
     </span>
     <span class='ocr_line' id='line_1_27' title="bbox 78 1873 1463 1921; baseline 0.001 -12"><span class='ocrx_word' id='word_1_229' title='bbox 78 1874 138 1909; x_wconf 88' lang='lat' dir='ltr'><strong>ubi</strong></span> <span class='ocrx_word' id='word_1_230' title='bbox 173 1874 323 1919; x_wconf 88' lang='lat' dir='ltr'><strong>expletis</strong></span> <span class='ocrx_word' id='word_1_231' title='bbox 357 1876 550 1920; x_wconf 84' lang='lat' dir='ltr'><strong>nonaginta</strong></span> <span class='ocrx_word' id='word_1_232' title='bbox 582 1878 660 1908; x_wconf 79' lang='lat' dir='ltr'><strong>octo</strong></span> <span class='ocrx_word' id='word_1_233' title='bbox 693 1874 793 1907; x_wconf 88' lang='lat' dir='ltr'><strong>annis</strong></span> <span class='ocrx_word' id='word_1_234' title='bbox 829 1877 864 1908; x_wconf 91' lang='lat' dir='ltr'><strong>et</strong></span> <span class='ocrx_word' id='word_1_235' title='bbox 894 1883 957 1908; x_wconf 79' lang='lat' dir='ltr'><strong>sex</strong></span> <span class='ocrx_word' id='word_1_236' title='bbox 991 1873 1170 1909; x_wconf 83' lang='lat' dir='ltr'><strong>mensibus</strong></span> <span class='ocrx_word' id='word_1_237' title='bbox 1202 1877 1361 1921; x_wconf 85' lang='lat' dir='ltr'><strong>sepultus</strong></span> <span class='ocrx_word' id='word_1_238' title='bbox 1387 1876 1463 1912; x_wconf 89' lang='lat' dir='ltr'><strong>suit.</strong></span> 
     </span>
     <span class='ocr_line' id='line_1_28' title="bbox 78 1938 1462 1993; baseline 0.001 -19"><span class='ocrx_word' id='word_1_239' title='bbox 78 1939 116 1974; x_wconf 85' lang='lat' dir='ltr'><strong>ln</strong></span> <span class='ocrx_word' id='word_1_240' title='bbox 140 1944 270 1985; x_wconf 84' lang='lat' dir='ltr'><strong>quanta</strong></span> <span class='ocrx_word' id='word_1_241' title='bbox 293 1941 491 1993; x_wconf 85' lang='lat' dir='ltr'><strong>reverentia</strong></span> <span class='ocrx_word' id='word_1_242' title='bbox 516 1950 591 1974; x_wconf 89' lang='lat' dir='ltr'><strong>eum</strong></span> <span class='ocrx_word' id='word_1_243' title='bbox 617 1939 836 1986; x_wconf 81' lang='lat' dir='ltr'><strong>Augustinus</strong></span> <span class='ocrx_word' id='word_1_244' title='bbox 862 1938 1037 1980; x_wconf 86' lang='lat' dir='ltr'><strong>habuerit,</strong></span> <span class='ocrx_word' id='word_1_245' title='bbox 1066 1944 1163 1984; x_wconf 85' lang='lat' dir='ltr'><strong>patet</strong></span> <span class='ocrx_word' id='word_1_246' title='bbox 1187 1952 1251 1986; x_wconf 87' lang='lat' dir='ltr'><strong>per</strong></span> <span class='ocrx_word' id='word_1_247' title='bbox 1277 1942 1462 1987; x_wconf 88' lang='lat' dir='ltr'><strong>epistolas,</strong></span> 
     </span>
     <span class='ocr_line' id='line_1_29' title="bbox 79 2004 1463 2051; baseline 0.001 -11"><span class='ocrx_word' id='word_1_248' title='bbox 79 2015 167 2051; x_wconf 87' lang='lat' dir='ltr'><strong>quas</strong></span> <span class='ocrx_word' id='word_1_249' title='bbox 197 2006 266 2039; x_wconf 87' lang='lat' dir='ltr'><strong>sihi</strong></span> <span class='ocrx_word' id='word_1_250' title='bbox 290 2007 402 2048; x_wconf 90' lang='lat' dir='ltr'><strong>misit;</strong></span> <span class='ocrx_word' id='word_1_251' title='bbox 436 2007 470 2039; x_wconf 90' lang='lat' dir='ltr'><strong>in</strong></span> <span class='ocrx_word' id='word_1_252' title='bbox 495 2016 640 2051; x_wconf 87' lang='lat' dir='ltr'><strong>quarum</strong></span> <span class='ocrx_word' id='word_1_253' title='bbox 675 2015 743 2039; x_wconf 91' lang='lat' dir='ltr'><strong>una</strong></span> <span class='ocrx_word' id='word_1_254' title='bbox 767 2007 798 2040; x_wconf 90' lang='lat' dir='ltr'><strong>ei</strong></span> <span class='ocrx_word' id='word_1_255' title='bbox 822 2006 884 2039; x_wconf 86' lang='lat' dir='ltr'><strong>tali</strong></span> <span class='ocrx_word' id='word_1_256' title='bbox 907 2004 1010 2039; x_wconf 89' lang='lat' dir='ltr'><strong>modo</strong></span> <span class='ocrx_word' id='word_1_257' title='bbox 1037 2006 1200 2050; x_wconf 84' lang='lat' dir='ltr'><strong>scripsit:</strong></span> <span class='ocrx_word' id='word_1_258' title='bbox 1234 2007 1373 2041; x_wconf 90' lang='lat' dir='ltr'><strong>domino</strong></span> <span class='ocrx_word' id='word_1_259' title='bbox 1408 2008 1463 2042; x_wconf 91' lang='lat' dir='ltr'><strong>di-</strong></span> 
     </span>
     <span class='ocr_line' id='line_1_30' title="bbox 78 2071 1463 2117; baseline 0.001 -13"><span class='ocrx_word' id='word_1_260' title='bbox 78 2071 270 2106; x_wconf 89' lang='lat' dir='ltr'><strong>lectissimo</strong></span> <span class='ocrx_word' id='word_1_261' title='bbox 312 2075 346 2105; x_wconf 87' lang='lat' dir='ltr'><strong>et</strong></span> <span class='ocrx_word' id='word_1_262' title='bbox 388 2071 482 2105; x_wconf 86' lang='lat' dir='ltr'><strong>cultu</strong></span> <span class='ocrx_word' id='word_1_263' title='bbox 523 2072 764 2104; x_wconf 88' lang='lat' dir='ltr'><strong>sincerissimo</strong></span> <span class='ocrx_word' id='word_1_264' title='bbox 797 2071 957 2104; x_wconf 88' lang='lat' dir='ltr'><strong>caritatis</strong></span> <span class='ocrx_word' id='word_1_265' title='bbox 992 2072 1213 2105; x_wconf 80' lang='lat' dir='ltr'><strong>observando</strong></span> <span class='ocrx_word' id='word_1_266' title='bbox 1251 2076 1358 2117; x_wconf 86' lang='lat' dir='ltr'><strong>atque</strong></span> <span class='ocrx_word' id='word_1_267' title='bbox 1390 2084 1463 2107; x_wconf 90' lang='lat' dir='ltr'><strong>am-</strong></span> 
     </span>
     <span class='ocr_line' id='line_1_31' title="bbox 78 2135 1462 2182; baseline 0.001 -12"><span class='ocrx_word' id='word_1_268' title='bbox 78 2136 266 2182; x_wconf 87' lang='lat' dir='ltr'><strong>plectendo</strong></span> <span class='ocrx_word' id='word_1_269' title='bbox 309 2135 514 2179; x_wconf 68' lang='lat' dir='ltr'><strong>Hieronymo</strong></span> <span class='ocrx_word' id='word_1_270' title='bbox 556 2136 773 2180; x_wconf 78' lang='lat' dir='ltr'><strong>Augustinus</strong></span> <span class='ocrx_word' id='word_1_271' title='bbox 812 2139 876 2169; x_wconf 87' lang='lat' dir='ltr'><strong>etc.</strong></span> <span class='ocrx_word' id='word_1_272' title='bbox 933 2135 1031 2169; x_wconf 85' lang='lat' dir='ltr'><strong>Alibi</strong></span> <span class='ocrx_word' id='word_1_273' title='bbox 1070 2146 1208 2180; x_wconf 87' lang='lat' dir='ltr'><strong>quoque</strong></span> <span class='ocrx_word' id='word_1_274' title='bbox 1250 2136 1293 2172; x_wconf 88' lang='lat' dir='ltr'><strong>de</strong></span> <span class='ocrx_word' id='word_1_275' title='bbox 1335 2148 1376 2172; x_wconf 93' lang='lat' dir='ltr'><strong>eo</strong></span> <span class='ocrx_word' id='word_1_276' title='bbox 1411 2139 1462 2172; x_wconf 87' lang='lat' dir='ltr'><strong>sic</strong></span> 
     </span>
     <span class='ocr_line' id='line_1_32' title="bbox 78 2199 1461 2246; baseline 0 -9"><span class='ocrx_word' id='word_1_277' title='bbox 78 2201 219 2237; x_wconf 83' lang='lat' dir='ltr'><strong>scribit:</strong></span> <span class='ocrx_word' id='word_1_278' title='bbox 261 2205 402 2236; x_wconf 87' lang='lat' dir='ltr'><strong>sanctus</strong></span> <span class='ocrx_word' id='word_1_279' title='bbox 436 2201 662 2245; x_wconf 58' lang='lat' dir='ltr'><strong>Hieronjmus</strong></span> <span class='ocrx_word' id='word_1_280' title='bbox 696 2199 873 2245; x_wconf 84' lang='lat' dir='ltr'><strong>presbiter</strong></span> <span class='ocrx_word' id='word_1_281' title='bbox 904 2210 1057 2246; x_wconf 83' lang='lat' dir='ltr'><strong>graeco,</strong></span> <span class='ocrx_word' id='word_1_282' title='bbox 1094 2200 1203 2234; x_wconf 84' lang='lat' dir='ltr'><strong>latino</strong></span> <span class='ocrx_word' id='word_1_283' title='bbox 1240 2206 1274 2236; x_wconf 88' lang='lat' dir='ltr'><strong>et</strong></span> <span class='ocrx_word' id='word_1_284' title='bbox 1305 2202 1461 2238; x_wconf 83' lang='lat' dir='ltr'><strong>hebraeo</strong></span> 
     </span>
     <span class='ocr_line' id='line_1_33' title="bbox 79 2265 1462 2314; baseline 0 -11"><span class='ocrx_word' id='word_1_285' title='bbox 79 2268 221 2314; x_wconf 85' lang='lat' dir='ltr'><strong>eloquio</strong></span> <span class='ocrx_word' id='word_1_286' title='bbox 253 2267 409 2302; x_wconf 83' lang='lat' dir='ltr'><strong>eruditus</strong></span> <span class='ocrx_word' id='word_1_287' title='bbox 443 2268 477 2300; x_wconf 89' lang='lat' dir='ltr'><strong>in</strong></span> <span class='ocrx_word' id='word_1_288' title='bbox 507 2266 594 2300; x_wconf 81' lang='lat' dir='ltr'><strong>locis</strong></span> <span class='ocrx_word' id='word_1_289' title='bbox 631 2268 763 2300; x_wconf 82' lang='lat' dir='ltr'><strong>sanctis</strong></span> <span class='ocrx_word' id='word_1_290' title='bbox 796 2270 900 2311; x_wconf 89' lang='lat' dir='ltr'><strong>atque</strong></span> <span class='ocrx_word' id='word_1_291' title='bbox 933 2267 967 2299; x_wconf 91' lang='lat' dir='ltr'><strong>in</strong></span> <span class='ocrx_word' id='word_1_292' title='bbox 992 2265 1119 2300; x_wconf 86' lang='lat' dir='ltr'><strong>litteris</strong></span> <span class='ocrx_word' id='word_1_293' title='bbox 1145 2267 1257 2301; x_wconf 86' lang='lat' dir='ltr'><strong>saeris</strong></span> <span class='ocrx_word' id='word_1_294' title='bbox 1282 2278 1391 2313; x_wconf 89' lang='lat' dir='ltr'><strong>usque</strong></span> <span class='ocrx_word' id='word_1_295' title='bbox 1417 2269 1462 2303; x_wconf 89' lang='lat' dir='ltr'><strong>ad</strong></span> 
     </span>
     <span class='ocr_line' id='line_1_34' title="bbox 77 2331 1461 2378; baseline 0.001 -11"><span class='ocrx_word' id='word_1_296' title='bbox 77 2333 290 2378; x_wconf 84' lang='lat' dir='ltr'><strong>decrepitam</strong></span> <span class='ocrx_word' id='word_1_297' title='bbox 317 2334 402 2367; x_wconf 80' lang='lat' dir='ltr'><strong>vixit</strong></span> <span class='ocrx_word' id='word_1_298' title='bbox 426 2336 587 2373; x_wconf 86' lang='lat' dir='ltr'><strong>aetatem,</strong></span> <span class='ocrx_word' id='word_1_299' title='bbox 615 2332 715 2377; x_wconf 83' lang='lat' dir='ltr'><strong>cujus</strong></span> <span class='ocrx_word' id='word_1_300' title='bbox 734 2331 900 2366; x_wconf 90' lang='lat' dir='ltr'><strong>nobilitas</strong></span> <span class='ocrx_word' id='word_1_301' title='bbox 921 2331 1054 2377; x_wconf 87' lang='lat' dir='ltr'><strong>eloquii</strong></span> <span class='ocrx_word' id='word_1_302' title='bbox 1077 2332 1120 2365; x_wconf 89' lang='lat' dir='ltr'><strong>ab</strong></span> <span class='ocrx_word' id='word_1_303' title='bbox 1147 2333 1281 2367; x_wconf 87' lang='lat' dir='ltr'><strong>oriente</strong></span> <span class='ocrx_word' id='word_1_304' title='bbox 1307 2334 1341 2367; x_wconf 92' lang='lat' dir='ltr'><strong>in</strong></span> <span class='ocrx_word' id='word_1_305' title='bbox 1367 2336 1461 2368; x_wconf 85' lang='lat' dir='ltr'><strong>oeci-</strong></span> 
     </span>
     <span class='ocr_line' id='line_1_35' title="bbox 78 2396 1462 2442; baseline -0.001 -10"><span class='ocrx_word' id='word_1_306' title='bbox 78 2398 215 2432; x_wconf 85' lang='lat' dir='ltr'><strong>dentem</strong></span> <span class='ocrx_word' id='word_1_307' title='bbox 246 2399 359 2432; x_wconf 85' lang='lat' dir='ltr'><strong>instar</strong></span> <span class='ocrx_word' id='word_1_308' title='bbox 389 2398 476 2432; x_wconf 91' lang='lat' dir='ltr'><strong>solis</strong></span> <span class='ocrx_word' id='word_1_309' title='bbox 508 2397 643 2442; x_wconf 90' lang='lat' dir='ltr'><strong>lampas</strong></span> <span class='ocrx_word' id='word_1_310' title='bbox 675 2397 903 2442; x_wconf 86' lang='lat' dir='ltr'><strong>resplenduit.</strong></span> <span class='ocrx_word' id='word_1_311' title='bbox 951 2396 1082 2432; x_wconf 83' lang='lat' dir='ltr'><strong>Beatus</strong></span> <span class='ocrx_word' id='word_1_312' title='bbox 1112 2401 1225 2432; x_wconf 89' lang='lat' dir='ltr'><strong>autem</strong></span> <span class='ocrx_word' id='word_1_313' title='bbox 1251 2398 1403 2442; x_wconf 88' lang='lat' dir='ltr'><strong>Prosper</strong></span> <span class='ocrx_word' id='word_1_314' title='bbox 1427 2400 1462 2432; x_wconf 90' lang='lat' dir='ltr'><strong>in</strong></span> 
     </span>
     <span class='ocr_line' id='line_1_36' title="bbox 78 2461 1460 2507; baseline 0 -9"><span class='ocrx_word' id='word_1_315' title='bbox 78 2464 151 2498; x_wconf 88' lang='lat' dir='ltr'><strong>suis</strong></span> <span class='ocrx_word' id='word_1_316' title='bbox 184 2461 359 2497; x_wconf 85' lang='lat' dir='ltr'><strong>chronicis</strong></span> <span class='ocrx_word' id='word_1_317' title='bbox 395 2463 439 2497; x_wconf 91' lang='lat' dir='ltr'><strong>de</strong></span> <span class='ocrx_word' id='word_1_318' title='bbox 476 2473 517 2497; x_wconf 88' lang='lat' dir='ltr'><strong>eo</strong></span> <span class='ocrx_word' id='word_1_319' title='bbox 551 2464 602 2497; x_wconf 92' lang='lat' dir='ltr'><strong>sic</strong></span> <span class='ocrx_word' id='word_1_320' title='bbox 635 2463 703 2496; x_wconf 87' lang='lat' dir='ltr'><strong>ait:</strong></span> <span class='ocrx_word' id='word_1_321' title='bbox 736 2462 964 2507; x_wconf 58' lang='lat' dir='ltr'><strong>Hieronymus</strong></span> <span class='ocrx_word' id='word_1_322' title='bbox 992 2461 1168 2507; x_wconf 86' lang='lat' dir='ltr'><strong>presbiter</strong></span> <span class='ocrx_word' id='word_1_323' title='bbox 1196 2464 1231 2496; x_wconf 91' lang='lat' dir='ltr'><strong>in</strong></span> <span class='ocrx_word' id='word_1_324' title='bbox 1256 2463 1460 2498; x_wconf 87' lang='lat' dir='ltr'><strong>Bethlehem</strong></span> 
     </span>
     <span class='ocr_line' id='line_1_37' title="bbox 76 2526 1459 2574; baseline 0 -11"><span class='ocrx_word' id='word_1_325' title='bbox 76 2533 150 2563; x_wconf 92' lang='lat' dir='ltr'><strong>toto</strong></span> <span class='ocrx_word' id='word_1_326' title='bbox 184 2529 256 2574; x_wconf 75' lang='lat' dir='ltr'><strong>Jam</strong></span> <span class='ocrx_word' id='word_1_327' title='bbox 292 2526 418 2561; x_wconf 88' lang='lat' dir='ltr'><strong>mundo</strong></span> <span class='ocrx_word' id='word_1_328' title='bbox 452 2527 568 2561; x_wconf 81' lang='lat' dir='ltr'><strong>clarus</strong></span> <span class='ocrx_word' id='word_1_329' title='bbox 601 2526 785 2561; x_wconf 86' lang='lat' dir='ltr'><strong>habitabat</strong></span> <span class='ocrx_word' id='word_1_330' title='bbox 815 2528 963 2573; x_wconf 82' lang='lat' dir='ltr'><strong>egregio</strong></span> <span class='ocrx_word' id='word_1_331' title='bbox 997 2528 1141 2573; x_wconf 83' lang='lat' dir='ltr'><strong>ingenio</strong></span> <span class='ocrx_word' id='word_1_332' title='bbox 1177 2530 1211 2561; x_wconf 89' lang='lat' dir='ltr'><strong>et</strong></span> <span class='ocrx_word' id='word_1_333' title='bbox 1243 2528 1358 2564; x_wconf 76' lang='lat' dir='ltr'><strong>studIo</strong></span> <span class='ocrx_word' id='word_1_334' title='bbox 1383 2530 1459 2563; x_wconf 89' lang='lat' dir='ltr'><strong>uni-</strong></span> 
     </span>
     <span class='ocr_line' id='line_1_38' title="bbox 79 2590 1459 2640; baseline -0.002 -10"><span class='ocrx_word' id='word_1_335' title='bbox 79 2603 203 2630; x_wconf 84' lang='lat' dir='ltr'><strong>versae</strong></span> <span class='ocrx_word' id='word_1_336' title='bbox 226 2593 395 2629; x_wconf 86' lang='lat' dir='ltr'><strong>ecclcsiae</strong></span> <span class='ocrx_word' id='word_1_337' title='bbox 421 2594 590 2628; x_wconf 88' lang='lat' dir='ltr'><strong>serviens.</strong></span> <span class='ocrx_word' id='word_1_338' title='bbox 638 2590 716 2636; x_wconf 91' lang='lat' dir='ltr'><strong>Ipse</strong></span> <span class='ocrx_word' id='word_1_339' title='bbox 751 2602 889 2637; x_wconf 84' lang='lat' dir='ltr'><strong>quoque</strong></span> <span class='ocrx_word' id='word_1_340' title='bbox 922 2591 966 2627; x_wconf 88' lang='lat' dir='ltr'><strong>de</strong></span> <span class='ocrx_word' id='word_1_341' title='bbox 997 2602 1034 2627; x_wconf 83' lang='lat' dir='ltr'><strong>se</strong></span> <span class='ocrx_word' id='word_1_342' title='bbox 1067 2593 1118 2626; x_wconf 88' lang='lat' dir='ltr'><strong>sic</strong></span> <span class='ocrx_word' id='word_1_343' title='bbox 1143 2592 1192 2626; x_wconf 88' lang='lat' dir='ltr'><strong>ait</strong></span> <span class='ocrx_word' id='word_1_344' title='bbox 1220 2592 1263 2627; x_wconf 89' lang='lat' dir='ltr'><strong>ad</strong></span> <span class='ocrx_word' id='word_1_345' title='bbox 1289 2593 1459 2640; x_wconf 83' lang='lat' dir='ltr'><strong>Albigeu-</strong></span> 
     </span>
    </p>
   </div>
   <div class='ocr_carea' id='block_1_3' title="bbox 146 2735 1042 2771">
    <p class='ocr_par' dir='ltr' id='par_1_3' title="bbox 146 2735 1042 2771">
     <span class='ocr_line' id='line_1_39' title="bbox 146 2735 1042 2771; baseline -0.001 -6"><span class='ocrx_word' id='word_1_346' title='bbox 146 2739 173 2771; x_wconf 87' lang='lat'><strong>1)</strong></span> <span class='ocrx_word' id='word_1_347' title='bbox 192 2737 245 2766; x_wconf 73' lang='lat' dir='ltr'><strong>Ed.</strong></span> <span class='ocrx_word' id='word_1_348' title='bbox 265 2741 307 2765; x_wconf 82' lang='lat' dir='ltr'><strong>Pr.</strong></span> <span class='ocrx_word' id='word_1_349' title='bbox 327 2742 356 2766; x_wconf 75' lang='lat' dir='ltr'><strong>et</strong></span> <span class='ocrx_word' id='word_1_350' title='bbox 375 2738 423 2766; x_wconf 80' lang='lat' dir='ltr'><strong>hic</strong></span> <span class='ocrx_word' id='word_1_351' title='bbox 442 2742 469 2765; x_wconf 80' lang='lat' dir='ltr'><strong>et</strong></span> <span class='ocrx_word' id='word_1_352' title='bbox 491 2746 579 2771; x_wconf 71' lang='lat' dir='ltr'><strong>supra</strong></span> <span class='ocrx_word' id='word_1_353' title='bbox 600 2736 692 2764; x_wconf 69' lang='lat' dir='ltr'><strong>verba</strong></span> <span class='ocrx_word' id='word_1_354' title='bbox 712 2739 751 2763; x_wconf 84' lang='lat' dir='ltr'><strong>nt</strong></span> <span class='ocrx_word' id='word_1_355' title='bbox 773 2735 824 2763; x_wconf 83' lang='lat' dir='ltr'><strong>ait</strong></span> <span class='ocrx_word' id='word_1_356' title='bbox 847 2740 901 2763; x_wconf 76' lang='lat' dir='ltr'><strong>ele.</strong></span> <span class='ocrx_word' id='word_1_357' title='bbox 923 2736 1042 2764; x_wconf 78' lang='lat' dir='ltr'><strong>omittit.</strong></span> 
     </span>
    </p>
   </div>
  </div>
 </body>
</html>
