1742 3005
397 49 495 99 Cap.
525 48 663 87 LXIII.
720 49 780 87 De
814 55 944 88 sancto
978 49 1092 88 Petro
1122 50 1287 89 martire.
1457 53 1535 92 277

145 154 326 201 gymnasia
348 152 536 190 Damonem
565 158 600 190 et
624 154 801 200 Syithiam
833 155 1076 203 Pythagoreos
1110 155 1245 191 incolas
1277 155 1412 199 ferunt,
1447 169 1533 204 quo-

144 230 217 254 rum
240 230 349 263 unus,
383 229 459 255 cum
492 225 588 256 esset
618 216 721 255 morti
744 221 988 267 adjudicatus,
1023 221 1368 258 commendandorum
1393 234 1534 259 suorum

143 288 276 330 tempus
298 288 472 332 poposcit.
500 286 683 331 Tyrannus
704 291 817 321 autem
829 288 1065 322 astutissimus
1076 298 1149 322 cum
1170 290 1317 333 reperiri
1336 300 1406 324 non
1424 300 1532 335 posse

143 352 370 394 existimaret,
394 353 531 397 petivit,
555 356 592 386 ut
609 363 814 397 sponsorem
832 352 944 394 daret,
972 354 1030 398 qui
1050 364 1114 397 pro
1134 364 1172 388 se
1198 353 1374 397 feriretur,
1400 357 1431 389 si
1452 357 1530 401 ipse

142 426 271 450 moram
296 416 438 452 faceret.
473 417 563 457 Quid
583 417 626 452 de
648 416 784 452 duobus
801 417 1032 461 praeclarius,
1058 419 1200 453 nescio:
1224 423 1406 466 utrumque
1423 432 1527 467 prae-

141 481 291 516 clarum:
307 482 397 517 alter
414 482 533 517 vadem
546 483 667 516 mortis
681 483 823 523 invenit,
850 482 940 517 alter
954 493 994 517 se
1019 482 1157 518 obtulit.
1203 483 1324 530 Itaque
1349 496 1424 520 cum
1450 498 1530 522 reus

140 557 269 581 moram
286 547 458 592 supplicio
485 546 629 589 faceret,
654 546 844 592 fidejussor
863 558 989 582 sereno
1013 548 1111 583 vultu
1127 553 1271 584 mortem
1296 561 1365 585 non
1389 562 1531 586 recusa-

140 614 200 646 vit.
251 612 334 646 Cum
358 611 555 654 duceretur,
571 614 712 651 xamicus
740 611 904 647 re'versus
932 618 996 656 est,
1021 615 1191 650 cervicem
1219 616 1412 659 substituit,
1438 617 1530 651 colla

139 677 301 722 subJecit.
351 676 451 712 Tunc
476 677 667 713 admiratus
691 682 858 723 tyrannus
890 681 1060 714 cariorem
1084 680 1307 726 philosophis
1342 683 1529 717 amicitiam

139 753 240 788 quam
265 744 370 777 vitam
394 743 517 786 fuisse,
551 745 694 788 petivit,
721 748 759 778 ut
786 746 863 790 ipse
889 745 932 779 ab
961 746 1070 789 ipsis,
1101 756 1188 791 quos
1214 745 1456 790 damnaverat,
1492 749 1529 782 in

138 809 323 842 amicitiam
356 811 592 854 reciperetur:
628 813 759 844 tantam
794 812 932 845 virtutis
970 821 1048 846 esse
1074 813 1246 856 gratiam,
1284 816 1321 846 ut
1346 816 1527 856 tyrannum

138 874 331 908 inclinaret.
374 874 490 921 Digna
503 874 618 917 laude,
645 875 708 910 sed
726 877 861 909 minora
883 877 1034 910 nostris:
1059 886 1137 910 nam
1163 876 1214 910 illi
1239 876 1340 911 ambo
1365 878 1443 920 viri,
1471 877 1529 912 hic

136 949 205 980 una
226 940 340 985 virgo,
368 950 456 985 quae
472 942 583 985 primo
603 942 705 975 etiam
721 951 841 975 sexum
855 942 1030 984 vinceret3
1057 942 1107 976 illi
1124 944 1237 985 amici,
1265 943 1324 976 isti
1342 944 1525 989 incogniti,

136 1005 188 1038 illi
211 1009 358 1050 tyranno
381 1007 440 1039 uui
465 1016 504 1040 se
530 1005 750 1041 obtulernnt:
785 1008 844 1041 isti
880 1009 1036 1052 tyrannis
1069 1007 1226 1052 pluribus
1252 1018 1292 1042 ac
1317 1010 1419 1043 etiam
1447 1019 1525 1043 cru-

136 1070 350 1114 delioribu83
386 1071 479 1116 quod
510 1071 569 1106 ille
602 1073 779 1116 pepercit,
815 1074 874 1106 isti
907 1072 1118 1107 occiderunt.
1170 1073 1264 1108 Inter
1294 1074 1375 1108 illos
1399 1075 1433 1108 in
1458 1086 1526 1109 uno

134 1136 287 1171 obnoxia
299 1138 509 1179 necessitas,
532 1139 567 1172 in
582 1137 636 1171 his
657 1137 836 1172 amborum
863 1139 1023 1173 voluntas
1045 1139 1169 1173 libera.
1220 1138 1292 1173 Hoc
1309 1150 1447 1185 quoque
1467 1142 1526 1174 isti

132 1202 397 1247 prudentiores:
417 1204 499 1248 quia
512 1203 581 1237 illis
594 1203 703 1237 studii
719 1205 773 1238 sui
787 1204 863 1238 finis
875 1205 1047 1239 amicitiae
1058 1206 1186 1250 gratia,
1204 1206 1282 1238 istis
1291 1215 1421 1239 corona
1432 1216 1523 1239 mar-

133 1269 214 1303 tirti.
250 1267 304 1303 Illi
322 1270 410 1303 enim
437 1272 658 1304 certaverunt
681 1269 893 1313 hominibus,
916 1271 975 1304 isti
997 1270 1145 1305 domino.
1197 1270 1290 1306 Haec
1305 1272 1521 1306 Ambrosius.

590 1575 715 1639 GAP.
748 1575 905 1639 mn.
940 1577 1057 1639 (61.)

375 1676 476 1720 De
504 1676 725 1721 sancto
754 1676 949 1722 Petro
979 1675 1258 1723 martire,

219 1786 343 1821 Petrus
362 1786 614 1830 interpretatur
635 1795 834 1832 agnoscens
854 1786 906 1821 vel
930 1787 1163 1822 discalcians:
1182 1786 1237 1822 vel
1257 1786 1382 1820 dicitur
1392 1784 1516 1819 Petrus

129 1856 298 1897 apen-os,
326 1851 420 1896 quod
435 1855 488 1886 est
504 1851 645 1886 firmum.
683 1851 751 1886 Per
765 1851 832 1887 hoc
855 1853 1100 1900 intelliguntur
1115 1855 1184 1887 tria
1198 1852 1398 1898 privilegia,
1426 1860 1516 1896 quae

129 1917 268 1952 suerunt
280 1919 316 1951 in
333 1917 439 1951 beato
459 1916 574 1952 Petro.
600 1916 680 1951 Fuit
696 1918 785 1952 enim
805 1918 1031 1962 praedicator
1052 1920 1221 1965 egregius
1244 1923 1279 1954 et
1293 1917 1372 1952 iude
1390 1917 1518 1951 dicitur

127 1992 342 2028 agnoscens:
377 1983 459 2027 quia
495 1987 529 2017 et
567 1983 757 2026 perfectam
790 1985 1041 2028 scripturarum
1064 1986 1224 2019 notitiam
1256 1977 1447 2018 habuit'et
1482 1984 1516 2016 in

127 2047 412 2093 praedicatione,
441 2046 522 2092 quid
548 2048 672 2092 cuique
695 2051 909 2092 conveniret,
934 2034 1088 2095 agnovit.
1134 2049 1296 2084 Secundo
1324 2048 1391 2081 suit
1413 2048 1515 2093 virgo

127 2114 355 2158 purissimus:
391 2116 426 2147 et
459 2112 540 2147 inde
573 2112 701 2147 dieitur
732 2113 966 2156 discalcians,
1013 2115 1095 2159 quia
1135 2124 1157 2148 a
1189 2113 1339 2159 pedibus
1375 2122 1515 2147 suarum

128 2178 349 2213 affectionum
362 2188 494 2212 omnem
513 2187 664 2212 amorem
686 2183 856 2213 mortuum
877 2178 1098 2213 discalciavit
1112 2183 1145 2214 et
1164 2180 1278 2213 exuit:
1305 2182 1343 2213 ut
1360 2189 1429 2212 non
1455 2188 1514 2213 so-

128 2242 197 2277 lum
213 2253 372 2288 corpore,
397 2242 462 2278 sed
481 2244 584 2278 etiam
604 2248 717 2279 mente
738 2246 837 2290 virgo
855 2248 960 2279 esset.
1013 2244 1137 2279 Tertio
1159 2244 1225 2278 fuit
1243 2246 1366 2278 martir
1384 2244 1512 2278 domini

127 2307 307 2354 gloriosus
343 2312 377 2342 et
401 2308 481 2343 inde
506 2308 572 2344 fuit
597 2308 732 2353 firmus,
768 2311 851 2356 quia
880 2311 1071 2345 martirium
1099 2321 1164 2356 pro
1202 2309 1410 2345 defensione
1433 2307 1515 2342 fidei

128 2376 330 2408 constanter
352 2374 528 2408 sustinuit.

216 2441 260 2476 1.
283 2437 408 2472 Petrus
424 2437 542 2473 Novus
565 2441 687 2474 martir
701 2440 744 2475 de
761 2439 884 2475 ordine
898 2439 1179 2485 praedicatorum
1194 2438 1276 2474 fidei
1290 2439 1388 2486 pugil
1411 2450 1513 2486 egre-

127 2505 208 2550 gius
243 2502 287 2538 de
324 2505 465 2538 civitate
488 2503 682 2538 Veronensi
707 2507 842 2540 exstitit
865 2505 1045 2539 oriundus.
1094 2504 1156 2539 Hic
1188 2508 1363 2551 tamquam
1392 2505 1512 2550 splen-

127 2569 245 2604 didum
268 2569 384 2604 lumen
410 2568 452 2604 (le
478 2569 590 2613 fumo,
616 2570 727 2604 lilium
752 2570 904 2605 candens
931 2569 973 2605 de
998 2569 1175 2614 sentibus,
1200 2570 1329 2605 rubens
1364 2580 1449 2605 rosa
1471 2571 1514 2605 de

127 2636 239 2681 spinis
271 2637 437 2680 exoritur,
476 2634 554 2671 dum
579 2635 622 2671 ‹le
648 2635 852 2681 parentibus
886 2646 949 2681 per
980 2646 1131 2672 errorem
1156 2637 1352 2672 excaecatis
1378 2635 1513 2671 lucidus
