1742 3005
247 137 328 179 240
511 139 607 190 Cap.
639 136 736 175 LIV.
796 135 854 174 De
885 137 1162 176 resurrectione
1194 135 1352 175 domini.

247 247 367 289 multa,
395 246 555 292 quoniam
582 243 704 278 dilexit
729 243 882 277 multum.
931 242 1106 287 Secundo,
1132 248 1169 277 ut
1189 243 1391 279 ostenderet
1411 253 1450 278 se
1472 246 1640 277 mortuum

247 323 310 357 pro
339 309 595 356 peccatoribus.
652 307 779 344 Matth.
806 307 872 343 lX:
908 319 977 342 non
1003 310 1082 343 veni
1108 318 1237 344 vocare
1269 310 1388 353 Justos
1422 309 1484 344 sed
1512 319 1640 354 peeca-

245 382 349 411 tores.
410 376 532 410 Tertio
567 376 651 421 quia
683 375 884 410 meretrices
911 372 1126 419 praecedunt
1160 374 1339 418 sapientes
1365 375 1399 407 in
1424 385 1534 420 regno
1560 385 1641 410 cae-

245 443 366 476 lorum.
416 441 543 476 Matth.
571 441 674 475 XXI:
702 451 801 475 amen
830 440 908 474 dico
935 439 1055 481 vobis,
1093 440 1175 484 quia
1203 439 1403 473 meretrices
1430 440 1642 483 praecedent

246 519 309 542 vos
335 510 370 541 in
395 518 505 553 regno
531 507 706 542 caelorum
727 510 790 542 etc.
839 506 985 547 Quarto,
1011 509 1049 539 ut
1065 506 1155 538 sicut
1176 504 1300 538 mulier
1324 504 1388 538 suit
1408 506 1529 539 nuntia
1550 517 1640 540 mor-

245 576 304 617 tis,
333 575 382 608 ita
409 578 502 608 esset
526 574 648 607 nuntia
672 574 779 614 vitae,
809 571 996 606 secundum
1019 569 1192 605 Glossam.
1230 570 1356 609 Quinto
1381 574 1428 611 ut,
1454 571 1514 604 uhi
1531 570 1641 605 abun—

245 640 342 674 davit
363 640 537 681 delictum,
565 637 870 683 superabundaret
903 641 937 670 et
961 638 1090 681 gratia,
1139 636 1235 670 Sicut
1253 635 1380 669 dicitur
1398 634 1493 670 Rom.
1510 635 1556 671 V:
1585 647 1640 670 se-

245 706 357 740 cundo
385 706 549 750 apparuit
585 703 786 737 mulieribus
814 701 1039 737 redeuntibus
1073 711 1093 736 a
1116 706 1354 744 monumento,
1390 701 1529 746 quando
1555 701 1643 735 dixit

244 773 311 805 iis:
350 775 473 811 avete,
514 774 548 804 et
585 772 809 802 accesserunt
840 772 874 802 et
903 772 1089 801 tenuerunt
1122 767 1230 812 pedes
1265 768 1352 812 ejus.
1401 766 1527 802 Matth.
1556 768 1639 801 ult:

244 840 279 871 et
304 840 421 881 typum
445 838 573 881 gerunt
606 833 804 875 humilium,
843 832 969 877 quihus
994 832 1152 865 dominus
1179 836 1338 876 apparet.
1389 832 1477 866 Tum
1504 835 1639 868 ratione

246 913 364 944 sexus,
389 906 461 935 tum
487 901 623 934 ratione
649 899 809 940 affectus,
837 899 920 943 quia
943 900 1127 932 tenuerunt
1154 896 1263 941 pedes
1289 898 1376 942 ejus.
1426 898 1547 932 Tertio
1576 909 1640 944 ap-

244 969 361 1012 paruit
389 967 542 1007 Simoni,
570 965 632 1000 sed
654 964 713 998 ubi
742 968 776 998 et
798 963 960 1009 quando,
987 963 1165 1004 nescitur,
1190 963 1258 995 nisi
1288 963 1389 1005 forte,
1418 963 1558 1009 quando
1583 975 1639 1000 re-

244 1032 339 1066 dibat
368 1042 388 1066 a
413 1035 632 1065 monumento
666 1040 739 1064 cum
765 1029 934 1064 Johanne.
991 1027 1109 1063 Potuit
1139 1028 1227 1062 enim
1265 1039 1362 1072 esse,
1398 1029 1490 1075 quod
1515 1029 1639 1065 Petrus

245 1107 266 1131 a
288 1097 448 1133 Johanne
474 1096 603 1130 alieubi
629 1095 771 1130 divertit
797 1099 831 1129 et
863 1094 913 1128 ibi
947 1094 1105 1128 dominus
1139 1092 1210 1127 sibi
1244 1096 1429 1140 apparuit,
1463 1096 1549 1130 Lue.
1575 1096 1636 1130 ult.

245 1163 299 1198 vel
329 1163 420 1197 sorte
456 1161 595 1207 quando
631 1161 676 1195 ad
709 1164 963 1195 monumentum
996 1160 1093 1194 solus
1129 1161 1294 1202 intravit,
1332 1162 1423 1195 sieut
1449 1161 1577 1196 dicitur
1602 1163 1638 1196 in

247 1228 405 1274 1155101·ia
430 1227 657 1268 scholastica,
685 1226 740 1261 vel
767 1226 857 1260 sorte
884 1227 918 1259 in
942 1235 1049 1260 cavea
1067 1227 1141 1260 sive
1167 1225 1343 1270 spelunea.
1391 1225 1530 1261 Dicitur
1547 1229 1636 1263 enim

242 1296 279 1329 in
304 1294 427 1329 iisdem
445 1293 625 1338 hystoriis,
652 1292 758 1338 quod,
785 1291 924 1337 quando
946 1290 1119 1326 Christum
1136 1293 1291 1337 negavit,
1315 1291 1404 1337 sugit
1421 1294 1456 1327 in
1480 1304 1635 1334 caveam,

244 1370 333 1406 quae
369 1359 471 1393 modo
503 1358 630 1392 dicitur
656 1356 894 1399 Gallicantus,
928 1359 963 1391 in
1000 1366 1087 1402 qua,
1123 1360 1161 1391 ut
1193 1356 1338 1399 dicitur,
1371 1369 1435 1403 per
1460 1363 1533 1394 tres
1559 1360 1634 1395 dies

243 1426 352 1468 flevit,
379 1436 422 1460 ex
448 1436 489 1459 eo
515 1424 609 1469 quod
635 1424 808 1458 Christum
836 1424 979 1469 negavit
1001 1427 1035 1457 et
1059 1422 1109 1456 ibi
1134 1422 1293 1457 Christus
1320 1423 1389 1457 sibi
1413 1427 1577 1469 apparuit
1601 1430 1636 1461 et

243 1502 319 1525 eum
347 1491 570 1525 confortavit.
608 1489 732 1524 Petrus
744 1494 858 1524 autem
878 1490 1129 1534 interpretatur
1147 1488 1315 1523 obediens
1341 1494 1375 1524 et
1399 1492 1493 1536 gerit
1516 1495 1634 1536 typum

245 1556 495 1597 obedientium,
518 1556 553 1601 ¹)
568 1557 650 1601 quia
675 1556 725 1589 illi
745 1555 903 1589 dominus
922 1558 1081 1599 apparet.
1122 1554 1252 1594 Quarto
1270 1556 1435 1599 apparuit
1454 1555 1636 1601 discipulis

243 1623 276 1655 in
302 1621 428 1655 Emaus
444 1648 452 1662 ,
494 1621 586 1666 quod
612 1623 860 1665 interpretatur
882 1620 1095 1655 desiderium
1120 1620 1259 1654 consilii
1283 1624 1318 1655 et
1342 1620 1516 1666 significat
1546 1632 1634 1667 pau-

244 1698 346 1731 peres
373 1685 523 1728 Christi,
551 1688 609 1731 qui
635 1687 755 1720 volunt
780 1686 866 1720 illud
896 1686 1079 1720 eonsilium
1105 1686 1315 1731 adimplere:
1342 1686 1432 1721 vade
1459 1691 1493 1722 et
1522 1688 1633 1723 vende

243 1754 376 1793 omnia,
416 1762 504 1797 quae
531 1751 640 1785 habes
676 1755 710 1785 et
738 1750 784 1785 da
818 1750 1032 1795 pauperibus
1060 1756 1129 1785 ete.
1180 1752 1308 1791 Quinto
1338 1754 1503 1797 apparuit
1524 1753 1631 1788 disci-

242 1818 334 1862 pulis
362 1818 588 1863 congregatis
618 1818 651 1850 in
677 1827 777 1850 unum
803 1821 837 1851 et
861 1815 1037 1860 significat
1054 1816 1243 1861 religiosos
1271 1828 1346 1851 cum
1374 1819 1510 1853 foribus
1532 1821 1633 1865 quin-

242 1895 308 1928 que
347 1893 508 1917 sensuum
537 1883 688 1916 clausos.
737 1881 815 1916 Joh.
853 1880 931 1915 XX.
993 1881 1065 1916 Hae
1094 1883 1244 1926 quinque
1279 1885 1518 1927 apparitiones
1555 1886 1633 1929 ipsa

241 1949 296 1984 die
322 1949 588 1983 resurrectionis
616 1949 729 1982 sactae
756 1952 835 1982 sunt
863 1952 897 1982 et
922 1947 986 1982 has
1013 1951 1255 1992 repraesentat
1272 1947 1439 1983 sacerdos
1466 1950 1499 1982 in
1524 1951 1633 1984 missa

240 2016 425 2059 quinquies
453 2024 490 2048 se
516 2018 654 2048 vertens
680 2013 724 2047 ad
753 2013 928 2058 populum.
979 2013 1048 2048 Sed
1072 2014 1178 2047 tertia
1203 2013 1319 2046 versio
1345 2017 1400 2047 est
1423 2023 1498 2047 eum
1522 2015 1630 2049 silen-

238 2081 309 2122 tio,
357 2081 441 2125 quia
465 2079 639 2125 significat
664 2081 801 2113 tertiam
836 2079 1091 2123 apparitionem
1117 2078 1245 2112 factam
1278 2077 1404 2121 Petro,
1439 2088 1527 2124 quae
1551 2090 1631 2114 nes—

238 2147 328 2179 citur
352 2145 410 2179 ubi
439 2145 493 2179 vel
519 2144 658 2190 quando
695 2144 790 2178 sacta
816 2130 930 2178 suerit.
988 2144 1095 2179 Sexto
1129 2144 1293 2188 apparuit
1319 2147 1443 2178 octava
1475 2143 1532 2179 die
1557 2144 1631 2179 dis-

237 2212 364 2256 cipulis
391 2212 617 2256 congregatis
645 2214 830 2254 praesente
858 2209 1017 2247 Thoma,
1048 2211 1106 2255 qui
1132 2210 1290 2251 dixerat,
1331 2220 1368 2244 se
1394 2219 1461 2242 non
1487 2209 1631 2245 eredere

239 2278 307 2310 nisi
332 2276 478 2317 videret,
507 2280 541 2310 et
567 2274 743 2320 significat
769 2274 985 2309 haesitantes
1009 2276 1044 2308 in
1071 2274 1148 2309 fide.
1183 2274 1261 2309 Joh.
1280 2273 1357 2308 XX.
1384 2274 1539 2318 Septimo
1559 2273 1631 2309 dis-

239 2341 363 2386 cipulis
400 2340 629 2385 piscantibus.
685 2339 834 2374 Johann.
872 2340 953 2380 ult.;
988 2344 1022 2374 et
1057 2340 1234 2385 significat
1267 2339 1538 2384 praedicantes,
1573 2341 1632 2385 qui

238 2410 318 2441 sunt
361 2407 557 2450 piscatores
599 2404 783 2438 hominum.
848 2404 982 2439 Octavo
1021 2403 1203 2450 discipulis
1244 2406 1277 2439 in
1321 2409 1434 2439 monte
1472 2403 1628 2438 Thabor.

237 2473 362 2508 Mattb.
391 2472 476 2513 ult.;
513 2474 547 2506 et
574 2470 752 2515 significat
791 2470 1101 2514 contemplativos,
1135 2473 1218 2516 quia
1244 2471 1277 2504 in
1310 2469 1491 2514 praedicto
1517 2472 1629 2503 monte

239 2537 508 2583 transfiguratus
539 2536 612 2570 suit.
661 2535 761 2570 Nouo
789 2535 946 2570 undecim
976 2536 1157 2582 discipulis
1183 2534 1463 2571 recumbentibus
1489 2535 1522 2567 in
1548 2543 1629 2567 coe-

239 2604 382 2644 naculo,
419 2601 479 2636 uhi
509 2603 543 2635 in
578 2600 820 2636 credulitatem
847 2611 964 2635 eorum
992 2605 1025 2635 et
1053 2600 1214 2635 duritiam
1241 2599 1358 2635 cordis
1391 2596 1629 2642 exprobravit.

311 2744 336 2777 1)
356 2746 478 2771 necent.
498 2744 685 2778 praeferunt:
706 2743 851 2777 quibus
872 2743 1026 2771 dominu
1036 2752 1058 2771 s.
