1742 3005
226 108 279 145 44
346 111 439 157 (clap.
470 107 533 143 vl.
593 107 649 143 De
682 107 872 143 nativitate
904 106 1046 142 domini
1077 108 1192 143 nostri
1222 108 1309 144 Jesn
1343 107 1497 143 Christi.

225 214 302 246 dam
327 216 474 246 montem
501 210 702 249 orantibus,
751 211 855 244 stella
882 210 1052 254 quaedam
1072 212 1175 255 Juxta
1201 222 1261 245 eos
1286 214 1471 256 apparuit,
1521 223 1609 256 quae

226 280 368 312 sormam
405 278 502 321 pueri
540 274 760 319 pulcherrimi
793 273 947 309 habehat
978 279 1012 309 et
1036 277 1069 308 in
1096 277 1172 320 ejus
1198 278 1311 320 capite
1336 288 1420 311 crux
1448 277 1608 322 splende-

225 343 294 377 bat.
354 343 419 381 Qui
444 350 567 385 magos
595 340 778 384 alloquens
814 339 922 381 dixit,
973 344 1008 373 ut
1033 342 1067 373 in
1091 340 1261 375 Judaeum
1289 347 1476 387 pergerent
1503 347 1537 377 et
1562 342 1609 376 ibi

224 412 337 441 natum
364 416 506 450 puerum
533 406 737 440 invenirent.
806 404 843 438 ln
870 406 948 449 ipsa
984 406 1088 440 etiam
1117 406 1172 440 die
1196 411 1268 441 tres
1297 407 1390 440 soles
1415 408 1449 440 in
1476 410 1609 442 oriente

223 475 476 517 apparuerunt,
522 472 581 515 qui
613 471 779 515 paulatini
817 472 852 504 in
885 481 986 504 unum
1021 481 1148 515 eorpus
1177 471 1294 506 solare
1328 471 1492 507 redactae
1519 478 1608 507 sunt.

224 539 288 573 l'er
321 537 413 583 quod
438 536 665 582 signabatur,
711 536 803 581 quod
824 537 905 570 trini
934 540 968 570 et
992 537 1091 570 unius
1115 537 1178 571 Dei
1202 538 1326 570 notitia
1350 537 1426 571 orbi
1455 539 1606 573 immine

222 604 303 646 bat,
335 604 389 638 vel
416 604 498 647 quia
522 606 623 636 natus
653 606 728 636 crat
754 602 832 643 ille,
869 603 903 635 in
930 612 996 646 quo
1018 603 1109 643 tria,
1144 602 1276 636 scilicet
1300 603 1434 645 anima,
1470 613 1551 637 caro
1576 608 1609 637 et

223 670 386 703 divinitas
416 670 450 702 in
482 678 582 702 unam
610 678 794 713 personam
819 671 1065 701 convenerunt.
1114 667 1150 701 In
1175 666 1341 712 hystoriis
1368 672 1481 703 tamen
1507 669 1633 703 schor

221 735 353 768 lasticis
381 733 525 773 dicitur,
576 733 669 777 quod
704 744 773 766 non
808 735 886 776 ipsa
913 732 968 766 die
994 733 1189 766 nativitatis
1214 737 1287 767 tres
1314 733 1406 768 soles
1433 744 1606 779 apparue>

222 804 319 841 runt,
345 799 406 833 scd
432 803 511 832 ante
537 809 598 843 per
626 797 768 842 aliquod
793 802 949 841 tempus7
977 798 1109 831 scilicet
1135 802 1214 842 post
1239 803 1382 833 mortem
1407 799 1490 834 Julii
1521 801 1607 835 (lae—

222 866 325 906 saris,
350 864 442 909 quod
465 863 637 898 Eusebius
664 865 697 896 in
725 862 896 897 Chronica
922 865 1058 899 asserit.
1136 863 1348 897 Octavianus
1377 866 1519 909 insuper
1547 867 1605 899 im-

222 915 364 974 perator
397 930 452 974 (ut
477 931 525 963 ait
550 929 769 963 Innocentius
799 938 893 973 papa
915 929 1058 973 tertius)
1094 930 1256 963 universo
1285 929 1369 964 orbe
1394 929 1515 964 ditioni
1540 930 1606 965 Ro<

222 1006 344 1030 manae
369 994 558 1040 subjugato
584 996 617 1027 in
642 998 773 1028 tantum
799 995 935 1029 senatui
962 994 1112 1038 placuit,
1141 998 1177 1028 ut
1202 1005 1277 1029 eum
1302 1006 1365 1039 pro
1392 995 1465 1030 Deo
1493 997 1608 1031 colere.

221 1062 360 1096 vellent.
408 1060 563 1095 Prudens
589 1064 701 1095 autem
727 1062 916 1104 imperator
939 1070 976 1094 se
1001 1061 1179 1094 mortalem
1206 1060 1405 1106 intelligens
1432 1062 1607 1096 innnorta-

190 1128 195 1169 ]
221 1128 330 1161 litatis
355 1137 479 1160 nomen
504 1126 570 1160 sibi
595 1126 707 1160 noluit
734 1136 917 1170 usurpare.
967 1126 1021 1160 Ad
1048 1125 1182 1159 illorum
1211 1128 1411 1160 instantiam
1439 1127 1606 1172 Sibyllam

219 1192 477 1238 prophetissam
503 1191 673 1234 advocat,
700 1194 789 1226 seire
818 1191 938 1226 volens
966 1202 1026 1235 per
1054 1193 1130 1236 ejus
1157 1192 1319 1233 oracula,
1355 1202 1397 1225 an
1422 1194 1457 1225 in
1482 1193 1607 1226 mundo

221 1259 334 1303 maJor
357 1268 397 1292 eo
426 1257 614 1302 aliquando
643 1261 855 1305 nasceretur.
894 1257 976 1291 Cum
1001 1268 1087 1303 ergo
1116 1260 1147 1291 in
1177 1257 1232 1292 die
1259 1259 1453 1291 nativitatis
1480 1257 1606 1292 domini

221 1324 401 1358 consilium
427 1334 533 1367 super
556 1322 621 1356 hac
646 1334 682 1357 re
707 1327 936 1357 convocasset
960 1327 994 1357 et
1021 1322 1154 1368 Sif’bfla
1177 1324 1255 1357 sola
1280 1325 1314 1356 in
1336 1333 1475 1358 camera
1500 1326 1606 1368 impc-

221 1391 348 1424 ratoris
382 1389 534 1423 oraculis
568 1390 764 1429 insisteret,
816 1390 850 1421 in
883 1388 938 1422 die
974 1387 1088 1422 media
1119 1389 1268 1423 circulus
1293 1399 1419 1423 aureus
1445 1391 1609 1434 apparuit

220 1458 312 1490 eirca
337 1455 445 1490 solem
472 1459 505 1489 et
529 1456 564 1488 in
589 1454 702 1489 medio
728 1454 847 1489 circuli
872 1455 973 1500 virgo
1002 1454 1252 1499 pulcherrima,
1298 1465 1440 1499 puerum
1465 1459 1608 1501 gestans

219 1591 275 1620 tor
299 1586 343 1620 ad
368 1585 581 1630 praedictam
607 1572 775 1620 visionem
807 1585 987 1630 plurimum
1022 1585 1272 1626 admiraretur,
1324 1585 1458 1619 audivit
1491 1596 1606 1620 vocem

221 1652 390 1687 dicentem
416 1651 502 1685 sibi:
551 1650 637 1686 haec
664 1655 715 1685 est
741 1661 803 1685 ara
831 1652 939 1694 coeli,
989 1651 1146 1695 dixitque
1180 1652 1211 1684 ei
1238 1649 1388 1703 Si-hylla:
1440 1650 1494 1684 hic
1521 1662 1607 1696 puer

221 1721 332 1764 maj01·
354 1725 388 1753 te
413 1722 466 1753 est
491 1721 523 1752 et
548 1717 626 1751 ideo
653 1719 764 1762 ipsum
790 1717 911 1751 adora.
960 1716 1090 1751 Eadem
1118 1720 1229 1750 autem
1257 1701 1395 1751 can-iera
1421 1718 1453 1750 in
1474 1716 1606 1752 honore

220 1786 370 1820 Sanctae
396 1784 532 1819 Mariae
560 1783 721 1817 dedicata
745 1787 809 1825 est,
837 1782 926 1817 unde
951 1792 1061 1827 usque
1088 1781 1191 1816 hodie
1205 1781 1330 1815 dicitur
1344 1782 1473 1816 Sancta
1489 1782 1603 1817 Maria

219 1853 291 1886 Ara
317 1850 424 1884 Coeli.
496 1849 697 1894 Intelligens
723 1851 832 1895 igitur
855 1851 1065 1893 imperator,
1116 1846 1208 1892 quod
1233 1847 1287 1881 hic
1317 1858 1402 1891 puer
1426 1849 1538 1892 major
1569 1859 1606 1882 se

219 1921 315 1957 erat,
364 1917 395 1950 ei
420 1914 523 1949 thura
549 1914 673 1948 obtulit
706 1919 739 1950 et
765 1915 856 1949 lleus
883 1914 924 1949 de
948 1919 1089 1948 caetero
1119 1913 1185 1947 dici
1212 1914 1396 1947 recusavit.
1466 1913 1516 1948 De
1542 1912 1604 1947 hoc

219 1986 332 2016 autem
358 1982 503 2015 Orosius
529 1982 578 2014 ita
605 1980 705 2014 dicit:
745 1981 927 2015 Octaviani
956 1984 1112 2024 tempore
1146 1978 1234 2013 hora
1263 1979 1400 2013 circiter
1419 1980 1523 2013 tertia
1551 1989 1603 2013 re-

220 2052 321 2092 pente
353 2047 451 2081 coelo
477 2046 609 2091 liquido
644 2056 683 2080 ac
717 2057 803 2091 puro
837 2050 870 2081 et
904 2042 1028 2081 se'rcno
1065 2045 1213 2079 circulus
1248 2044 1292 2078 ad
1316 2046 1466 2089 speeiem
1491 2045 1604 2079 coele—

219 2116 281 2147 stis
313 2116 343 2156 ¹)
370 2112 516 2157 alicujus
546 2122 647 2146 arcus
673 2111 908 2160 orhenrsolis
942 2111 1106 2152 ambivit,
1162 2111 1265 2155 quasi
1298 2114 1462 2145 venturus
1496 2114 1603 2152 esset,

219 2180 277 2224 qui
313 2180 424 2222 ipsum
459 2178 566 2211 solem
609 2178 704 2212 solus
740 2177 968 2221 mundumque
1001 2180 1108 2210 totum
1144 2180 1177 2209 et
1213 2175 1355 2209 fecisset
1387 2179 1421 2209 et
1453 2179 1604 2220 regeret.

220 2244 310 2278 llaec
337 2243 493 2277 Orosius.
552 2242 643 2277 Idem
671 2245 720 2276 ait
745 2242 945 2286 Eutropius.
1002 2241 1122 2276 Refert
1148 2250 1285 2285 quoque
1311 2239 1514 2274 Timotheus
1543 2239 1602 2284 hy-
1641 2240 1644 2244 ’

219 2307 499 2352 storiographus,
542 2319 580 2342 se
606 2310 639 2341 in
667 2309 818 2351 antiquis
847 2307 1075 2341 Romanorum
1103 2305 1269 2350 hystoriis
1292 2307 1479 2347 invenisse,
1512 2306 1603 2351 quod

220 2377 432 2410 Octavianus
457 2373 601 2407 XXXV.
630 2375 729 2419 regni
750 2384 840 2406 anno
867 2372 1066 2417 capitolium
1095 2370 1276 2406 adscendit
1299 2374 1333 2405 et
1360 2373 1436 2416 quis
1464 2375 1543 2415 post
1567 2381 1604 2405 se

220 2442 464 2487 rempublicam
491 2439 716 2484 gubernaret,
744 2449 764 2473 a
792 2439 865 2473 lliis
888 2438 1037 2473 sollicite
1062 2438 1245 2482 requisivit
1269 2441 1303 2471 et
1331 2437 1463 2471 audivit
1487 2447 1602 2470 vocem

220 2509 284 2541 sihi
312 2508 499 2541 dicentem:
548 2516 633 2549 puer
658 2504 842 2539 aethereus
869 2516 910 2539 ex
935 2505 1007 2539 Deo
1034 2506 1192 2542 vivente,
1225 2505 1299 2538 sine
1327 2507 1480 2547 tempore
1505 2503 1600 2546 geni-

220 2580 295 2613 tus,
330 2584 396 2605 non
432 2571 570 2605 multum
599 2576 677 2615 post
702 2581 744 2605 ex
772 2573 975 2605 intemerata
1002 2571 1137 2614 virgine
1164 2569 1254 2604 Deus
1281 2568 1380 2603 homo
1410 2568 1605 2601 nasciturus

296 2720 319 2743 Η
343 2719 394 2744 tid.
416 2718 506 2743 Prin«.
530 2716 612 2742 mldn
634 2726 647 2740 n
662 2717 823 2748 lirnjns.
846 2716 895 2741 sed
919 2715 993 2742 inalo
1014 2714 1122 2741 oniin'n
1145 2721 1265 2740 urens,

1708 1572 1738 1852 ἛΞἪΨ“““·’··
1718 1539 1720 1543 ’
1722 1505 1731 1514 .
