1742 3005
246 79 300 118 94
517 82 609 132 Cap.
643 80 723 117 XV.
794 81 850 118 De
885 88 1014 118 saneto
1048 81 1170 119 Paulo
1202 83 1372 119 eremita.

243 186 420 222 redierunt
447 191 479 221 et
506 188 538 220 in
565 185 703 221 Christo
731 188 944 231 (piieverunt.
988 186 1114 222 Horum
1138 192 1254 223 autum
1278 198 1427 234 corpora
1441 187 1633 223 Mediolani

245 257 279 288 et
305 255 338 287 in
358 253 519 290 eeclesia,
544 246 747 296 quae'mine
773 255 827 287 est
846 252 878 295 ¹)
903 250 1047 286 fratrum
1073 254 1364 298 praedicatorum,
1394 253 1632 299 (pileseebant,

244 319 304 353 sed
331 328 417 351 nun(-
445 316 612 351 Coloniae
648 319 881 362 requiescunt.
933 319 969 360 ²)
1005 318 1091 353 Nam
1118 329 1236 353 eorum
1260 329 1410 364 corpora
1435 321 1545 363 primo
1573 329 1636 363 per

245 384 422 426 Helenam,
453 383 840 426 Constantinimatrem,
866 388 969 429 rapta
994 386 1076 419 etin
1097 384 1434 429 Constantinopolim
1449 384 1633 424 translata,

245 453 369 494 postea
397 458 460 493 per
495 453 651 483 sanetum
682 445 1146 496 Eustorgium‘episcopum
1177 450 1414 485 MedIolanum
1450 450 1636 492 translata,

243 515 305 549 sed
332 526 396 560 per
420 515 602 549 Henrieutn
628 517 894 560 imperatorem,
930 521 1115 562 postquam
1142 516 1379 552 Mediolanum
1406 515 1578 561 possedit,
1604 517 1636 549 in

245 581 424 615 Coloniam
449 591 555 626 super
580 580 734 617 Rhenum
759 582 897 616 fluvium
924 586 1003 617 sunt
1029 582 1166 621 delata,
1217 582 1274 617 ubi
1314 583 1346 615 in
1383 591 1511 627 magna
1537 591 1634 616 reve-

245 649 357 681 rentia
382 652 415 682 et
440 648 559 692 populi
587 647 773 683 devotione
796 652 992 682 coruscant.

811 968 935 1029 etr.
983 969 1071 1029 XV.

479 1068 578 1112 De
609 1070 830 1113 saneto
861 1069 1069 1130 Paulo
1102 1060 1393 1113 eremita.

331 1174 460 1209 Paulus
485 1178 616 1220 primus
639 1179 803 1220 eremita,
831 1181 867 1211 ut
892 1182 1041 1212 testatur
1066 1177 1292 1223 Hieronymus
1309 1206 1316 1219 ‚
1345 1179 1403 1223 qui
1431 1178 1507 1223 ejus
1534 1178 1636 1212 vitam

243 1242 474 1285 conseripsit,
524 1241 680 1277 fervente
715 1243 811 1278 Decii
846 1245 1089 1288 perseeutione
1117 1254 1264 1278 eremum
1292 1246 1524 1279 vastissimum
1551 1242 1637 1277 adiit

243 1306 362 1351 ibique
388 1307 422 1340 in
448 1308 595 1352 quadam
623 1309 790 1353 spelunea
813 1308 878 1343 LX
903 1311 1003 1343 annis
1028 1308 1224 1343 hominibus
1252 1311 1449 1355 incognitus
1476 1319 1635 1354 perman-

243 1375 300 1408 sit.
348 1372 418 1407 Iste
445 1377 559 1408 antem
583 1374 709 1409 Decius
738 1374 864 1408 dieitur
892 1374 1001 1410 fuisse
1029 1374 1228 1417 Gallienus,
1277 1377 1333 1420 qui
1364 1375 1427 1409 snit
1450 1375 1636 1414 binomius,

244 1441 302 1485 (1111
328 1441 444 1484 eoepit
471 1449 560 1473 anuo
587 1439 717 1474 domini
745 1439 891 1476 (JGLVI.
941 1440 1072 1475 Videtis
1101 1442 1191 1475 enim
1215 1445 1356 1476 sanetus
1380 1441 1510 1476 Paulus
1535 1440 1635 1476 Chri-

244 1507 369 1540 stianis
394 1509 447 1539 tot
472 1509 720 1540 tormentorum
747 1515 881 1551 genera
900 1507 1054 1551 irrogari
1081 1508 1115 1540 in
1141 1518 1290 1541 eremum
1313 1507 1462 1553 aufugit.
1509 1505 1561 1542 Eo
1588 1507 1636 1540 si-

245 1571 383 1616 quidem
408 1574 565 1615 tempore
591 1571 658 1604 duo
686 1574 836 1615 juvenes
871 1571 1052 1605 christiani
1083 1572 1441 1616 comprehemluntur‚
1492 1583 1636 1617 quorum

245 1647 332 1671 unus
355 1640 430 1671 toto
450 1646 598 1681 corpore
624 1637 724 1671 melle
745 1638 951 1683 perungitur
975 1641 1009 1670 et
1037 1638 1100 1671 51111
1121 1637 1248 1672 ardore
1274 1637 1360 1671 solis
1385 1638 1517 1673 aculeis
1543 1649 1635 1672 mus-

243 1713 360 1737 earum
386 1706 420 1737 et
443 1702 644 1737 strabonum
670 1707 704 1738 et
730 1713 913 1748 vesparum
937 1702 1146 1737 lacerandus
1170 1704 1366 1747 exponitur.
1426 1704 1527 1739 Alter
1551 1715 1634 1739 vero

244 1768 448 1803 mollissimo
483 1768 574 1802 lecto
600 1770 789 1814 imponitur
815 1773 849 1803 et
876 1769 910 1802 111
934 1762 1010 1803 loco
1046 1769 1290 1803 amoenissimo
1316 1769 1529 1812 collocatur,
1575 1769 1633 1804 ubi

244 1836 338 1869 aeris
362 1838 439 1868 erat
463 1836 663 1879 temper-les,
692 1836 842 1869 rivorum
870 1836 1026 1877 sonitus,
1050 1838 1172 1868 cantus
1197 1835 1312 1869 avium
1338 1838 1372 1869 et
1396 1835 1517 1869 florum
1543 1835 1633 1869 olfa-

242 1904 338 1942 ctus;
386 1899 525 1934 funibus
557 1904 672 1935 tamen
706 1901 824 1936 floreis
849 1900 1026 1935 coloribus
1053 1899 1202 1934 obtectiS
1228 1901 1278 1934 sie
1297 1900 1440 1945 juvenis
1466 1902 1632 1946 cingitur,

244 1970 281 2000 ut
306 1964 463 2000 manibus
492 1966 546 2000 vel
572 1965 720 2010 pedihus
748 1977 786 2001 se
805 1967 934 2011 juvare
961 1977 1029 2000 11011
1056 1970 1189 2011 posset.
1243 1966 1354 2000 Adest
1380 1966 1551 2011 quaedam
1572 1968 1630 2012 ju-

243 2031 389 2067 vencula
414 2041 561 2076 corpore
593 2031 826 2076 pulcherrima
858 2036 893 2067 et
920 2031 1094 2077 impudica
1119 2041 1159 2065 ae
1185 2031 1356 2077 impudice
1380 2035 1508 2066 tractat
1528 2033 1631 2077 juve-

243 2108 318 2133 nem
344 2097 405 2132 Dei
433 2107 551 2132 amore
580 2097 759 2142 repletum.
831 2098 913 2132 Cum
939 2102 1053 2133 autem
1079 2097 1137 2132 ille
1165 2098 1199 2131 in
1222 2107 1327 2132 earne
1353 2101 1465 2131 motus
1492 2101 1630 2132 contra-

241 2165 314 2197 rios
338 2163 467 2196 rationi
492 2164 682 2205 sensisset,
710 2174 777 2197 non
803 2156 936 2199 habens
961 2173 1075 2205 arma,
1110 2162 1235 2207 quibus
1259 2162 1304 2196 ab
1330 2161 1430 2197 hoste
1454 2173 1492 2198 se
1507 2167 1630 2216 tertiat,

242 2229 395 2274 linguam
429 2228 606 2272 propriam
642 2227 803 2262 dentibus
837 2231 909 2263 suis
933 2228 1054 2262 incidit
1079 2232 1113 2262 et
1139 2229 1172 2261 111
1201 2227 1322 2261 faeiem
1349 2227 1543 2272 impudicae
1570 2239 1629 2262 ex-

242 2295 337 2339 spuit
360 2298 394 2328 et
426 2294 476 2327 sic
510 2294 737 2327 tentationem
775 2293 875 2327 dolor
910 2294 1047 2339 fugarit
1071 2297 1104 2328 et
1128 2292 1333 2338 trophaetun
1360 2292 1463 2327 laude
1489 2293 1629 2339 dignum

242 2360 443 2405 promeruit.
513 2357 639 2392 Horum
672 2362 706 2393 et
740 2358 886 2394 aliorum
920 2360 1041 2403 poenis
1066 2363 1206 2392 sanctus
1232 2358 1360 2393 Paulus
1386 2359 1527 2393 territus
1554 2369 1629 2393 ere-

243 2436 329 2459 mum
357 2425 468 2470 petiit.
534 2423 584 2458 Eo
612 2428 767 2469 tempore
795 2436 868 2459 eum
903 2425 1072 2459 Antonius
1096 2425 1241 2468 primum
1267 2433 1304 2458 se
1331 2424 1419 2457 inter
1444 2423 1630 2458 monachos

312 2612 339 2643 1)
360 2610 412 2637 1-311.
433 2614 503 2638 Rec.
524 2611 611 2643 legit:
631 2621 729 2645 qnae
751 2622 764 2638 n
778 2622 793 2637 11
806 2620 848 2637 nc
869 2615 928 2637 est
947 2610 1112 2636 fratrum
1132 2609 1281 2635 ordinis
1301 2609 1446 2641 nostri,
1467 2608 1630 2635 scilicet

243 2656 403 2682 fratrum
423 2656 757 2689 praedicatorum.
893 2656 922 2688 2)
949 2658 1028 2681 nave
1055 2658 1116 2681 tota
1136 2653 1278 2688 periodus
1298 2652 1381 2679 donst
1404 2652 1431 2679 in
1454 2652 1507 2682 Ed.
1526 2652 1629 2685 Ptine„

244 2710 320 2733 quae
339 2700 396 2727 hoc
415 2709 480 2734 cap.
498 2700 664 2726 vocabulo:
685 2700 940 2733 requiescunt
962 2698 1082 2725 claudit.
