<?xml version="1.0" encoding="UTF-8"?>
<!DOCTYPE html PUBLIC "-//W3C//DTD XHTML 1.0 Transitional//EN"
    "http://www.w3.org/TR/xhtml1/DTD/xhtml1-transitional.dtd">
<html xmlns="http://www.w3.org/1999/xhtml" xml:lang="en" lang="en">
 <head>
  <title>
</title>
<meta http-equiv="Content-Type" content="text/html;charset=utf-8" />
  <meta name='ocr-system' content='tesseract 3.04.00' />
  <meta name='ocr-capabilities' content='ocr_page ocr_carea ocr_par ocr_line ocrx_word'/>
</head>
<body>
  <div class='ocr_page' id='page_1' title='image "./legendaaureavulg00jacouoft_0789.png"; bbox 0 0 1742 3005; ppageno 0'>
   <div class='ocr_carea' id='block_1_1' title="bbox 275 88 1478 144">
    <p class='ocr_par' dir='ltr' id='par_1_1' title="bbox 275 88 1478 144">
     <span class='ocr_line' id='line_1_1' title="bbox 275 88 1478 144; baseline 0.003 -17"><span class='ocrx_word' id='word_1_1' title='bbox 275 90 372 140; x_wconf 77' lang='lat' dir='ltr'>Cap.</span> <span class='ocrx_word' id='word_1_2' title='bbox 405 88 574 127; x_wconf 72' lang='lat' dir='ltr'>CLXVI.</span> <span class='ocrx_word' id='word_1_3' title='bbox 651 89 710 127; x_wconf 85' lang='lat' dir='ltr'>De</span> <span class='ocrx_word' id='word_1_4' title='bbox 740 97 871 127; x_wconf 83' lang='lat' dir='ltr'>saneto</span> <span class='ocrx_word' id='word_1_5' title='bbox 900 89 1068 129; x_wconf 88' lang='lat' dir='ltr'>Martino</span> <span class='ocrx_word' id='word_1_6' title='bbox 1098 92 1293 144; x_wconf 77' lang='lat' dir='ltr'>episcope.</span> <span class='ocrx_word' id='word_1_7' title='bbox 1397 91 1478 132; x_wconf 73' lang='lat'>749</span> 
     </span>
    </p>
   </div>
   <div class='ocr_carea' id='block_1_2' title="bbox 85 192 1494 2739">
    <p class='ocr_par' dir='ltr' id='par_1_2' title="bbox 85 192 1494 2739">
     <span class='ocr_line' id='line_1_2' title="bbox 87 192 1478 245; baseline 0.004 -17"><span class='ocrx_word' id='word_1_8' title='bbox 87 203 150 237; x_wconf 87' lang='lat' dir='ltr'>per</span> <span class='ocrx_word' id='word_1_9' title='bbox 174 192 329 239; x_wconf 81' lang='lat' dir='ltr'><strong>Ligerim</strong></span> <span class='ocrx_word' id='word_1_10' title='bbox 357 195 501 241; x_wconf 88' lang='lat' dir='ltr'>navigio</span> <span class='ocrx_word' id='word_1_11' title='bbox 527 195 572 229; x_wconf 90' lang='lat' dir='ltr'>ad</span> <span class='ocrx_word' id='word_1_12' title='bbox 597 195 717 231; x_wconf 84' lang='lat' dir='ltr'>urbem</span> <span class='ocrx_word' id='word_1_13' title='bbox 744 195 955 231; x_wconf 83' lang='lat' dir='ltr'>Turonicam</span> <span class='ocrx_word' id='word_1_14' title='bbox 988 208 1063 232; x_wconf 86' lang='lat' dir='ltr'>eum</span> <span class='ocrx_word' id='word_1_15' title='bbox 1095 207 1222 244; x_wconf 86' lang='lat' dir='ltr'>magno</span> <span class='ocrx_word' id='word_1_16' title='bbox 1258 199 1389 245; x_wconf 86' lang='lat' dir='ltr'>gaudio</span> <span class='ocrx_word' id='word_1_17' title='bbox 1416 199 1478 235; x_wconf 64' lang='lat' dir='ltr'>de«</span> 
     </span>
     <span class='ocr_line' id='line_1_3' title="bbox 87 259 1479 309; baseline 0.006 -18"><span class='ocrx_word' id='word_1_18' title='bbox 87 262 259 303; x_wconf 83' lang='lat' dir='ltr'>portatur.</span> <span class='ocrx_word' id='word_1_19' title='bbox 307 259 438 295; x_wconf 81' lang='lat' dir='ltr'>Beatus</span> <span class='ocrx_word' id='word_1_20' title='bbox 465 265 577 296; x_wconf 87' lang='lat' dir='ltr'>autem</span> <span class='ocrx_word' id='word_1_21' title='bbox 606 262 796 297; x_wconf 87' lang='lat' dir='ltr'>Severinus</span> <span class='ocrx_word' id='word_1_22' title='bbox 825 263 1046 298; x_wconf 83' lang='lat' dir='ltr'>Coloniensis</span> <span class='ocrx_word' id='word_1_23' title='bbox 1080 266 1286 309; x_wconf 88' lang='lat' dir='ltr'>episcopus,</span> <span class='ocrx_word' id='word_1_24' title='bbox 1321 275 1395 299; x_wconf 86' lang='lat' dir='ltr'>cum</span> <span class='ocrx_word' id='word_1_25' title='bbox 1422 265 1479 301; x_wconf 88' lang='lat' dir='ltr'>die</span> 
     </span>
     <span class='ocr_line' id='line_1_4' title="bbox 86 324 1481 373; baseline 0.006 -15"><span class='ocrx_word' id='word_1_26' title='bbox 86 324 263 359; x_wconf 82' lang='lat' dir='ltr'>dominica</span> <span class='ocrx_word' id='word_1_27' title='bbox 302 324 382 360; x_wconf 85' lang='lat' dir='ltr'>loca</span> <span class='ocrx_word' id='word_1_28' title='bbox 422 331 546 361; x_wconf 86' lang='lat' dir='ltr'>sancta</span> <span class='ocrx_word' id='word_1_29' title='bbox 586 332 667 373; x_wconf 88' lang='lat' dir='ltr'>post</span> <span class='ocrx_word' id='word_1_30' title='bbox 698 329 885 362; x_wconf 82' lang='lat' dir='ltr'>matutinas</span> <span class='ocrx_word' id='word_1_31' title='bbox 919 339 1013 363; x_wconf 90' lang='lat' dir='ltr'>more</span> <span class='ocrx_word' id='word_1_32' title='bbox 1048 330 1154 363; x_wconf 85' lang='lat' dir='ltr'>solito</span> <span class='ocrx_word' id='word_1_33' title='bbox 1193 332 1377 373; x_wconf 79' lang='lat' dir='ltr'>circuiret,</span> <span class='ocrx_word' id='word_1_34' title='bbox 1418 331 1481 367; x_wconf 79' lang='lat' dir='ltr'>illa</span> 
     </span>
     <span class='ocr_line' id='line_1_5' title="bbox 85 389 1481 439; baseline 0.004 -14"><span class='ocrx_word' id='word_1_35' title='bbox 85 389 195 433; x_wconf 79' lang='lat' dir='ltr'>hora,</span> <span class='ocrx_word' id='word_1_36' title='bbox 233 401 302 436; x_wconf 84' lang='lat' dir='ltr'>qua</span> <span class='ocrx_word' id='word_1_37' title='bbox 337 393 391 426; x_wconf 88' lang='lat' dir='ltr'>vir</span> <span class='ocrx_word' id='word_1_38' title='bbox 426 397 569 427; x_wconf 85' lang='lat' dir='ltr'>sanctus</span> <span class='ocrx_word' id='word_1_39' title='bbox 604 394 715 435; x_wconf 82' lang='lat' dir='ltr'>obiit,</span> <span class='ocrx_word' id='word_1_40' title='bbox 750 393 898 439; x_wconf 81' lang='lat' dir='ltr'><strong>angelos</strong></span> <span class='ocrx_word' id='word_1_41' title='bbox 931 398 1112 429; x_wconf 79' lang='lat' dir='ltr'>cantantes</span> <span class='ocrx_word' id='word_1_42' title='bbox 1146 397 1179 429; x_wconf 89' lang='lat' dir='ltr'>in</span> <span class='ocrx_word' id='word_1_43' title='bbox 1213 396 1312 430; x_wconf 87' lang='lat' dir='ltr'>coelo</span> <span class='ocrx_word' id='word_1_44' title='bbox 1347 396 1481 431; x_wconf 87' lang='lat' dir='ltr'>audivit</span> 
     </span>
     <span class='ocr_line' id='line_1_6' title="bbox 87 458 1481 504; baseline 0.004 -13"><span class='ocrx_word' id='word_1_45' title='bbox 87 466 289 502; x_wconf 85' lang='lat' dir='ltr'>vocansque</span> <span class='ocrx_word' id='word_1_46' title='bbox 315 458 606 503; x_wconf 70' lang='lat' dir='ltr'>archidyaconum</span> <span class='ocrx_word' id='word_1_47' title='bbox 632 460 839 503; x_wconf 85' lang='lat' dir='ltr'>interrogat,</span> <span class='ocrx_word' id='word_1_48' title='bbox 868 460 897 491; x_wconf 89' lang='lat' dir='ltr'>si</span> <span class='ocrx_word' id='word_1_49' title='bbox 923 459 1056 504; x_wconf 84' lang='lat' dir='ltr'>aliquid</span> <span class='ocrx_word' id='word_1_50' title='bbox 1083 460 1236 496; x_wconf 86' lang='lat' dir='ltr'>audiret.</span> <span class='ocrx_word' id='word_1_51' title='bbox 1284 459 1327 493; x_wconf 87' lang='lat' dir='ltr'>Et</span> <span class='ocrx_word' id='word_1_52' title='bbox 1352 471 1424 494; x_wconf 89' lang='lat' dir='ltr'>cum</span> <span class='ocrx_word' id='word_1_53' title='bbox 1443 472 1481 497; x_wconf 86' lang='lat' dir='ltr'>se</span> 
     </span>
     <span class='ocr_line' id='line_1_7' title="bbox 87 522 1481 569; baseline 0.001 -13"><span class='ocrx_word' id='word_1_54' title='bbox 87 522 173 556; x_wconf 83' lang='lat' dir='ltr'>nihil</span> <span class='ocrx_word' id='word_1_55' title='bbox 198 522 322 558; x_wconf 84' lang='lat' dir='ltr'>audire</span> <span class='ocrx_word' id='word_1_56' title='bbox 343 524 476 558; x_wconf 88' lang='lat' dir='ltr'>diceret</span> <span class='ocrx_word' id='word_1_57' title='bbox 493 528 527 557; x_wconf 91' lang='lat' dir='ltr'>et</span> <span class='ocrx_word' id='word_1_58' title='bbox 550 522 852 567; x_wconf 81' lang='lat' dir='ltr'>archiepiscopus,</span> <span class='ocrx_word' id='word_1_59' title='bbox 881 528 918 557; x_wconf 89' lang='lat' dir='ltr'>ut</span> <span class='ocrx_word' id='word_1_60' title='bbox 941 523 1132 569; x_wconf 85' lang='lat' dir='ltr'>diligenter</span> <span class='ocrx_word' id='word_1_61' title='bbox 1151 525 1379 567; x_wconf 79' lang='lat' dir='ltr'>auscultaret,</span> <span class='ocrx_word' id='word_1_62' title='bbox 1406 536 1481 559; x_wconf 90' lang='lat' dir='ltr'>mo-</span> 
     </span>
     <span class='ocr_line' id='line_1_8' title="bbox 87 588 1484 636; baseline 0.004 -15"><span class='ocrx_word' id='word_1_63' title='bbox 87 593 206 631; x_wconf 87' lang='lat' dir='ltr'>neret,</span> <span class='ocrx_word' id='word_1_64' title='bbox 252 590 369 633; x_wconf 83' lang='lat' dir='ltr'>coepit</span> <span class='ocrx_word' id='word_1_65' title='bbox 406 598 542 622; x_wconf 88' lang='lat' dir='ltr'>sursum</span> <span class='ocrx_word' id='word_1_66' title='bbox 589 588 715 622; x_wconf 83' lang='lat' dir='ltr'>collum</span> <span class='ocrx_word' id='word_1_67' title='bbox 750 588 959 631; x_wconf 83' lang='lat' dir='ltr'>extendere,</span> <span class='ocrx_word' id='word_1_68' title='bbox 1002 599 1105 625; x_wconf 88' lang='lat' dir='ltr'>aures</span> <span class='ocrx_word' id='word_1_69' title='bbox 1142 593 1281 636; x_wconf 87' lang='lat' dir='ltr'>erigere</span> <span class='ocrx_word' id='word_1_70' title='bbox 1313 595 1347 625; x_wconf 90' lang='lat' dir='ltr'>et</span> <span class='ocrx_word' id='word_1_71' title='bbox 1377 602 1484 636; x_wconf 88' lang='lat' dir='ltr'>super</span> 
     </span>
     <span class='ocr_line' id='line_1_9' title="bbox 88 653 1482 702; baseline 0.002 -14"><span class='ocrx_word' id='word_1_72' title='bbox 88 655 227 688; x_wconf 85' lang='lat' dir='ltr'>summis</span> <span class='ocrx_word' id='word_1_73' title='bbox 246 654 404 688; x_wconf 84' lang='lat' dir='ltr'>articulis</span> <span class='ocrx_word' id='word_1_74' title='bbox 424 653 550 687; x_wconf 85' lang='lat' dir='ltr'>baculo</span> <span class='ocrx_word' id='word_1_75' title='bbox 570 663 609 688; x_wconf 91' lang='lat' dir='ltr'>se</span> <span class='ocrx_word' id='word_1_76' title='bbox 627 658 827 689; x_wconf 87' lang='lat' dir='ltr'>sustentans</span> <span class='ocrx_word' id='word_1_77' title='bbox 847 658 953 690; x_wconf 87' lang='lat' dir='ltr'>stare.</span> <span class='ocrx_word' id='word_1_78' title='bbox 1003 655 1072 690; x_wconf 90' lang='lat' dir='ltr'>Sed</span> <span class='ocrx_word' id='word_1_79' title='bbox 1094 656 1172 690; x_wconf 88' lang='lat' dir='ltr'>dum</span> <span class='ocrx_word' id='word_1_80' title='bbox 1192 656 1482 702; x_wconf 76' lang='lat' dir='ltr'>archiepiscopus</span> 
     </span>
     <span class='ocr_line' id='line_1_10' title="bbox 87 718 1482 764; baseline 0.003 -11"><span class='ocrx_word' id='word_1_81' title='bbox 87 729 152 764; x_wconf 85' lang='lat' dir='ltr'>pro</span> <span class='ocrx_word' id='word_1_82' title='bbox 179 729 220 754; x_wconf 89' lang='lat' dir='ltr'>eo</span> <span class='ocrx_word' id='word_1_83' title='bbox 247 722 397 761; x_wconf 84' lang='lat' dir='ltr'>orasset,</span> <span class='ocrx_word' id='word_1_84' title='bbox 424 718 593 764; x_wconf 87' lang='lat' dir='ltr'>quasdam</span> <span class='ocrx_word' id='word_1_85' title='bbox 621 720 657 753; x_wconf 89' lang='lat' dir='ltr'>in</span> <span class='ocrx_word' id='word_1_86' title='bbox 683 720 783 754; x_wconf 86' lang='lat' dir='ltr'>coelo</span> <span class='ocrx_word' id='word_1_87' title='bbox 807 731 912 755; x_wconf 86' lang='lat' dir='ltr'>voces</span> <span class='ocrx_word' id='word_1_88' title='bbox 934 721 1057 756; x_wconf 87' lang='lat' dir='ltr'>audire</span> <span class='ocrx_word' id='word_1_89' title='bbox 1075 732 1112 756; x_wconf 91' lang='lat' dir='ltr'>se</span> <span class='ocrx_word' id='word_1_90' title='bbox 1134 722 1233 757; x_wconf 82' lang='lat' dir='ltr'>dixit.</span> <span class='ocrx_word' id='word_1_91' title='bbox 1285 722 1346 757; x_wconf 85' lang='lat' dir='ltr'>Cui</span> <span class='ocrx_word' id='word_1_92' title='bbox 1366 722 1482 757; x_wconf 87' lang='lat' dir='ltr'>archi-</span> 
     </span>
     <span class='ocr_line' id='line_1_11' title="bbox 88 784 1484 833; baseline 0.003 -14"><span class='ocrx_word' id='word_1_93' title='bbox 88 786 298 829; x_wconf 81' lang='lat' dir='ltr'>episcopus:</span> <span class='ocrx_word' id='word_1_94' title='bbox 332 784 489 819; x_wconf 90' lang='lat' dir='ltr'>dominus</span> <span class='ocrx_word' id='word_1_95' title='bbox 516 795 612 820; x_wconf 88' lang='lat' dir='ltr'>meus</span> <span class='ocrx_word' id='word_1_96' title='bbox 637 785 811 820; x_wconf 89' lang='lat' dir='ltr'>Martinus</span> <span class='ocrx_word' id='word_1_97' title='bbox 838 791 912 829; x_wconf 88' lang='lat' dir='ltr'>est,</span> <span class='ocrx_word' id='word_1_98' title='bbox 946 788 1005 832; x_wconf 85' lang='lat' dir='ltr'>qui</span> <span class='ocrx_word' id='word_1_99' title='bbox 1031 789 1196 833; x_wconf 89' lang='lat' dir='ltr'>migravit</span> <span class='ocrx_word' id='word_1_100' title='bbox 1222 799 1240 823; x_wconf 86' lang='lat' dir='ltr'>e</span> <span class='ocrx_word' id='word_1_101' title='bbox 1264 788 1413 830; x_wconf 86' lang='lat' dir='ltr'>mundo,</span> <span class='ocrx_word' id='word_1_102' title='bbox 1449 792 1484 823; x_wconf 90' lang='lat' dir='ltr'>et</span> 
     </span>
     <span class='ocr_line' id='line_1_12' title="bbox 88 850 1483 897; baseline 0.003 -13"><span class='ocrx_word' id='word_1_103' title='bbox 88 861 177 885; x_wconf 80' lang='lat' dir='ltr'>nune</span> <span class='ocrx_word' id='word_1_104' title='bbox 208 850 329 897; x_wconf 85' lang='lat' dir='ltr'>angeli</span> <span class='ocrx_word' id='word_1_105' title='bbox 369 861 443 885; x_wconf 89' lang='lat' dir='ltr'>eum</span> <span class='ocrx_word' id='word_1_106' title='bbox 477 852 512 885; x_wconf 90' lang='lat' dir='ltr'>in</span> <span class='ocrx_word' id='word_1_107' title='bbox 545 852 677 886; x_wconf 89' lang='lat' dir='ltr'>coelum</span> <span class='ocrx_word' id='word_1_108' title='bbox 713 851 886 887; x_wconf 84' lang='lat' dir='ltr'>deserunt.</span> <span class='ocrx_word' id='word_1_109' title='bbox 934 853 1130 887; x_wconf 81' lang='lat' dir='ltr'>Daemones</span> <span class='ocrx_word' id='word_1_110' title='bbox 1156 858 1270 888; x_wconf 88' lang='lat' dir='ltr'>autem</span> <span class='ocrx_word' id='word_1_111' title='bbox 1296 854 1483 893; x_wconf 78' lang='lat' dir='ltr'>affuerunt,</span> 
     </span>
     <span class='ocr_line' id='line_1_13' title="bbox 91 917 1482 962; baseline 0.003 -12"><span class='ocrx_word' id='word_1_112' title='bbox 91 917 149 962; x_wconf 87' lang='lat' dir='ltr'>qni</span> <span class='ocrx_word' id='word_1_113' title='bbox 176 927 250 951; x_wconf 87' lang='lat' dir='ltr'>eum</span> <span class='ocrx_word' id='word_1_114' title='bbox 278 918 429 952; x_wconf 87' lang='lat' dir='ltr'>retinere</span> <span class='ocrx_word' id='word_1_115' title='bbox 455 917 652 960; x_wconf 78' lang='lat' dir='ltr'>voluerunt,</span> <span class='ocrx_word' id='word_1_116' title='bbox 679 918 740 953; x_wconf 90' lang='lat' dir='ltr'>sed</span> <span class='ocrx_word' id='word_1_117' title='bbox 766 918 853 951; x_wconf 91' lang='lat' dir='ltr'>nihil</span> <span class='ocrx_word' id='word_1_118' title='bbox 882 919 916 952; x_wconf 93' lang='lat' dir='ltr'>in</span> <span class='ocrx_word' id='word_1_119' title='bbox 944 929 985 952; x_wconf 89' lang='lat' dir='ltr'>eo</span> <span class='ocrx_word' id='word_1_120' title='bbox 1012 920 1231 962; x_wconf 80' lang='lat' dir='ltr'>reperientes</span> <span class='ocrx_word' id='word_1_121' title='bbox 1259 919 1398 953; x_wconf 80' lang='lat' dir='ltr'>confusi</span> <span class='ocrx_word' id='word_1_122' title='bbox 1427 929 1482 954; x_wconf 86' lang='lat' dir='ltr'>re-</span> 
     </span>
     <span class='ocr_line' id='line_1_14' title="bbox 91 982 1483 1030; baseline 0.001 -13"><span class='ocrx_word' id='word_1_123' title='bbox 91 986 285 1017; x_wconf 83' lang='lat' dir='ltr'>cesserunt.</span> <span class='ocrx_word' id='word_1_124' title='bbox 334 982 626 1027; x_wconf 61' lang='lat' dir='ltr'>Archidyaconus</span> <span class='ocrx_word' id='word_1_125' title='bbox 661 985 770 1030; x_wconf 88' lang='lat' dir='ltr'>igitur</span> <span class='ocrx_word' id='word_1_126' title='bbox 801 984 890 1018; x_wconf 88' lang='lat' dir='ltr'>diem</span> <span class='ocrx_word' id='word_1_127' title='bbox 927 988 961 1018; x_wconf 90' lang='lat' dir='ltr'>et</span> <span class='ocrx_word' id='word_1_128' title='bbox 996 983 1116 1018; x_wconf 86' lang='lat' dir='ltr'>horam</span> <span class='ocrx_word' id='word_1_129' title='bbox 1157 986 1292 1019; x_wconf 86' lang='lat' dir='ltr'>notavit</span> <span class='ocrx_word' id='word_1_130' title='bbox 1334 989 1369 1020; x_wconf 91' lang='lat' dir='ltr'>et</span> <span class='ocrx_word' id='word_1_131' title='bbox 1402 989 1483 1019; x_wconf 88' lang='lat' dir='ltr'>tune</span> 
     </span>
     <span class='ocr_line' id='line_1_15' title="bbox 90 1048 1484 1095; baseline 0.001 -12"><span class='ocrx_word' id='word_1_132' title='bbox 90 1048 277 1083; x_wconf 89' lang='lat' dir='ltr'>Martinum</span> <span class='ocrx_word' id='word_1_133' title='bbox 306 1050 481 1095; x_wconf 86' lang='lat' dir='ltr'>migrasse</span> <span class='ocrx_word' id='word_1_134' title='bbox 505 1051 683 1095; x_wconf 89' lang='lat' dir='ltr'>cognovit.</span> <span class='ocrx_word' id='word_1_135' title='bbox 734 1049 887 1085; x_wconf 87' lang='lat' dir='ltr'>Severus</span> <span class='ocrx_word' id='word_1_136' title='bbox 916 1052 1020 1085; x_wconf 87' lang='lat' dir='ltr'>etiam</span> <span class='ocrx_word' id='word_1_137' title='bbox 1046 1050 1237 1084; x_wconf 84' lang='lat' dir='ltr'>monachus</span> <span class='ocrx_word' id='word_1_138' title='bbox 1256 1079 1264 1093; x_wconf 95' lang='lat'>,</span> <span class='ocrx_word' id='word_1_139' title='bbox 1296 1052 1354 1095; x_wconf 85' lang='lat' dir='ltr'>qui</span> <span class='ocrx_word' id='word_1_140' title='bbox 1380 1052 1484 1085; x_wconf 87' lang='lat' dir='ltr'>vitam</span> 
     </span>
     <span class='ocr_line' id='line_1_16' title="bbox 91 1115 1485 1161; baseline 0.001 -12"><span class='ocrx_word' id='word_1_141' title='bbox 91 1115 168 1160; x_wconf 90' lang='lat' dir='ltr'>ejus</span> <span class='ocrx_word' id='word_1_142' title='bbox 196 1116 360 1160; x_wconf 88' lang='lat' dir='ltr'>scripsit,</span> <span class='ocrx_word' id='word_1_143' title='bbox 387 1125 461 1150; x_wconf 90' lang='lat' dir='ltr'>cum</span> <span class='ocrx_word' id='word_1_144' title='bbox 494 1119 575 1160; x_wconf 89' lang='lat' dir='ltr'>post</span> <span class='ocrx_word' id='word_1_145' title='bbox 599 1117 787 1151; x_wconf 86' lang='lat' dir='ltr'>matutinas</span> <span class='ocrx_word' id='word_1_146' title='bbox 813 1116 940 1151; x_wconf 86' lang='lat' dir='ltr'>leniter</span> <span class='ocrx_word' id='word_1_147' title='bbox 966 1116 1259 1158; x_wconf 83' lang='lat' dir='ltr'>obdormivisset,</span> <span class='ocrx_word' id='word_1_148' title='bbox 1294 1117 1385 1150; x_wconf 79' lang='lat' dir='ltr'>sieut</span> <span class='ocrx_word' id='word_1_149' title='bbox 1408 1117 1485 1161; x_wconf 84' lang='lat' dir='ltr'>ipse</span> 
     </span>
     <span class='ocr_line' id='line_1_17' title="bbox 92 1180 1487 1227; baseline 0 -12"><span class='ocrx_word' id='word_1_150' title='bbox 92 1182 126 1216; x_wconf 90' lang='lat' dir='ltr'>in</span> <span class='ocrx_word' id='word_1_151' title='bbox 154 1180 301 1227; x_wconf 88' lang='lat' dir='ltr'>quadam</span> <span class='ocrx_word' id='word_1_152' title='bbox 330 1181 483 1226; x_wconf 89' lang='lat' dir='ltr'>epistola</span> <span class='ocrx_word' id='word_1_153' title='bbox 509 1185 681 1225; x_wconf 87' lang='lat' dir='ltr'>testatur,</span> <span class='ocrx_word' id='word_1_154' title='bbox 715 1186 856 1216; x_wconf 79' lang='lat' dir='ltr'>sanetus</span> <span class='ocrx_word' id='word_1_155' title='bbox 883 1182 1058 1218; x_wconf 88' lang='lat' dir='ltr'>Martinus</span> <span class='ocrx_word' id='word_1_156' title='bbox 1085 1182 1177 1216; x_wconf 89' lang='lat' dir='ltr'>albis</span> <span class='ocrx_word' id='word_1_157' title='bbox 1202 1181 1363 1224; x_wconf 87' lang='lat' dir='ltr'>indutus,</span> <span class='ocrx_word' id='word_1_158' title='bbox 1391 1181 1487 1216; x_wconf 85' lang='lat' dir='ltr'>vultu</span> 
     </span>
     <span class='ocr_line' id='line_1_18' title="bbox 92 1246 1487 1294; baseline 0.001 -13"><span class='ocrx_word' id='word_1_159' title='bbox 92 1248 220 1293; x_wconf 88' lang='lat' dir='ltr'>igneo,</span> <span class='ocrx_word' id='word_1_160' title='bbox 248 1246 472 1282; x_wconf 78' lang='lat' dir='ltr'>stellantibus</span> <span class='ocrx_word' id='word_1_161' title='bbox 500 1247 631 1291; x_wconf 87' lang='lat' dir='ltr'>oculis,</span> <span class='ocrx_word' id='word_1_162' title='bbox 668 1249 764 1283; x_wconf 89' lang='lat' dir='ltr'>crine</span> <span class='ocrx_word' id='word_1_163' title='bbox 791 1259 990 1294; x_wconf 81' lang='lat' dir='ltr'>purpureo,</span> <span class='ocrx_word' id='word_1_164' title='bbox 1023 1252 1146 1283; x_wconf 84' lang='lat' dir='ltr'>tenens</span> <span class='ocrx_word' id='word_1_165' title='bbox 1173 1247 1297 1282; x_wconf 89' lang='lat' dir='ltr'>librum</span> <span class='ocrx_word' id='word_1_166' title='bbox 1324 1249 1359 1281; x_wconf 92' lang='lat' dir='ltr'>in</span> <span class='ocrx_word' id='word_1_167' title='bbox 1386 1258 1487 1283; x_wconf 90' lang='lat' dir='ltr'>manu</span> 
     </span>
     <span class='ocr_line' id='line_1_19' title="bbox 92 1312 1486 1359; baseline 0 -11"><span class='ocrx_word' id='word_1_168' title='bbox 92 1312 235 1356; x_wconf 87' lang='lat' dir='ltr'>dextra,</span> <span class='ocrx_word' id='word_1_169' title='bbox 267 1323 368 1359; x_wconf 88' lang='lat' dir='ltr'>quem</span> <span class='ocrx_word' id='word_1_170' title='bbox 401 1313 445 1347; x_wconf 89' lang='lat' dir='ltr'>de</span> <span class='ocrx_word' id='word_1_171' title='bbox 479 1314 551 1348; x_wconf 88' lang='lat' dir='ltr'>vita</span> <span class='ocrx_word' id='word_1_172' title='bbox 583 1315 660 1359; x_wconf 75' lang='lat' dir='ltr'>ejtis</span> <span class='ocrx_word' id='word_1_173' title='bbox 692 1314 783 1349; x_wconf 90' lang='lat' dir='ltr'>idem</span> <span class='ocrx_word' id='word_1_174' title='bbox 809 1314 962 1349; x_wconf 87' lang='lat' dir='ltr'>Severus</span> <span class='ocrx_word' id='word_1_175' title='bbox 989 1315 1199 1359; x_wconf 83' lang='lat' dir='ltr'>scripserat,</span> <span class='ocrx_word' id='word_1_176' title='bbox 1235 1313 1345 1349; x_wconf 87' lang='lat' dir='ltr'>eidem</span> <span class='ocrx_word' id='word_1_177' title='bbox 1373 1323 1486 1358; x_wconf 86' lang='lat' dir='ltr'>appa-</span> 
     </span>
     <span class='ocr_line' id='line_1_20' title="bbox 92 1379 1484 1424; baseline 0 -11"><span class='ocrx_word' id='word_1_178' title='bbox 92 1381 182 1422; x_wconf 88' lang='lat' dir='ltr'>ruit,</span> <span class='ocrx_word' id='word_1_179' title='bbox 214 1389 359 1424; x_wconf 86' lang='lat' dir='ltr'>cumque</span> <span class='ocrx_word' id='word_1_180' title='bbox 393 1384 473 1424; x_wconf 86' lang='lat' dir='ltr'>post</span> <span class='ocrx_word' id='word_1_181' title='bbox 499 1379 778 1414; x_wconf 85' lang='lat' dir='ltr'>benedictionem</span> <span class='ocrx_word' id='word_1_182' title='bbox 805 1381 839 1413; x_wconf 92' lang='lat' dir='ltr'>in</span> <span class='ocrx_word' id='word_1_183' title='bbox 865 1380 998 1414; x_wconf 90' lang='lat' dir='ltr'>coelum</span> <span class='ocrx_word' id='word_1_184' title='bbox 1027 1380 1264 1415; x_wconf 87' lang='lat' dir='ltr'>conscendere</span> <span class='ocrx_word' id='word_1_185' title='bbox 1292 1380 1404 1424; x_wconf 88' lang='lat' dir='ltr'>ipsum</span> <span class='ocrx_word' id='word_1_186' title='bbox 1432 1381 1484 1414; x_wconf 92' lang='lat' dir='ltr'>vi-</span> 
     </span>
     <span class='ocr_line' id='line_1_21' title="bbox 92 1444 1488 1491; baseline -0.001 -10"><span class='ocrx_word' id='word_1_187' title='bbox 92 1445 192 1481; x_wconf 88' lang='lat' dir='ltr'>deret</span> <span class='ocrx_word' id='word_1_188' title='bbox 225 1448 259 1480; x_wconf 86' lang='lat' dir='ltr'>et</span> <span class='ocrx_word' id='word_1_189' title='bbox 296 1455 370 1479; x_wconf 86' lang='lat' dir='ltr'>cum</span> <span class='ocrx_word' id='word_1_190' title='bbox 405 1455 453 1479; x_wconf 64' lang='lat' dir='ltr'>eo¹</span> <span class='ocrx_word' id='word_1_191' title='bbox 481 1444 698 1480; x_wconf 85' lang='lat' dir='ltr'>adscendere</span> <span class='ocrx_word' id='word_1_192' title='bbox 725 1449 890 1490; x_wconf 78' lang='lat' dir='ltr'>cuperet,</span> <span class='ocrx_word' id='word_1_193' title='bbox 929 1445 1123 1491; x_wconf 84' lang='lat' dir='ltr'>evigilavit.</span> <span class='ocrx_word' id='word_1_194' title='bbox 1172 1445 1256 1480; x_wconf 90' lang='lat' dir='ltr'>Post</span> <span class='ocrx_word' id='word_1_195' title='bbox 1281 1446 1346 1480; x_wconf 88' lang='lat' dir='ltr'>hoc</span> <span class='ocrx_word' id='word_1_196' title='bbox 1374 1450 1488 1481; x_wconf 88' lang='lat' dir='ltr'>autem</span> 
     </span>
     <span class='ocr_line' id='line_1_22' title="bbox 92 1511 1489 1557; baseline 0.001 -11"><span class='ocrx_word' id='word_1_197' title='bbox 92 1513 223 1546; x_wconf 88' lang='lat' dir='ltr'>nuntiis</span> <span class='ocrx_word' id='word_1_198' title='bbox 250 1511 470 1547; x_wconf 86' lang='lat' dir='ltr'>venientibus</span> <span class='ocrx_word' id='word_1_199' title='bbox 497 1511 615 1546; x_wconf 87' lang='lat' dir='ltr'>eadem</span> <span class='ocrx_word' id='word_1_200' title='bbox 643 1515 743 1545; x_wconf 85' lang='lat' dir='ltr'>noete</span> <span class='ocrx_word' id='word_1_201' title='bbox 769 1515 921 1544; x_wconf 78' lang='lat' dir='ltr'>sanctum</span> <span class='ocrx_word' id='word_1_202' title='bbox 948 1511 1134 1546; x_wconf 86' lang='lat' dir='ltr'>Martinum</span> <span class='ocrx_word' id='word_1_203' title='bbox 1154 1514 1326 1557; x_wconf 76' lang='lat' dir='ltr'>migrasse</span> <span class='ocrx_word' id='word_1_204' title='bbox 1342 1512 1489 1548; x_wconf 78' lang='lat' dir='ltr'>audivit.</span> 
     </span>
     <span class='ocr_line' id='line_1_23' title="bbox 92 1577 1488 1624; baseline -0.001 -11"><span class='ocrx_word' id='word_1_205' title='bbox 92 1577 144 1613; x_wconf 93' lang='lat' dir='ltr'>Eo</span> <span class='ocrx_word' id='word_1_206' title='bbox 170 1588 310 1624; x_wconf 85' lang='lat' dir='ltr'>quoque</span> <span class='ocrx_word' id='word_1_207' title='bbox 336 1577 393 1611; x_wconf 91' lang='lat' dir='ltr'>die</span> <span class='ocrx_word' id='word_1_208' title='bbox 419 1583 561 1611; x_wconf 87' lang='lat' dir='ltr'>sanctus</span> <span class='ocrx_word' id='word_1_209' title='bbox 588 1577 796 1611; x_wconf 85' lang='lat' dir='ltr'>Ambrosius</span> <span class='ocrx_word' id='word_1_210' title='bbox 822 1577 1102 1612; x_wconf 82' lang='lat' dir='ltr'>Mediolanensis</span> <span class='ocrx_word' id='word_1_211' title='bbox 1131 1578 1320 1622; x_wconf 82' lang='lat' dir='ltr'>episcopus</span> <span class='ocrx_word' id='word_1_212' title='bbox 1346 1579 1488 1611; x_wconf 87' lang='lat' dir='ltr'>missam</span> 
     </span>
     <span class='ocr_line' id='line_1_24' title="bbox 94 1642 1489 1688; baseline -0.002 -9"><span class='ocrx_word' id='word_1_213' title='bbox 94 1644 278 1679; x_wconf 87' lang='lat' dir='ltr'>celebrans</span> <span class='ocrx_word' id='word_1_214' title='bbox 313 1653 421 1688; x_wconf 87' lang='lat' dir='ltr'>super</span> <span class='ocrx_word' id='word_1_215' title='bbox 455 1643 567 1678; x_wconf 88' lang='lat' dir='ltr'>altare</span> <span class='ocrx_word' id='word_1_216' title='bbox 600 1645 690 1677; x_wconf 86' lang='lat' dir='ltr'>inter</span> <span class='ocrx_word' id='word_1_217' title='bbox 723 1642 942 1687; x_wconf 85' lang='lat' dir='ltr'>prophetiam</span> <span class='ocrx_word' id='word_1_218' title='bbox 976 1647 1010 1677; x_wconf 88' lang='lat' dir='ltr'>et</span> <span class='ocrx_word' id='word_1_219' title='bbox 1043 1643 1226 1688; x_wconf 85' lang='lat' dir='ltr'>epistolam</span> <span class='ocrx_word' id='word_1_220' title='bbox 1264 1643 1489 1685; x_wconf 84' lang='lat' dir='ltr'>obdormivit,</span> 
     </span>
     <span class='ocr_line' id='line_1_25' title="bbox 94 1708 1488 1753; baseline -0.002 -8"><span class='ocrx_word' id='word_1_221' title='bbox 94 1713 129 1745; x_wconf 82' lang='lat' dir='ltr'>et</span> <span class='ocrx_word' id='word_1_222' title='bbox 162 1719 236 1743; x_wconf 87' lang='lat' dir='ltr'>cum</span> <span class='ocrx_word' id='word_1_223' title='bbox 270 1708 384 1742; x_wconf 91' lang='lat' dir='ltr'>nullus</span> <span class='ocrx_word' id='word_1_224' title='bbox 417 1719 492 1743; x_wconf 88' lang='lat' dir='ltr'>eum</span> <span class='ocrx_word' id='word_1_225' title='bbox 530 1710 685 1743; x_wconf 88' lang='lat' dir='ltr'>excitare</span> <span class='ocrx_word' id='word_1_226' title='bbox 720 1713 961 1753; x_wconf 85' lang='lat' dir='ltr'>praesumeret</span> <span class='ocrx_word' id='word_1_227' title='bbox 986 1712 1020 1743; x_wconf 87' lang='lat' dir='ltr'>et</span> <span class='ocrx_word' id='word_1_228' title='bbox 1046 1708 1290 1753; x_wconf 60' lang='lat' dir='ltr'>subdyaconus</span> <span class='ocrx_word' id='word_1_229' title='bbox 1317 1710 1384 1742; x_wconf 83' lang='lat' dir='ltr'>nisi</span> <span class='ocrx_word' id='word_1_230' title='bbox 1410 1710 1488 1753; x_wconf 90' lang='lat' dir='ltr'>ipso</span> 
     </span>
     <span class='ocr_line' id='line_1_26' title="bbox 90 1774 1491 1821; baseline -0.001 -11"><span class='ocrx_word' id='word_1_231' title='bbox 90 1776 238 1821; x_wconf 67' lang='lat' dir='ltr'>⁴jubente</span> <span class='ocrx_word' id='word_1_232' title='bbox 267 1774 452 1819; x_wconf 88' lang='lat' dir='ltr'>epistolam</span> <span class='ocrx_word' id='word_1_233' title='bbox 479 1785 548 1808; x_wconf 89' lang='lat' dir='ltr'>non</span> <span class='ocrx_word' id='word_1_234' title='bbox 574 1774 719 1809; x_wconf 84' lang='lat' dir='ltr'>auderet</span> <span class='ocrx_word' id='word_1_235' title='bbox 745 1774 887 1820; x_wconf 88' lang='lat' dir='ltr'>legere,</span> <span class='ocrx_word' id='word_1_236' title='bbox 913 1776 1102 1808; x_wconf 84' lang='lat' dir='ltr'>transactis</span> <span class='ocrx_word' id='word_1_237' title='bbox 1135 1774 1279 1809; x_wconf 87' lang='lat' dir='ltr'>duarum</span> <span class='ocrx_word' id='word_1_238' title='bbox 1306 1775 1360 1809; x_wconf 89' lang='lat' dir='ltr'>vel</span> <span class='ocrx_word' id='word_1_239' title='bbox 1387 1776 1491 1808; x_wconf 86' lang='lat' dir='ltr'>trium</span> 
     </span>
     <span class='ocr_line' id='line_1_27' title="bbox 95 1839 1492 1886; baseline -0.002 -9"><span class='ocrx_word' id='word_1_240' title='bbox 95 1842 259 1877; x_wconf 89' lang='lat' dir='ltr'>horarum</span> <span class='ocrx_word' id='word_1_241' title='bbox 286 1841 411 1886; x_wconf 87' lang='lat' dir='ltr'>spatiis</span> <span class='ocrx_word' id='word_1_242' title='bbox 437 1842 678 1875; x_wconf 86' lang='lat' dir='ltr'>excitaverunt</span> <span class='ocrx_word' id='word_1_243' title='bbox 702 1851 776 1874; x_wconf 90' lang='lat' dir='ltr'>eum</span> <span class='ocrx_word' id='word_1_244' title='bbox 804 1839 978 1874; x_wconf 86' lang='lat' dir='ltr'>dicentes:</span> <span class='ocrx_word' id='word_1_245' title='bbox 1011 1842 1083 1885; x_wconf 33' lang='lat' dir='ltr'>,iam</span> <span class='ocrx_word' id='word_1_246' title='bbox 1118 1840 1206 1875; x_wconf 87' lang='lat' dir='ltr'>hora</span> <span class='ocrx_word' id='word_1_247' title='bbox 1240 1841 1425 1885; x_wconf 86' lang='lat' dir='ltr'>praeteriit</span> <span class='ocrx_word' id='word_1_248' title='bbox 1457 1843 1492 1874; x_wconf 87' lang='lat' dir='ltr'>et</span> 
     </span>
     <span class='ocr_line' id='line_1_28' title="bbox 95 1906 1491 1954; baseline -0.002 -12"><span class='ocrx_word' id='word_1_249' title='bbox 95 1908 246 1954; x_wconf 87' lang='lat' dir='ltr'>populus</span> <span class='ocrx_word' id='word_1_250' title='bbox 273 1906 374 1942; x_wconf 86' lang='lat' dir='ltr'>valde</span> <span class='ocrx_word' id='word_1_251' title='bbox 400 1907 516 1941; x_wconf 88' lang='lat' dir='ltr'>lassus</span> <span class='ocrx_word' id='word_1_252' title='bbox 545 1911 748 1952; x_wconf 84' lang='lat' dir='ltr'>exspectat,</span> <span class='ocrx_word' id='word_1_253' title='bbox 771 1906 897 1951; x_wconf 84' lang='lat' dir='ltr'>jubeat</span> <span class='ocrx_word' id='word_1_254' title='bbox 922 1906 1081 1940; x_wconf 88' lang='lat' dir='ltr'>dominus</span> <span class='ocrx_word' id='word_1_255' title='bbox 1106 1911 1248 1950; x_wconf 89' lang='lat' dir='ltr'>noster,</span> <span class='ocrx_word' id='word_1_256' title='bbox 1276 1911 1313 1940; x_wconf 91' lang='lat' dir='ltr'>ut</span> <span class='ocrx_word' id='word_1_257' title='bbox 1341 1907 1491 1940; x_wconf 85' lang='lat' dir='ltr'>clericus</span> 
     </span>
     <span class='ocr_line' id='line_1_29' title="bbox 96 1971 1491 2019; baseline -0.003 -10"><span class='ocrx_word' id='word_1_258' title='bbox 96 1974 281 2019; x_wconf 86' lang='lat' dir='ltr'>epistolam</span> <span class='ocrx_word' id='word_1_259' title='bbox 298 1973 405 2018; x_wconf 85' lang='lat' dir='ltr'>legat.</span> <span class='ocrx_word' id='word_1_260' title='bbox 431 1972 485 2007; x_wconf 89' lang='lat' dir='ltr'>Ad</span> <span class='ocrx_word' id='word_1_261' title='bbox 507 1983 595 2018; x_wconf 87' lang='lat' dir='ltr'>quos</span> <span class='ocrx_word' id='word_1_262' title='bbox 612 1972 690 2007; x_wconf 88' lang='lat' dir='ltr'>ille:</span> <span class='ocrx_word' id='word_1_263' title='bbox 717 1972 824 2007; x_wconf 91' lang='lat' dir='ltr'>nolite</span> <span class='ocrx_word' id='word_1_264' title='bbox 841 1972 989 2015; x_wconf 86' lang='lat' dir='ltr'>turbari,</span> <span class='ocrx_word' id='word_1_265' title='bbox 1022 1972 1130 2007; x_wconf 78' lang='lat' dir='ltr'>frater</span> <span class='ocrx_word' id='word_1_266' title='bbox 1149 1974 1237 2007; x_wconf 90' lang='lat' dir='ltr'>enim</span> <span class='ocrx_word' id='word_1_267' title='bbox 1255 1983 1350 2007; x_wconf 86' lang='lat' dir='ltr'>meus</span> <span class='ocrx_word' id='word_1_268' title='bbox 1363 1971 1491 2007; x_wconf 86' lang='lat' dir='ltr'>Marti-</span> 
     </span>
     <span class='ocr_line' id='line_1_30' title="bbox 97 2037 1491 2083; baseline -0.001 -11"><span class='ocrx_word' id='word_1_269' title='bbox 97 2048 161 2073; x_wconf 91' lang='lat' dir='ltr'>nus</span> <span class='ocrx_word' id='word_1_270' title='bbox 181 2038 224 2072; x_wconf 88' lang='lat' dir='ltr'>ad</span> <span class='ocrx_word' id='word_1_271' title='bbox 245 2038 353 2073; x_wconf 89' lang='lat' dir='ltr'>Deum</span> <span class='ocrx_word' id='word_1_272' title='bbox 378 2039 542 2082; x_wconf 87' lang='lat' dir='ltr'>migravit</span> <span class='ocrx_word' id='word_1_273' title='bbox 567 2042 602 2072; x_wconf 88' lang='lat' dir='ltr'>et</span> <span class='ocrx_word' id='word_1_274' title='bbox 629 2049 695 2083; x_wconf 90' lang='lat' dir='ltr'>ego</span> <span class='ocrx_word' id='word_1_275' title='bbox 716 2039 792 2082; x_wconf 89' lang='lat' dir='ltr'>ejus</span> <span class='ocrx_word' id='word_1_276' title='bbox 812 2037 927 2071; x_wconf 83' lang='lat' dir='ltr'>funeri</span> <span class='ocrx_word' id='word_1_277' title='bbox 946 2038 1089 2071; x_wconf 78' lang='lat' dir='ltr'>interfui</span> <span class='ocrx_word' id='word_1_278' title='bbox 1110 2042 1144 2072; x_wconf 89' lang='lat' dir='ltr'>et</span> <span class='ocrx_word' id='word_1_279' title='bbox 1161 2038 1366 2082; x_wconf 86' lang='lat' dir='ltr'>obsequium</span> <span class='ocrx_word' id='word_1_280' title='bbox 1386 2047 1491 2080; x_wconf 86' lang='lat' dir='ltr'>prae-</span> 
     </span>
     <span class='ocr_line' id='line_1_31' title="bbox 97 2101 1493 2146; baseline -0.002 -8"><span class='ocrx_word' id='word_1_281' title='bbox 97 2104 171 2146; x_wconf 88' lang='lat' dir='ltr'>bui,</span> <span class='ocrx_word' id='word_1_282' title='bbox 206 2101 269 2137; x_wconf 87' lang='lat' dir='ltr'>sed</span> <span class='ocrx_word' id='word_1_283' title='bbox 298 2101 452 2136; x_wconf 87' lang='lat' dir='ltr'>ultimam</span> <span class='ocrx_word' id='word_1_284' title='bbox 477 2103 741 2145; x_wconf 87' lang='lat' dir='ltr'>responsionem</span> <span class='ocrx_word' id='word_1_285' title='bbox 764 2101 863 2136; x_wconf 88' lang='lat' dir='ltr'>vobis</span> <span class='ocrx_word' id='word_1_286' title='bbox 884 2103 1118 2136; x_wconf 85' lang='lat' dir='ltr'>excitantibus</span> <span class='ocrx_word' id='word_1_287' title='bbox 1139 2102 1280 2146; x_wconf 81' lang='lat' dir='ltr'>explere</span> <span class='ocrx_word' id='word_1_288' title='bbox 1300 2112 1368 2135; x_wconf 90' lang='lat' dir='ltr'>non</span> <span class='ocrx_word' id='word_1_289' title='bbox 1386 2102 1493 2139; x_wconf 72' lang='lat' dir='ltr'>valui.</span> 
     </span>
     <span class='ocr_line' id='line_1_32' title="bbox 100 2166 1493 2205; baseline -0.003 -1"><span class='ocrx_word' id='word_1_290' title='bbox 100 2169 200 2205; x_wconf 88' lang='lat' dir='ltr'>Tunc</span> <span class='ocrx_word' id='word_1_291' title='bbox 226 2168 278 2202; x_wconf 92' lang='lat' dir='ltr'>illi</span> <span class='ocrx_word' id='word_1_292' title='bbox 303 2167 393 2202; x_wconf 85' lang='lat' dir='ltr'>diem</span> <span class='ocrx_word' id='word_1_293' title='bbox 420 2177 462 2201; x_wconf 86' lang='lat' dir='ltr'>ex</span> <span class='ocrx_word' id='word_1_294' title='bbox 488 2166 578 2201; x_wconf 85' lang='lat' dir='ltr'>hora</span> <span class='ocrx_word' id='word_1_295' title='bbox 602 2170 764 2201; x_wconf 88' lang='lat' dir='ltr'>notantes</span> <span class='ocrx_word' id='word_1_296' title='bbox 790 2168 997 2201; x_wconf 87' lang='lat' dir='ltr'>invenerunt</span> <span class='ocrx_word' id='word_1_297' title='bbox 1021 2171 1177 2201; x_wconf 83' lang='lat' dir='ltr'>sanctum</span> <span class='ocrx_word' id='word_1_298' title='bbox 1197 2167 1383 2202; x_wconf 86' lang='lat' dir='ltr'>Martinum</span> <span class='ocrx_word' id='word_1_299' title='bbox 1411 2171 1493 2201; x_wconf 87' lang='lat' dir='ltr'>tunc</span> 
     </span>
     <span class='ocr_line' id='line_1_33' title="bbox 101 2232 1493 2281; baseline -0.001 -12"><span class='ocrx_word' id='word_1_300' title='bbox 101 2237 274 2281; x_wconf 83' lang='lat' dir='ltr'>migrasse</span> <span class='ocrx_word' id='word_1_301' title='bbox 299 2232 346 2267; x_wconf 89' lang='lat' dir='ltr'>ad</span> <span class='ocrx_word' id='word_1_302' title='bbox 371 2233 516 2267; x_wconf 85' lang='lat' dir='ltr'>coelum.</span> <span class='ocrx_word' id='word_1_303' title='bbox 567 2232 721 2277; x_wconf 88' lang='lat' dir='ltr'>Cappam</span> <span class='ocrx_word' id='word_1_304' title='bbox 748 2233 845 2278; x_wconf 86' lang='lat' dir='ltr'>ejus,</span> <span class='ocrx_word' id='word_1_305' title='bbox 881 2236 917 2266; x_wconf 86' lang='lat' dir='ltr'>ut</span> <span class='ocrx_word' id='word_1_306' title='bbox 951 2234 1001 2266; x_wconf 88' lang='lat' dir='ltr'>ait</span> <span class='ocrx_word' id='word_1_307' title='bbox 1025 2234 1196 2278; x_wconf 87' lang='lat' dir='ltr'>magister</span> <span class='ocrx_word' id='word_1_308' title='bbox 1220 2232 1400 2267; x_wconf 87' lang='lat' dir='ltr'>Johannes</span> <span class='ocrx_word' id='word_1_309' title='bbox 1425 2232 1493 2268; x_wconf 88' lang='lat' dir='ltr'>Be-</span> 
     </span>
     <span class='ocr_line' id='line_1_34' title="bbox 101 2298 1492 2346; baseline -0.003 -10"><span class='ocrx_word' id='word_1_310' title='bbox 101 2301 195 2343; x_wconf 89' lang='lat' dir='ltr'>leth,</span> <span class='ocrx_word' id='word_1_311' title='bbox 230 2309 336 2346; x_wconf 87' lang='lat' dir='ltr'>reges</span> <span class='ocrx_word' id='word_1_312' title='bbox 362 2298 532 2333; x_wconf 86' lang='lat' dir='ltr'>Franciae</span> <span class='ocrx_word' id='word_1_313' title='bbox 557 2299 592 2332; x_wconf 89' lang='lat' dir='ltr'>in</span> <span class='ocrx_word' id='word_1_314' title='bbox 618 2299 765 2343; x_wconf 87' lang='lat' dir='ltr'>proeliis</span> <span class='ocrx_word' id='word_1_315' title='bbox 789 2303 932 2342; x_wconf 87' lang='lat' dir='ltr'>portare</span> <span class='ocrx_word' id='word_1_316' title='bbox 958 2303 1231 2341; x_wconf 88' lang='lat' dir='ltr'>consueverunt,</span> <span class='ocrx_word' id='word_1_317' title='bbox 1265 2299 1356 2333; x_wconf 87' lang='lat' dir='ltr'>undo</span> <span class='ocrx_word' id='word_1_318' title='bbox 1382 2300 1492 2343; x_wconf 84' lang='lat' dir='ltr'>ipsius</span> 
     </span>
     <span class='ocr_line' id='line_1_35' title="bbox 101 2363 1493 2411; baseline -0.001 -11"><span class='ocrx_word' id='word_1_319' title='bbox 101 2375 237 2411; x_wconf 85' lang='lat' dir='ltr'>cappae</span> <span class='ocrx_word' id='word_1_320' title='bbox 273 2363 438 2399; x_wconf 72' lang='lat' dir='ltr'>custodes</span> <span class='ocrx_word' id='word_1_321' title='bbox 473 2363 671 2408; x_wconf 85' lang='lat' dir='ltr'>cappellani</span> <span class='ocrx_word' id='word_1_322' title='bbox 704 2363 920 2398; x_wconf 87' lang='lat' dir='ltr'>dicebantur.</span> <span class='ocrx_word' id='word_1_323' title='bbox 968 2364 1052 2399; x_wconf 87' lang='lat' dir='ltr'>Post</span> <span class='ocrx_word' id='word_1_324' title='bbox 1086 2369 1230 2400; x_wconf 89' lang='lat' dir='ltr'>mortem</span> <span class='ocrx_word' id='word_1_325' title='bbox 1265 2368 1380 2398; x_wconf 87' lang='lat' dir='ltr'>autem</span> <span class='ocrx_word' id='word_1_326' title='bbox 1416 2365 1493 2409; x_wconf 79' lang='lat' dir='ltr'>eJus</span> 
     </span>
     <span class='ocr_line' id='line_1_36' title="bbox 103 2429 1493 2476; baseline -0.001 -10"><span class='ocrx_word' id='word_1_327' title='bbox 103 2442 194 2466; x_wconf 83' lang='lat' dir='ltr'>anno</span> <span class='ocrx_word' id='word_1_328' title='bbox 230 2431 454 2476; x_wconf 88' lang='lat' dir='ltr'>sexagesimo</span> <span class='ocrx_word' id='word_1_329' title='bbox 490 2433 626 2475; x_wconf 79' lang='lat' dir='ltr'>quarto,</span> <span class='ocrx_word' id='word_1_330' title='bbox 670 2439 744 2464; x_wconf 89' lang='lat' dir='ltr'>cum</span> <span class='ocrx_word' id='word_1_331' title='bbox 788 2429 914 2465; x_wconf 80' lang='lat' dir='ltr'>beatus</span> <span class='ocrx_word' id='word_1_332' title='bbox 950 2429 1145 2475; x_wconf 85' lang='lat' dir='ltr'>Perpetuus</span> <span class='ocrx_word' id='word_1_333' title='bbox 1185 2431 1261 2475; x_wconf 86' lang='lat' dir='ltr'>ejus</span> <span class='ocrx_word' id='word_1_334' title='bbox 1307 2429 1493 2464; x_wconf 79' lang='lat' dir='ltr'>ecclesiam</span> 
     </span>
     <span class='ocr_line' id='line_1_37' title="bbox 105 2495 1493 2543; baseline -0.001 -12"><span class='ocrx_word' id='word_1_335' title='bbox 105 2495 292 2543; x_wconf 83' lang='lat' dir='ltr'>magnifice</span> <span class='ocrx_word' id='word_1_336' title='bbox 317 2495 522 2540; x_wconf 84' lang='lat' dir='ltr'>ampliasset</span> <span class='ocrx_word' id='word_1_337' title='bbox 547 2499 581 2530; x_wconf 90' lang='lat' dir='ltr'>et</span> <span class='ocrx_word' id='word_1_338' title='bbox 606 2496 640 2529; x_wconf 90' lang='lat' dir='ltr'>in</span> <span class='ocrx_word' id='word_1_339' title='bbox 666 2505 739 2530; x_wconf 89' lang='lat' dir='ltr'>eam</span> <span class='ocrx_word' id='word_1_340' title='bbox 767 2506 894 2541; x_wconf 87' lang='lat' dir='ltr'>corpus</span> <span class='ocrx_word' id='word_1_341' title='bbox 923 2497 1000 2541; x_wconf 76' lang='lat' dir='ltr'>eJus</span> <span class='ocrx_word' id='word_1_342' title='bbox 1025 2496 1218 2530; x_wconf 84' lang='lat' dir='ltr'>transferre</span> <span class='ocrx_word' id='word_1_343' title='bbox 1243 2495 1362 2538; x_wconf 90' lang='lat' dir='ltr'>vellet,</span> <span class='ocrx_word' id='word_1_344' title='bbox 1387 2496 1493 2531; x_wconf 87' lang='lat' dir='ltr'>semel</span> 
     </span>
     <span class='ocr_line' id='line_1_38' title="bbox 106 2561 1491 2607; baseline -0.002 -9"><span class='ocrx_word' id='word_1_345' title='bbox 106 2562 214 2598; x_wconf 86' lang='lat' dir='ltr'>ethis</span> <span class='ocrx_word' id='word_1_346' title='bbox 232 2565 267 2598; x_wconf 86' lang='lat' dir='ltr'>et</span> <span class='ocrx_word' id='word_1_347' title='bbox 290 2563 395 2597; x_wconf 87' lang='lat' dir='ltr'>tertio</span> <span class='ocrx_word' id='word_1_348' title='bbox 417 2561 566 2606; x_wconf 85' lang='lat' dir='ltr'>jejuniis</span> <span class='ocrx_word' id='word_1_349' title='bbox 593 2564 628 2595; x_wconf 87' lang='lat' dir='ltr'>et</span> <span class='ocrx_word' id='word_1_350' title='bbox 652 2561 784 2607; x_wconf 90' lang='lat' dir='ltr'>vigiliis</span> <span class='ocrx_word' id='word_1_351' title='bbox 809 2563 1013 2596; x_wconf 85' lang='lat' dir='ltr'>insistentes</span> <span class='ocrx_word' id='word_1_352' title='bbox 1040 2561 1260 2606; x_wconf 88' lang='lat' dir='ltr'>sepulchrum</span> <span class='ocrx_word' id='word_1_353' title='bbox 1282 2562 1357 2605; x_wconf 85' lang='lat' dir='ltr'>ejus</span> <span class='ocrx_word' id='word_1_354' title='bbox 1378 2561 1491 2596; x_wconf 88' lang='lat' dir='ltr'>nulla-</span> 
     </span>
     <span class='ocr_line' id='line_1_39' title="bbox 104 2616 1493 2673; baseline 0 -12"><span class='ocrx_word' id='word_1_355' title='bbox 104 2631 207 2662; x_wconf 89' lang='lat' dir='ltr'>tenus</span> <span class='ocrx_word' id='word_1_356' title='bbox 231 2638 371 2663; x_wconf 86' lang='lat' dir='ltr'>movere</span> <span class='ocrx_word' id='word_1_357' title='bbox 402 2616 608 2673; x_wconf 82' lang='lat' dir='ltr'>potuerunt,</span> <span class='ocrx_word' id='word_1_358' title='bbox 641 2636 785 2673; x_wconf 85' lang='lat' dir='ltr'>cumque</span> <span class='ocrx_word' id='word_1_359' title='bbox 819 2627 950 2663; x_wconf 85' lang='lat' dir='ltr'>vellent</span> <span class='ocrx_word' id='word_1_360' title='bbox 981 2627 1176 2669; x_wconf 87' lang='lat' dir='ltr'>dimittere,</span> <span class='ocrx_word' id='word_1_361' title='bbox 1214 2626 1352 2672; x_wconf 84' lang='lat' dir='ltr'>qnidam</span> <span class='ocrx_word' id='word_1_362' title='bbox 1383 2636 1493 2662; x_wconf 82' lang='lat' dir='ltr'>senex</span> 
     </span>
     <span class='ocr_line' id='line_1_40' title="bbox 108 2692 1494 2739; baseline 0 -13"><span class='ocrx_word' id='word_1_363' title='bbox 108 2692 362 2737; x_wconf 87' lang='lat' dir='ltr'>pulcherrimus</span> <span class='ocrx_word' id='word_1_364' title='bbox 397 2695 440 2729; x_wconf 88' lang='lat' dir='ltr'>iis</span> <span class='ocrx_word' id='word_1_365' title='bbox 475 2693 639 2738; x_wconf 86' lang='lat' dir='ltr'>apparuit</span> <span class='ocrx_word' id='word_1_366' title='bbox 665 2693 804 2729; x_wconf 84' lang='lat' dir='ltr'>dicens:</span> <span class='ocrx_word' id='word_1_367' title='bbox 839 2704 949 2739; x_wconf 77' lang='lat' dir='ltr'>usqne</span> <span class='ocrx_word' id='word_1_368' title='bbox 975 2703 1043 2739; x_wconf 85' lang='lat' dir='ltr'>quo</span> <span class='ocrx_word' id='word_1_369' title='bbox 1066 2692 1244 2729; x_wconf 78' lang='lat' dir='ltr'>tardatis?</span> <span class='ocrx_word' id='word_1_370' title='bbox 1276 2703 1343 2727; x_wconf 91' lang='lat' dir='ltr'>non</span> <span class='ocrx_word' id='word_1_371' title='bbox 1370 2692 1494 2727; x_wconf 83' lang='lat' dir='ltr'>videtis</span> 
     </span>
    </p>
   </div>
  </div>
 </body>
</html>
