1742 3005
225 56 307 95 450
429 57 523 106 Cap.
556 55 670 92 Ct'lt.
729 55 788 90 De
820 61 949 90 sancta
983 55 1178 89 Germano
1211 53 1406 101 episcopo.

224 162 471 205 conflagraret.
521 158 585 196 Qui
619 166 692 190 eum
720 162 922 203 rogaretur,
961 162 998 191 ut
1032 156 1111 190 inde
1145 159 1346 200 asportatus
1381 156 1495 199 ignem
1529 163 1611 189 eva-

225 228 334 267 deret,
362 225 420 258 ille
448 222 607 256 incendio
633 231 672 256 se
698 224 844 266 opponit
873 227 908 256 et
942 222 1035 256 ultra
1064 223 1220 265 citraque
1251 222 1365 255 omnia
1388 224 1612 254 consumente

225 294 361 326 {launna
396 289 584 332 hospitium
619 288 694 331 ejus
722 298 790 321 non
817 289 945 333 tetigit.
992 287 1078 321 Dum
1103 285 1147 319 ad
1178 285 1378 320 Britannias
1402 288 1530 320 iterato
1555 296 1610 319 re-

224 359 337 397 diret,
369 360 406 389 ut
441 354 642 388 haereticos
679 352 897 394 confutaret,
931 351 1070 397 quidam
1105 362 1146 385 ex
1181 351 1362 395 discipulis
1399 353 1474 396 ejus
1499 351 1611 397 gradu

224 424 360 458 concito
389 422 466 466 ejus
489 419 642 463 vestigia
669 418 903 462 sequebatur,
937 419 995 463 qui
1020 422 1136 451 tamen
1164 415 1257 461 apud
1285 416 1532 450 Cordoinarum
1560 418 1614 450 in-

225 489 408 524 firmitatus
435 484 610 519 occubuit.
659 483 812 517 Rediens
841 482 922 517 inde
947 482 1071 517 heatus
1091 481 1281 516 Germanus
1298 481 1519 526 sepulchrum
1537 482 1613 525 ejus

225 555 355 599 aperiri
385 552 469 586 fecit
491 552 675 594 ipsumque
702 559 831 583 vocans
859 559 902 583 ex
926 549 1085 589 nomine,
1118 546 1201 592 quid
1239 551 1383 592 ageret,
1423 557 1468 580 an
1501 546 1615 580 adhuc

225 630 342 654 secum
367 617 517 651 militare
545 619 707 659 cuperet,
741 615 938 659 requisivit.
984 613 1069 648 Mox
1101 613 1160 646 ille
1194 612 1354 646 residens
1390 616 1515 646 cuncta
1547 611 1614 645 sibi

226 688 389 718 constare
426 681 549 714 suavia
583 689 622 712 ac
654 689 692 713 se
727 679 821 713 nolle
857 690 875 713 e
896 683 1018 712 eontra
1050 678 1195 712 ulterius
1230 679 1388 712 revocari
1422 677 1614 722 respondit.

225 749 325 783 Tuuo
359 749 482 780 sancto
514 748 709 784 annuente,
750 748 787 777 ut
814 744 1074 788 requiesceret,
1115 743 1174 777 ille
1207 742 1368 787 deposito
1397 745 1510 787 capite
1539 754 1614 776 rur-

225 824 299 849 sum
327 814 359 846 in
385 811 522 845 domino
550 809 772 843 obdormivit.
820 807 906 842 Dum
941 809 975 841 in
1007 806 1190 842 Britannia
1221 808 1445 852 praedicaret
1477 813 1512 842 et
1546 809 1614 842 sibi

227 885 261 915 et
296 879 402 913 sociis
436 886 497 910 rex
526 875 729 908 Britanniae
756 874 944 918 hospitium
971 873 1204 919 denegasset,
1239 873 1404 907 subulcus
1437 874 1533 918 regis
1560 883 1615 908 re-

225 954 372 992 gressus
409 952 429 976 a
463 941 605 986 pascuis
638 943 813 983 receptam
852 938 1088 983 praebendam
1129 940 1165 972 in
1198 938 1332 983 palatio
1363 938 1407 972 ad
1442 940 1615 982 tugurium

226 1011 404 1056 proprium
429 1008 587 1042 rel'erens
615 1005 701 1038 vidit
728 1004 865 1039 beatum
893 1004 1099 1039 Germanum
1130 1014 1204 1037 cum
1231 1005 1338 1038 sociis
1372 1004 1462 1038 same
1494 1007 1527 1037 et
1552 1004 1614 1036 sri-

225 1086 313 1124 gore
339 1074 579 1111 laborantem,
614 1081 701 1114 quos
730 1071 764 1103 in
790 1070 890 1103 domo
920 1079 983 1103 sua
1007 1070 1162 1115 benigne
1187 1071 1321 1113 recepit
1346 1074 1380 1104 et
1404 1070 1540 1103 unicum
1568 1070 1616 1102 vi-

225 1142 353 1179 tulum,
386 1148 485 1183 quem
525 1135 699 1178 habebat,
741 1135 938 1179 hospitibus
971 1135 1086 1169 occidi
1119 1136 1310 1179 praecepit.
1359 1134 1444 1169 Post
1475 1144 1616 1168 coenam

226 1212 369 1242 sanctus
399 1203 590 1238 Germanus
617 1203 733 1235 omnia
759 1210 843 1234 ossa
868 1200 965 1234 vituli
1000 1211 1107 1244 super
1138 1200 1262 1244 pellem
1289 1202 1447 1244 componi
1476 1200 1557 1234 fecit
1583 1204 1615 1232 et

227 1273 271 1307 ad
298 1273 375 1316 ejus
401 1270 593 1303 orationem
619 1267 746 1301 vitulus
781 1268 855 1300 sine
891 1275 988 1299 mora
1021 1267 1183 1299 surrexit.
1234 1265 1402 1310 Sequenti
1437 1266 1492 1299 die
1529 1264 1616 1299 Ger-

226 1347 347 1372 manus
374 1336 448 1380 regi
473 1334 621 1367 festinus
648 1334 797 1366 occurrit
822 1336 868 1372 et,
894 1340 954 1365 cur
979 1332 1009 1365 ei
1027 1330 1213 1374 hospitium
1232 1330 1427 1376 denegarit,
1455 1336 1617 1376 potenter

228 1404 381 1448 inquirit.
431 1399 531 1434 Tune
568 1409 629 1433 rex
666 1397 889 1438 vehementer
921 1397 1089 1430 attonitus
1125 1396 1192 1430 sibi
1220 1396 1435 1441 respondere
1460 1408 1527 1430 non
1551 1408 1615 1441 po-

225 1470 293 1502 tuit
318 1472 352 1503 et
378 1467 455 1501 ille:
492 1465 685 1512 egredere,
721 1464 852 1510 iuquit,
888 1466 921 1496 et
947 1473 1090 1506 regnum
1117 1462 1252 1496 meliori
1280 1462 1423 1496 dimitte.
1474 1461 1616 1496 Germa-

227 1545 291 1569 nus
316 1535 424 1579 igitur
447 1532 510 1565 Dei
535 1531 698 1565 mandato
725 1530 903 1564 subulcum
925 1541 998 1564 cum
1025 1541 1136 1565 uxore
1153 1531 1269 1565 venire
1295 1528 1378 1563 fecit
1394 1533 1427 1563 et
1443 1529 1615 1563 universis

227 1599 449 1644 stupentibus
482 1607 599 1642 regem
634 1598 814 1631 constituit
851 1602 885 1632 et
919 1603 1065 1632 extunc
1101 1607 1204 1642 reges
1241 1596 1284 1630 de
1319 1596 1453 1630 subulci
1486 1606 1616 1641 genere

226 1665 441 1710 prodeuntes
476 1663 696 1696 dominantur
729 1665 824 1708 genti
856 1664 1046 1697 Britomnn.
1096 1663 1178 1697 Cum
1206 1662 1364 1696 Saxones
1390 1666 1511 1695 contra
1536 1661 1615 1696 Bri-

226 1738 328 1764 tones
366 1729 570 1762 dimicarent
602 1733 636 1762 et
668 1739 705 1762 se
735 1738 867 1772 paucos
901 1729 1077 1764 viderent.
1113 1732 1254 1761 sanctos
1281 1727 1360 1762 inde
1394 1732 1615 1761 transeuntes

227 1798 439 1828 vocaverunt
466 1797 500 1827 et
524 1793 566 1826 ab
595 1794 638 1825 iis
663 1793 860 1836 praedicati
889 1795 1044 1827 certatim
1071 1802 1188 1825 omnes
1215 1792 1258 1825 ad
1280 1791 1443 1836 baptismi
1464 1793 1614 1837 gratiam

227 1858 471 1893 convolabant.
521 1857 583 1891 Die
609 1858 716 1901 igitur
736 1858 891 1901 paschae
912 1869 953 1891 ex
975 1860 1111 1891 l'ervore
1132 1857 1208 1891 lidei
1230 1858 1395 1902 projectis
1412 1858 1516 1890 armis
1532 1868 1614 1901 pro-

226 1928 359 1968 ponunt
380 1924 517 1956 l'ortiter
532 1923 710 1966 proeliari,
741 1923 831 1967 quod
851 1923 900 1956 illi
919 1923 1102 1957 audientes
1129 1924 1296 1957 audacter
1322 1927 1444 1956 coiitra
1466 1924 1615 1956 inermes

227 1992 428 2032 properant,
456 1987 516 2021 sed
544 1987 735 2021 Germanus
761 1988 873 2022 latens
899 1998 972 2021 cum
997 1990 1069 2021 suis
1096 1998 1215 2021 omnes
1241 1987 1432 2027 admonuit,
1461 1991 1508 2028 ut,
1542 1998 1616 2021 eum

227 2056 302 2097 ipse
329 2053 472 2097 alleluJa
496 2052 682 2094 clamaret,
715 2063 834 2086 omnes
861 2050 928 2086 sibi
954 2063 1020 2086 uno
1047 2053 1199 2087 clamore
1221 2052 1468 2097 respondeant.
1518 2053 1615 2092 Quod

226 2128 300 2152 cum
324 2117 451 2151 sactum
474 2122 580 2159 esset,
608 2121 724 2151 tantus
752 2117 874 2151 hostes
899 2128 1005 2162 super
1020 2120 1140 2163 sejam
1158 2119 1329 2151 irruentes
1347 2122 1461 2151 terror
1479 2119 1616 2155 invasit,

228 2188 264 2218 ut
290 2184 460 2227 projectis
477 2185 582 2216 armis
599 2193 665 2216 non
682 2183 791 2216 solum
809 2187 942 2217 montes
959 2182 1019 2217 sed
1038 2183 1170 2218 coelum
1200 2185 1301 2216 etiam
1329 2193 1435 2227 super
1456 2193 1495 2216 se
1517 2193 1617 2217 ruere

227 2252 409 2294 putarent,
445 2249 628 2292 cunctique
660 2247 875 2291 diffugerunt
936 2247 1090 2287 Quadam
1126 2250 1201 2282 viee
1236 2247 1313 2281 dum
1350 2258 1412 2292 per
1436 2248 1616 2292 Augusto—

228 2314 352 2347 dunum
389 2313 565 2346 transiens
601 2313 644 2346 ad
677 2312 840 2346 tumulum
881 2314 993 2346 sancti
1018 2313 1178 2346 Cassiani
1214 2313 1370 2357 episcopi
1401 2313 1616 2355 devenisset,

228 2377 402 2423 quomodo
429 2387 468 2411 se
494 2377 660 2418 haberet,
688 2379 880 2422 inquisivit.
926 2376 988 2411 llle
1023 2379 1139 2411 statim
1174 2388 1214 2411 ex
1240 2378 1370 2412 tumulo
1398 2380 1530 2412 cunctis
1555 2388 1616 2411 au-

229 2443 405 2476 dientibus
432 2444 482 2476 sic
510 2442 709 2486 respondit:
745 2442 835 2476 dulci
868 2443 985 2486 quiete
1021 2443 1184 2487 perfruor
1208 2447 1241 2477 et
1269 2443 1453 2477 adventum
1481 2442 1614 2476 redem-

228 2509 316 2540 toris
344 2511 521 2551 exspecto⁴
572 2507 615 2541 Et
641 2507 718 2541 ille:
754 2508 896 2552 quiesce
932 2518 996 2552 per
1025 2508 1166 2553 longum
1195 2509 1228 2541 in
1257 2507 1395 2542 Christo
1420 2511 1554 2549 tempus
1583 2511 1616 2540 et

230 2581 294 2613 pro
328 2571 429 2604 nobis
463 2573 629 2606 attentius
667 2573 865 2613 intercede,
911 2576 948 2606 ut
988 2572 1147 2607 obtinere
1185 2583 1307 2607 sacrae
1345 2572 1615 2605 resurrectionis

232 2634 365 2678 gaudia
387 2646 590 2670 mereamur.
639 2635 724 2670 Dum
753 2636 846 2681 apud
870 2637 1069 2672 Ravennam
1096 2637 1316 2678 devenisset,
1344 2645 1365 2669 a
1390 2637 1515 2681 regina
1536 2636 1615 2671 Pla-
