1742 3005
329 103 426 153 Cap.
458 102 665 140 CLXVIII.
724 101 784 140 De
814 108 943 140 sancta
972 101 1187 139 Elizabeth.
1370 102 1451 142 763

68 207 173 241 tionIs
191 207 298 240 otium
316 216 383 240 non
402 205 559 242 deseruit
575 206 739 242 Marthae
756 206 906 242 osticium
927 207 1156 250 laboriosum,
1184 209 1275 242 sicut
1292 218 1400 253 supra
1419 210 1453 242 in

71 275 248 317 ¹)septem
274 271 440 317 operibus
466 272 733 307 misericordiae
761 276 815 307 est
832 277 1022 308 ostensum.
1070 272 1302 308 Nihilominus
1322 277 1453 314 tamen,

68 341 253 383 postquam
269 338 471 383 religiosum
490 337 644 372 habitum
657 338 778 379 induit,
798 338 943 373 sedulae
961 340 1101 382 pietatis
1112 338 1276 382 operibus
1293 338 1452 374 deservi-

66 403 128 437 vit.
152 402 236 437 Nam
257 413 330 438 cum
349 415 412 449 pro
431 403 513 438 dote
534 413 598 438 sua
616 406 650 446 ²)
663 403 730 437 duo
747 404 856 437 millia
875 413 1066 437 marcarum
1086 405 1292 447 recepisset,
1318 408 1452 448 partem

67 469 102 502 in
128 479 303 513 pauperes
329 469 507 504 distribuit
529 472 564 503 et
590 468 633 502 de
659 468 794 512 reliquo
827 469 860 501 in
886 467 1059 514 Mai-purg
1090 477 1249 513 magnum
1276 467 1454 512 hospitale

68 536 276 569 construxit.
323 534 471 578 Propter
505 532 598 578 quod
631 542 750 566 omnes
786 542 860 567 eam
893 533 1103 576 reputabant
1136 532 1394 577 dissipatricem
1421 537 1457 566 ct

68 599 252 645 prodigam
277 603 312 634 et
335 600 450 633 cuncti
484 607 558 632 eam
592 597 821 642 appellabant
853 599 1031 640 insanam,
1068 602 1103 632 et
1135 598 1218 643 quia
1251 608 1372 632 omnes
1403 598 1454 630 in-

65 665 180 708 jurias
213 667 361 699 noverat
392 663 588 709 gaudenter
620 664 802 708 accipere,
835 663 1123 708 improperabant
1148 665 1198 706 ei,
1235 663 1329 708 quod
1355 665 1456 697 nimis

67 730 136 762 cito
163 731 360 764 memoriam
388 731 453 764 viri
478 730 533 764 sui
558 739 579 763 a
603 728 710 764 corde
735 728 934 774 abjecerat,
967 739 1058 774 quae
1089 729 1208 763 taliter
1240 729 1455 763 exsultabat.

67 793 255 840 Postquam
280 798 393 830 autem
419 794 596 840 hospitale
623 799 877 836 construxerat,
905 796 1062 829 servitiis
1087 804 1277 839 pauperum
1306 804 1344 828 se
1367 798 1457 828 tani-

68 869 169 905 quam
195 861 356 895 aneillam
382 860 543 895 humilem
568 862 789 905 mancipavit,
816 871 892 895 nam
922 861 1137 904 pauperibus
1164 860 1318 894 sollicita
1344 860 1456 894 admi-

68 926 256 969 nistrabat,
282 931 320 961 ut
343 937 404 962 eos
421 928 522 961 etiam
541 925 725 960 balnearet
744 930 778 960 et
797 928 830 960 iu
852 926 953 960 lectis
974 925 1152 959 collocans
1170 927 1339 970 operiret,
1366 925 1456 960 adeo

68 996 107 1027 ut
125 992 263 1027 ancillis
288 991 550 1038 gratulabunda
579 991 733 1026 diceret:
760 1001 860 1036 qnam
886 990 976 1026 bene
1001 990 1182 1025 nobiscum
1208 993 1346 1036 agitur,
1374 992 1458 1035 quia

70 1057 244 1093 dominum
269 1059 320 1092 sic
344 1058 547 1092 balneamus
573 1060 607 1092 et
640 1058 803 1102 tegimus.
853 1057 890 1092 ln
919 1058 996 1101 ipso
1023 1060 1136 1090 autem
1170 1066 1360 1101 pauperum
1393 1056 1458 1089 ob-

69 1125 192 1169 sequio
220 1125 270 1157 sic
294 1122 471 1157 humiliter
494 1133 532 1157 se
558 1123 693 1165 habuit,
721 1123 813 1168 quod
835 1123 1014 1167 puerulum
1042 1121 1213 1167 quendam
1240 1121 1459 1155 monoculum

70 1193 106 1225 et
121 1189 240 1224 scabie
259 1188 436 1234 perfusum
459 1199 527 1222 una
554 1193 657 1223 nocte
686 1190 716 1233 3)
730 1193 862 1232 septem
889 1187 1023 1222 vicibus
1051 1189 1204 1231 propriis
1231 1186 1387 1221 brachiis
1414 1186 1459 1221 ad

69 1254 183 1289 locum
217 1256 442 1290 necessitatis
475 1254 599 1288 detulit
629 1258 663 1289 et
695 1263 831 1299 pannos
858 1255 969 1298 ipsius
996 1253 1159 1287 foedatos
1185 1252 1336 1287 libenter
1361 1252 1459 1286 IavIt..

71 1320 252 1361 Quandam
288 1322 391 1355 etiam
432 1320 609 1354 mulierem
650 1319 869 1354 horribiliter
906 1319 1082 1363 leprosam
1117 1329 1225 1363 saepe
1251 1318 1398 1353 abluens
1427 1320 1462 1352 in

71 1387 199 1422 lectulo
231 1386 417 1421 collocavit
449 1386 569 1420 ulcera
598 1389 741 1431 tergens
776 1390 811 1420 et
833 1385 970 1431 ligans,
1005 1384 1256 1418 medicamenta
1287 1384 1461 1419 adhibens

75 1462 282 1498 unguesque
307 1451 536 1496 praecidens,
576 1452 653 1496 ejus
680 1453 782 1486 etiam
809 1451 958 1495 pedibus
986 1454 1164 1495 prostrata
1188 1451 1362 1495 corrigias
1386 1450 1464 1484 cal-

73 1522 330 1553 ceamentorum
364 1517 519 1552 solvens.
572 1516 671 1562 Ipsos
706 1521 820 1551 autem
856 1516 1010 1551 infirmos
1045 1515 1089 1549 ad
1131 1515 1389 1550 confessionem
1429 1518 1463 1550 et

71 1584 418 1618 communicationem
460 1582 630 1618 inducens
674 1583 824 1618 vetulam
866 1581 1040 1627 quandam
1087 1582 1225 1625 penitus
1261 1586 1462 1616 renuentem

73 1649 221 1684 verbere
247 1649 457 1694 castigatam
483 1648 629 1683 induxit.
680 1648 761 1683 Cum
788 1658 870 1682 vero
896 1658 917 1681 a
942 1658 1131 1692 pauperum
1159 1646 1308 1681 vacabat
1330 1647 1464 1689 officio,

76 1715 197 1750 tilabat
228 1715 344 1749 lanam
371 1713 413 1749 de
442 1713 591 1759 quodam
618 1715 830 1748 monasterio
857 1713 925 1748 sibi
954 1715 1095 1747 missam
1123 1717 1157 1747 et
1181 1714 1341 1757 pretium,
1369 1712 1464 1757 quod

74 1782 156 1816 inde
189 1780 409 1825 accipiebat,
451 1781 665 1825 pauperibus
702 1778 894 1813 dividebat.
944 1779 1027 1813 Cum
1062 1783 1176 1815 antem
1211 1782 1292 1823 post
1323 1779 1464 1813 multam

75 1850 318 1894 paupertatem
352 1847 563 1891 quingentas
599 1855 736 1880 marcas
771 1855 836 1890 pro
865 1844 947 1879 dote
973 1855 1038 1879 sua
1061 1849 1222 1889 receptas
1249 1843 1464 1888 pauperibus

76 1912 250 1948 divideret
283 1915 318 1946 et
348 1911 508 1945 omnibus
544 1911 703 1946 ordinate
734 1911 861 1945 locatis
895 1911 974 1955 ipsa
998 1912 1176 1945 succincta
1199 1911 1377 1945 transiens
1403 1910 1469 1944 mi-

76 1979 264 2020 nistraret,
303 1979 422 2023 posita
455 1981 510 2012 est
545 1977 624 2019 lex,
663 1981 720 2019 ut,
761 1978 792 2010 si
835 1977 913 2020 quis
956 1977 1041 2018 4)in
1077 1976 1225 2011 aliorum
1274 1986 1469 2020 pauperum

78 2042 331 2087 praejudicium
355 2043 469 2076 locum
495 2046 656 2084 mutaret,
680 2046 718 2076 ut
743 2043 866 2076 iterum
885 2043 1076 2085 acciperet,
1102 2042 1308 2086 capillorum
1327 2051 1468 2075 suorum

79 2108 377 2142 detruncationem
402 2107 555 2151 ailquam
580 2107 781 2140 sustineret.
830 2105 873 2140 Et
898 2116 979 2141 ecce
1006 2105 1176 2150 quaedam
1195 2105 1313 2149 puella
1329 2107 1469 2139 nomine

79 2172 320 2217 Radegundis‚
341 2181 432 2216 quae
451 2172 538 2205 mira
556 2171 759 2215 capillorum
778 2171 1036 2216 pulchritudine
1051 2170 1220 2215 pollebat,
1246 2169 1328 2207 inde
1341 2172 1470 2204 transi-

78 2242 160 2273 tura
170 2237 326 2279 advenit,
345 2247 412 2270 nou
433 2235 477 2270 ad
495 2236 732 2279 elemosinam,
751 2237 813 2272 sed
835 2242 871 2271 ut
888 2237 1061 2282 quandam
1084 2246 1239 2269 sororem
1257 2245 1352 2269 suam
1376 2235 1471 2270 intir-

80 2313 168 2337 mam
193 2304 365 2337 visitaret.
415 2301 512 2342 Quae
537 2312 612 2336 cum
637 2307 809 2348 tamquam
835 2303 926 2349 legis
953 2302 1233 2347 praevaricatrix
1261 2300 1306 2334 ad
1330 2300 1470 2335 beatam

82 2366 266 2402 Elizabeth
287 2367 438 2401 adducta
456 2367 595 2410 luisset,
622 2369 699 2413 eJus
716 2369 865 2414 capillos
884 2370 1044 2414 protinus
1065 2367 1264 2401 detruncari
1282 2366 1471 2408 mandavit,

83 2434 163 2477 ipsa
181 2431 285 2467 flente
304 2435 338 2466 et
357 2431 538 2475 plurimum
560 2433 764 2468 reluctante.
814 2435 896 2468 Cum
918 2444 1000 2469 vero
1023 2432 1163 2478 quidam
1182 2431 1226 2465 de
1249 2430 1472 2465 adstantibus

85 2507 160 2532 eam
185 2499 401 2531 innocentem
426 2502 645 2540 assererent,
672 2498 735 2533 illa
759 2500 826 2533 ait:
859 2499 983 2534 saltem
1011 2498 1055 2533 de
1081 2501 1222 2533 caetero
1247 2507 1317 2530 non
1342 2497 1474 2540 poterit

84 2573 158 2597 cum
181 2566 281 2597 tanta
304 2561 508 2606 capillorum
534 2562 724 2598 ambitione
749 2563 794 2598 ad
821 2564 970 2599 choreas
996 2563 1187 2605 accedere,
1213 2571 1277 2596 nec
1302 2571 1376 2596 cum
1401 2561 1474 2598 illis

158 2661 186 2693 1)
203 2660 281 2687 Aiii2
298 2669 378 2688 sex.
481 2660 509 2693 2)
528 2658 582 2686 Ed.
601 2662 644 2685 Pr.
663 2658 749 2690 legit:
769 2659 862 2688 duas
881 2669 1042 2690 marcas.
1152 2660 1179 2695 3)
1198 2659 1258 2688 Alii
1277 2668 1341 2688 sex
1359 2659 1473 2693 legunt.

88 2707 117 2739 4)
135 2704 188 2733 Ed.
207 2708 250 2734 Pr.
269 2705 364 2734 verba
383 2705 419 2732 in
439 2719 471 2726 --
490 2703 629 2732 iterum
649 2703 769 2733 omittit.
