1742 3005
234 97 315 137 394
498 98 593 145 Cap.
626 96 706 132 XC.
769 95 826 131 De
858 101 987 132 sancto
1020 96 1138 133 Paulo
1170 97 1358 147 apostolo.

233 203 396 238 laudibus
434 200 522 234 velle
557 199 727 233 decorari.
778 200 853 234 Non
885 200 950 234 hoc
986 201 1170 236 secundum
1206 202 1311 237 Deum
1339 202 1434 245 loqui
1462 199 1622 234 indicium

235 277 307 311 est,
344 267 405 303 sed
442 267 560 311 potius
586 266 744 300 insaniae
771 270 835 300 est.
886 266 957 300 Hoc
983 252 1071 301 enim
1099 277 1231 301 omnem
1255 267 1446 302 mercedem
1476 270 1626 301 evacuat

233 334 411 369 laboribus
436 331 694 376 sudoribusque
721 334 935 377 quaesitam:
971 333 1095 367 etenim
1125 332 1229 366 altius
1257 332 1300 367 de
1325 343 1363 367 se
1393 332 1521 366 efferre
1548 342 1623 366 ser-

233 411 366 435 monem
402 399 552 445 gloriosi
588 401 642 432 est
678 402 712 432 et
746 398 930 433 insolentis
956 408 1105 443 seseque
1135 398 1326 443 Jactantis,
1363 385 1480 431 dicere
1509 401 1622 432 autem

232 468 313 507 illa,
350 475 440 511 quae
473 464 652 509 praesenti
685 474 813 499 causae
846 463 1083 499 tantummodo
1109 465 1314 499 necessaria
1343 467 1443 504 sunt,
1476 462 1622 497 fructum

232 533 380 567 amantis
408 535 441 566 et
466 529 648 564 multorum
674 529 830 564 remedia
852 532 1058 576 cogitantis,
1099 531 1191 564 sicut
1213 533 1247 565 et
1273 529 1354 564 fecit
1379 528 1528 570 Paulus,
1565 530 1625 573 qui

233 601 311 634 dum
338 608 360 632 a
385 596 520 642 pseudo
546 599 743 640 caperetur,
768 597 801 629 in
827 595 949 630 laudes
977 606 1059 630 suas
1087 597 1137 630 ire
1162 595 1360 640 compulsus
1386 599 1452 637 est,
1477 595 1624 628 maxime

232 674 321 710 quae
346 664 550 709 dignitatem
577 671 672 695 suam
705 661 950 702 ostenderent,
989 661 1091 706 plura
1123 665 1236 696 autem
1265 665 1299 696 et
1323 662 1459 706 majora
1484 660 1623 695 celavit.

232 730 399 769 Veniam,
432 728 562 772 inquit,
597 726 642 760 ad
668 719 823 760 visiones
849 731 883 761 et
907 727 1157 762 revelationem
1188 728 1230 762 de
1260 737 1366 772 parco
1393 731 1456 761 etc.
1507 726 1625 760 Tanta

230 795 358 830 Paulus
383 798 523 838 tamque
549 791 674 826 crebra
699 801 772 825 eum
798 791 872 826 Deo
888 792 1031 827 liabens
1054 792 1206 838 eloquia,
1234 797 1364 838 quanta
1387 802 1449 826 nec
1470 791 1623 836 proplie-

229 866 340 896 tarum
370 869 433 894 nec
457 858 697 903 apostolorum
723 857 814 892 ullus
842 857 981 901 babuit,
1008 869 1072 903 per
1093 868 1135 893 ea
1161 859 1238 903 ipse
1263 857 1426 892 humilior
1450 857 1624 892 reddeba-

229 932 296 961 tur.
346 926 450 960 Visus
484 929 538 959 est
569 924 695 969 plagas
727 929 902 966 metuere,
938 928 975 958 ut
1002 923 1176 967 disceres,
1204 926 1285 970 quia
1310 923 1497 959 secundum
1522 926 1624 957 natu-

231 1004 302 1027 ram
328 1002 416 1027 unus
441 994 516 1026 erat
541 1001 583 1024 ex
609 989 782 1035 pluribus,
809 1001 873 1035 per
895 991 1106 1026 voluntatem
1132 1001 1199 1025 non
1227 991 1338 1025 solum
1364 1001 1471 1035 super
1496 989 1623 1024 multos

230 1060 407 1099 homines,
453 1067 570 1092 verum
604 1057 707 1090 etiam
740 1067 828 1090 unus
863 1067 905 1091 ex
940 1057 1076 1102 angelis
1111 1062 1186 1092 erat
1215 1068 1328 1102 neque
1351 1067 1436 1090 vero
1469 1059 1623 1090 metuere

229 1126 356 1170 plagas
381 1122 655 1168 reprehensione
682 1122 833 1167 dignum.
861 1122 925 1157 sed
948 1123 1130 1169 plagarum
1160 1127 1252 1158 metu
1281 1123 1414 1168 aliquid
1444 1122 1621 1168 indignum

229 1194 360 1236 pietate
384 1190 610 1224 connnittere,
659 1187 732 1222 Hoc
757 1189 834 1232 ipso
861 1189 969 1230 enim,
1008 1199 1075 1233 quo
1101 1189 1227 1234 plagas
1252 1191 1369 1228 timet,
1402 1190 1460 1234 qui
1486 1190 1519 1222 in
1544 1198 1619 1222 cer—

228 1259 356 1292 tamine
384 1266 452 1290 non
478 1256 648 1297 vincitur,
685 1254 929 1288 admirabilior
961 1256 1176 1296 ostenditur,
1212 1266 1311 1300 quam
1344 1255 1425 1295 ille,
1458 1256 1516 1300 qni
1552 1265 1622 1288 non

228 1326 334 1358 timet.
385 1322 482 1356 Sicut
508 1331 573 1356 nec
598 1330 756 1356 moerere
783 1320 959 1366 culpabile
984 1325 1055 1364 est,
1093 1321 1156 1356 sed
1186 1332 1250 1367 per
1282 1331 1474 1356 moerorem
1506 1321 1622 1356 dicere

229 1394 289 1424 aut
313 1389 430 1423 facere
459 1387 593 1433 aliquid
618 1397 756 1429 eorum,
795 1397 886 1432 quae
920 1387 992 1422 Deo
1020 1387 1221 1432 displicent.
1269 1387 1354 1421 Hinc
1381 1386 1493 1432 qualis
1519 1385 1629 1421 fuerit·

228 1456 378 1497 Paulus,
416 1454 631 1495 ostenditur,
665 1440 747 1498 quia¹
782 1455 814 1488 in
839 1453 901 1488 tali
932 1458 1058 1488 natura
1084 1455 1203 1489 vivens
1230 1453 1343 1499 potuit
1368 1451 1623 1499 quodammodo

227 1530 336 1566 supra
360 1525 538 1560 naturam,
575 1519 666 1565 quod
704 1521 733 1554 si
759 1524 903 1555 mortem
938 1521 1063 1563 timuit,
1091 1531 1155 1555 nec
1179 1522 1291 1565 ipsam
1318 1519 1455 1566 quidem
1482 1528 1622 1554 recusa-

182 1616 192 1625 .
227 1588 298 1621 bat.
348 1585 423 1620 Non
449 1587 536 1620 enim
561 1590 717 1620 naturam
739 1586 871 1621 habere
900 1586 1156 1622 infirmitatibus
1181 1586 1376 1628 subditam,
1402 1585 1463 1620 sed
1490 1587 1623 1620 servire

226 1651 485 1687 infirmitatibus
513 1653 732 1686 criminosum
760 1657 835 1694 est,
872 1657 909 1687 ut
943 1656 1065 1688 merito
1099 1653 1159 1688 ille
1192 1652 1410 1687 admirabilis
1438 1652 1623 1695 habeatur,

228 1720 285 1764 qni
311 1718 581 1753 imbecillitatem
609 1721 753 1752 naturae
781 1718 970 1753 voluntatis
1000 1720 1129 1753 virtute
1154 1721 1344 1763 superavit,
1375 1729 1477 1764 qnam
1503 1721 1533 1752 si
1560 1718 1622 1754 Jo-

197 1781 372 1819 ‘hannem
389 1813 396 1826 ‚
425 1785 483 1829 qui
511 1783 693 1818 dicebatur
719 1783 876 1827 Marcus,
904 1794 925 1818 a
949 1786 1128 1818 consortio
1155 1786 1347 1829 separavit.
1397 1784 1469 1818 Hoc
1506 1786 1623 1829 itaque

226 1851 422 1886 rectissime
457 1860 520 1894 per
553 1849 827 1894 praedicationis
861 1850 1012 1884 officium
1048 1850 1184 1892 effecit,
1220 1861 1295 1885 cum
1328 1849 1520 1895 siqnidem,
1565 1850 1623 1894 qui

225 1916 319 1951 istud
350 1917 507 1960 suscepit
541 1914 715 1958 officium,
755 1926 823 1949 non
854 1921 994 1961 oportet
1029 1927 1107 1952 esse
1150 1917 1287 1951 mollem
1323 1920 1383 1950 aut
1417 1915 1622 1957 resolutum,

226 1982 290 2017 sed
318 1982 441 2016 sortem
467 1985 500 2015 et
522 1992 585 2026 per
610 1986 735 2015 cuncta
764 1981 953 2016 robustum.
1004 1982 1123 2028 Neque
1152 1984 1239 2017 enim
1268 1983 1396 2027 aliquis
1432 1982 1537 2017 debet
1570 1986 1623 2017 at-

224 2050 362 2093 tingere
398 2047 574 2093 praeclari
613 2047 716 2092 liujus
752 2050 903 2083 muneris
938 2048 1170 2092 sanctionem,
1204 2050 1270 2083 nisi
1306 2053 1451 2094 paratus
1476 2050 1522 2083 sit
1547 2050 1624 2082 ani-

225 2125 314 2148 mam
343 2114 470 2148 millies
505 2113 647 2148 tradere
680 2115 712 2147 in
750 2118 893 2149 mortem
929 2119 1034 2160 atque
1067 2115 1278 2149 discrimina.
1331 2115 1397 2154 Qui
1431 2116 1520 2149 enim
1555 2125 1623 2156 non

225 2181 287 2214 tali
313 2181 428 2214 animo
456 2184 529 2222 est,
566 2179 691 2214 multos
725 2180 816 2215 alios
849 2191 912 2215 sno
948 2181 1073 2226 perdet
1104 2181 1286 2226 exemplo,
1320 2182 1504 2226 magisque
1538 2181 1623 2215 utile

226 2249 299 2287 est,
337 2246 368 2279 si
395 2247 551 2290 quiescat
579 2246 717 2291 sibique
753 2251 883 2281 tantum
911 2251 1020 2282 vacet.
1070 2247 1145 2281 Non
1171 2249 1220 2281 ita
1244 2246 1528 2292 gubernatorem,
1556 2258 1623 2281 non

225 2311 269 2346 ad
286 2311 419 2347 bestias
438 2311 669 2351 dimicantem,
691 2322 758 2345 non
773 2312 854 2346 ludo
874 2313 1088 2357 gladiatorio
1101 2312 1323 2348 destinatum.
1344 2324 1410 2347 non
1430 2315 1623 2358 quempiam

226 2379 365 2411 ‹mmino
379 2378 430 2411 sic
443 2377 485 2411 ad
501 2377 703 2411 discrimina
714 2381 819 2423 atque
831 2383 959 2412 mortes
973 2383 1130 2423 paratam
1142 2383 1246 2424 atque
1258 2380 1463 2423 dispositam
1477 2381 1622 2413 animam

225 2447 367 2488 oportet
385 2443 530 2486 babere,
550 2447 586 2477 nt
606 2454 694 2485 eum,
716 2445 774 2489 qui
797 2444 946 2478 ol'licinm
964 2446 1119 2489 suscepit
1133 2445 1377 2493 praedicandi.
1406 2436 1490 2479 Nam
1508 2448 1542 2479 et
1562 2453 1622 2487 pe-

227 2510 337 2543 ricula
371 2510 530 2554 proferto
566 2511 702 2554 maiora
729 2514 763 2544 et
788 2510 986 2545 adversarii
1013 2499 1195 2546 saeviores
1222 2522 1286 2546 nec
1309 2521 1453 2556 usquam
1479 2520 1622 2554 prorsus

227 2575 330 2606 simili
356 2575 556 2610 conditione
585 2579 750 2610 certatur.
800 2577 940 2611 Coc-lum
967 2587 1113 2622 namque
1140 2579 1172 2611 in
1199 2578 1364 2622 praemio,
1392 2577 1423 2608 in
1450 2575 1623 2619 supplicio

227 2637 385 2683 gebenna
416 2643 632 2684 proponitur.
684 2643 721 2675 Si
755 2653 836 2676 vcro
871 2643 991 2688 aliqua
1022 2644 1111 2677 inter
1139 2653 1199 2677 cos
1229 2641 1411 2675 (·onnnotio
1441 2641 1533 2675 saeta
1559 2645 1622 2677 est.

229 2703 298 2736 noli
338 2702 401 2736 boe
439 2704 597 2739 delii-tum
635 2711 776 2750 putare:
819 2719 884 2742 non
921 2709 1015 2742 (Ἶιίιιῑ
1044 2707 1250 2742 commoveri
1289 2705 1411 2740 matun·
1450 2711 1522 2743 est,
1562 2707 1623 2742 scd
