1742 3005
256 19 352 71 Cap.
385 20 576 57 CLXXX.
637 20 694 58 De
726 20 863 57 sanctis
895 20 1069 57 Bai-laam
1101 28 1138 59 et
1168 22 1364 73 ‚tos-aphau
1423 23 1504 61 819

117 125 277 160 Bartaam
301 135 340 161 se
366 128 531 162 simulans
557 129 667 172 priiuo
694 128 961 161 christianormn
989 125 1088 160 iidem
1110 125 1288 169 desendet,
1314 127 1441 165 deinde
1466 141 1503 165 se

116 192 278 236 superari
299 195 475 236 permittet
491 198 524 228 et
544 195 671 235 omnia,
694 203 785 238 quae
807 193 989 234 docuerat,
1016 192 1198 226 revocabit
1218 196 1250 226 et
1268 195 1319 227 sic
1339 193 1430 229 lilius
1450 207 1503 230 re-

105 258 172 302 .gis
194 257 236 290 ad
256 268 320 291 nos
338 258 481 293 redibit.
523 259 688 293 Assumto
706 260 814 304 igitur
834 258 1014 302 praedicto
1033 259 1189 301 principe
1206 268 1333 303 magno
1349 264 1503 296 exercitu

116 322 160 356 ad
186 323 421 368 quaerendum
449 324 610 359 Barlaam
638 325 701 357 ivit
725 328 759 357 et
784 324 961 357 eremitam
989 323 1082 356 illum
1107 325 1253 366 capiens
1280 334 1319 359 se
1340 324 1501 360 Barlaam

116 389 255 431 cepisse
282 388 381 424 dixit.
431 389 533 430 Quod
560 388 650 422 iilius
675 389 771 433 regis
797 387 954 427 audiens,
982 391 1118 430 captum
1145 387 1279 422 seilicet
1300 392 1501 435 magistrum

117 463 234 489 amare
267 455 380 497 flevit,
411 454 473 489 sed
506 453 722 498 postmodum
758 462 821 495 per
845 451 907 485 Dei
934 451 1182 485 revelationem
1216 452 1305 487 hunc
1329 465 1398 488 non
1425 467 1505 490 esse

118 521 294 564 cognovit.
342 520 528 565 Ingressus
554 520 662 563 igitur
694 521 794 561 pater
819 516 862 550 ad
895 516 998 550 tilium
1025 518 1091 549 ait:
1124 516 1170 550 titi
1199 519 1261 559 mi,
1294 520 1327 553 in
1361 522 1505 555 tristitia

117 594 244 630 magna
268 595 320 619 me
345 585 494 628 posuisti
522 588 556 618 et
580 593 687 617 meam
714 583 874 616 canitiem
903 581 1120 616 inhonorasti
1141 587 1174 617 et
1191 583 1303 618 lumen
1325 586 1502 621 oculorum

116 658 266 683 meorum
293 648 493 691 abstulisti;
520 659 649 694 quare,
677 648 746 689 iili,
784 647 850 682 hoe.
877 647 990 682 fecisti
1018 652 1052 681 et
1075 648 1224 682 Deorum
1252 660 1402 685 meorum
1429 654 1502 687 cul-

115 717 184 749 tum
212 714 412 760 reliquisti?
462 714 523 749 Cui
551 714 631 748 illex
656 713 843 755 tenebras,
872 717 992 758 pater,
1029 713 1124 759 fugi,
1159 714 1201 748 ad
1229 715 1341 750 lumen
1369 723 1504 754 cucurri

117 783 152 813 et
176 790 328 814 errorem
358 772 496 815 deserui
526 784 558 814 et
584 782 762 814 veritatem
799 781 948 824 agnovi,
984 780 1053 812 noli
1088 784 1201 814 autem
1238 780 1367 815 frustra
1402 784 1502 818 labo-

118 854 216 886 rare,
253 847 414 890 quoniam
441 856 613 891 nunquam
641 854 662 878 a
689 844 826 877 Christo
854 854 906 877 me
933 845 1065 887 poteris
1092 855 1276 886 revocare,
1303 848 1391 881 sieut
1416 852 1504 885 enim

115 910 180 944 tibi
206 911 425 955 impossibile
450 915 524 951 est,
560 909 776 944 altitudinem
813 909 903 942 coeli
936 919 1035 942 manu
1061 914 1207 955 tangere
1236 916 1296 945 aut
1322 916 1503 950 maximum

116 977 250 1010 siccare
276 977 438 1021 pelagus,
462 978 512 1010 sic
537 980 571 1010 et
595 974 687 1009 istud
715 984 794 1008 esse
825 984 1012 1019 cognosce.
1063 975 1161 1009 Tune
1188 987 1246 1010 rex
1273 979 1340 1012 ait:
1367 984 1401 1013 et
1427 984 1504 1026 quis

116 1040 237 1075 horum
257 1041 339 1074 mihi
361 1045 555 1075 auctorest
573 1040 751 1081 malornm,
779 1041 844 1073 nisi
867 1051 946 1084 ege,
974 1042 1030 1084 qui
1051 1045 1118 1074 tam
1139 1041 1320 1086 magnilica
1340 1045 1402 1078 tibi
1424 1046 1503 1085 feci,

117 1116 206 1152 quae
225 1116 399 1151 nunquam
421 1107 548 1152 aliquis
569 1110 704 1150 patrum
727 1106 809 1139 fecit
831 1105 931 1139 tilio?
968 1107 1190 1150 Quapropter
1206 1110 1364 1150 pravitas
1384 1112 1505 1146 volun-

115 1173 200 1206 tatis
218 1176 300 1206 tuae
311 1174 531 1206 etcontentio
549 1171 719 1206 effrenata
736 1170 905 1204 adversus
926 1176 1029 1216 caput
1053 1183 1160 1206 meum
1184 1177 1216 1207 te
1237 1174 1391 1209 insanire
1411 1176 1504 1212 seat.

117 1236 246 1272 Merito
272 1238 446 1282 astrologi
472 1238 504 1270 in
526 1238 711 1270 nativitate
730 1240 788 1269 tua
807 1236 968 1271 dixerunt
987 1241 1020 1271 te
1042 1244 1265 1283 arrogantem
1292 1244 1324 1274 et
1349 1246 1505 1285 parenti-

117 1303 182 1337 bus
209 1303 465 1338 inobedientem
495 1302 662 1341 suturum3
689 1313 778 1338 nuuc
804 1313 899 1342 vere,
926 1304 992 1336 nisi
1016 1303 1097 1337 mihi
1124 1306 1356 1349 aequieveris,
1385 1317 1405 1340 a
1432 1318 1507 1343 mea

117 1368 278 1402 discedes
312 1367 479 1403 filiatione
513 1374 548 1403 et
579 1380 641 1413 pro
674 1372 774 1412 patre
803 1370 962 1402 inimicus
998 1369 1143 1403 effectus
1178 1370 1239 1403 illa
1271 1371 1335 1404 tibi
1368 1372 1505 1412 faciam,
1549 1415 1559 1419 ν

118 1443 208 1479 quae
233 1443 297 1468 nec
323 1433 485 1469 hostibus
513 1434 625 1468 adhuc
661 1435 742 1470 feei.
792 1434 853 1468 (lui
880 1434 1072 1479 Josaphat:
1106 1446 1184 1476 eur,
1221 1447 1303 1478 rex,
1338 1439 1505 1475 tristaris,

118 1501 203 1544 quia
227 1499 396 1534 honorum
424 1502 603 1545 particeps
632 1500 776 1535 effectus
804 1501 907 1534 sum?
956 1500 1040 1539 Quis
1074 1511 1222 1545 unquam
1251 1506 1352 1545 pater
1385 1504 1418 1537 in
1447 1503 1505 1538 filii

117 1566 171 1600 sui
197 1567 435 1609 prosperitate
460 1567 570 1600 tristis
599 1567 791 1610 apparuit?
839 1564 915 1598 Non
942 1576 1026 1609 ergo
1049 1566 1120 1610 jam
1147 1570 1278 1610 patrem
1303 1571 1337 1601 te
1360 1568 1506 1607 vocabo,

118 1629 202 1671 sed,
243 1631 274 1664 si
310 1629 393 1663 mihi
427 1630 695 1673 adversaberis,
744 1633 833 1665 sieut
868 1641 888 1664 a
919 1636 1083 1676 serpente
1119 1632 1250 1678 fugiam
1290 1643 1311 1666 a
1341 1638 1386 1668 te.
1435 1634 1507 1670 Rex

118 1697 226 1741 igitur
250 1695 294 1729 ab
323 1706 363 1730 eo
389 1706 462 1731 cum
490 1698 541 1730 ira
566 1696 752 1732 discedens
778 1697 908 1732 Arachi
935 1699 1044 1731 amieo
1071 1702 1186 1731 notam
1216 1697 1298 1732 fecit
1327 1699 1386 1733 lilii
1412 1700 1505 1734 durh

117 1763 223 1804 tiam,
259 1763 318 1807 qui
352 1761 420 1796 sibi
453 1763 648 1804 consuluit,
681 1768 719 1798 ut
748 1775 816 1798 nou
849 1765 987 1808 asperis
1022 1763 1137 1797 verbis
1171 1774 1244 1797 eum
1272 1775 1312 1798 eo
1340 1769 1506 1802 uteretur,

118 1829 202 1872 quia
231 1826 370 1862 blandis
405 1831 439 1862 ct
475 1828 612 1862 lenibus
648 1840 735 1874 puer
771 1829 894 1864 melius
924 1829 1133 1863 traheretur.
1190 1829 1367 1874 Sequente
1400 1832 1509 1876 igitur

119 1893 175 1928 ‹lie
203 1904 264 1928 rex
289 1893 332 1927 ad
359 1892 464 1928 lilium
491 1895 583 1929 venit
611 1899 644 1929 et
670 1895 959 1939 circumplectens
993 1894 1221 1928 osculabatur
1255 1906 1329 1930 eum
1366 1896 1506 1930 dicens:

120 1958 168 1992 lili
196 1958 419 2000 dulcissime,
458 1959 594 1994 honora
628 1962 789 1994 canitiem
824 1962 936 2004 patris
969 1961 1040 2000 tui,
1087 1971 1226 2001 verere,
1269 1960 1335 2001 lili,
1376 1965 1507 2004 patrem

119 2028 234 2065 tuum;
260 2032 304 2057 an
331 2024 458 2065 nescis,
487 2025 591 2069 quale
617 2024 742 2058 bonum
769 2029 834 2066 est,
863 2026 954 2068 patri
975 2024 1119 2058 obedire
1147 2029 1180 2058 et
1207 2035 1281 2058 eum
1306 2025 1508 2064 laetificare,

120 2091 211 2130 sicut
243 2093 386 2123 econtra.
411 2088 536 2124 malum
569 2094 643 2131 est,
678 2091 776 2133 ipsos
804 2089 1047 2124 exacerbare?
1096 2089 1273 2133 Quotquot
1300 2090 1387 2123 enim
1415 2089 1511 2123 fece—

121 2158 212 2197 runt,
238 2155 328 2189 male
348 2156 536 2199 perierunt.
586 2155 647 2189 Cui
665 2155 859 2199 Josaphat:
887 2160 1022 2199 tempus
1044 2154 1183 2188 arnandi
1203 2159 1237 2190 et
1262 2159 1398 2199 tempus
1424 2155 1509 2189 obef

121 2220 255 2262 dionidi,
278 2224 414 2264 tempus
441 2221 539 2265 pacis
565 2225 598 2255 et
622 2225 756 2265 tempus
778 2220 882 2263 belli3
908 2221 1003 2255 nullo
1031 2222 1118 2255 euim
1145 2220 1247 2254 modo
1273 2221 1512 2255 avertentibus

122 2295 186 2320 nos
212 2295 232 2320 a
255 2285 328 2320 Deo
355 2286 500 2321 obedire
529 2286 708 2329 debemus,
736 2288 810 2321 sive
836 2288 883 2321 sit
907 2291 1027 2328 mater,
1051 2288 1126 2320 sive
1153 2288 1198 2320 sit
1219 2291 1330 2330 pater.
1379 2285 1511 2319 Videns

123 2353 232 2397 igitur
255 2354 358 2395 pater
385 2352 462 2396 ejus
487 2354 715 2387 constantiam
743 2354 808 2386 ait:
846 2363 886 2386 ex
922 2363 989 2397 quo
1022 2352 1124 2387 video
1159 2356 1250 2385 tuam
1284 2352 1511 2395 pertinaciam

123 2426 187 2451 nec
212 2415 294 2450 mihi
320 2415 465 2450 obedire
493 2418 561 2457 vis,
596 2417 719 2451 saltem
753 2419 829 2452 veni
866 2421 900 2452 et
929 2417 1029 2451 ambo
1069 2419 1201 2462 pariter
1227 2417 1365 2451 veritati
1390 2416 1513 2450 creda-

125 2492 218 2525 mus,
249 2481 411 2516 Barlaam
445 2483 552 2523 enim,
588 2483 646 2526 qui
682 2485 716 2516 te
741 2483 901 2524 seduxit,
931 2492 951 2516 a
976 2493 1028 2517 me
1055 2484 1189 2517 vinctus
1213 2485 1367 2523 tenetur-3
1402 2483 1511 2516 nostri

125 2549 234 2592 igitur
267 2552 301 2582 et
336 2548 441 2582 vestri
469 2557 542 2581 cum
569 2546 729 2581 Barlaam
759 2549 968 2582 conveniant
1000 2553 1034 2582 et
1058 2558 1264 2592 praeconem
1292 2549 1441 2588 mittam,
1477 2552 1514 2580 ut

126 2623 244 2648 omnes
264 2612 412 2649 Galilaei
440 2614 515 2648 siue
540 2614 662 2649 timore
690 2614 840 2651 veniant,
868 2618 901 2648 et
920 2613 1324 2658 disputationeincepta‚
1351 2614 1379 2647 si
1401 2617 1516 2649 vester

1159 2679 1235 2712 52*
