1742 3005
311 82 391 122 862
573 81 672 129 Cap.
707 80 929 116 CLXXXV.
988 81 1048 117 De
1079 88 1210 118 sancto
1242 83 1439 121 Otlunaro.

313 187 429 213 „iorum
456 185 563 211 diebus
590 183 627 210 do
655 184 872 212 consuetudine
892 184 985 212 biduo
1006 183 1218 211 abstinentiam
1238 186 1434 214 continuaret.
1470 185 1654 221 Paupertatis
1674 190 1702 211 et

313 229 490 256 humilitatis
509 233 626 255 amator
644 228 823 264 praecipuus
844 233 873 256 et
892 239 957 255 cum
977 228 1024 254 his
1043 227 1257 255 elemosinator
1275 238 1399 261 maguus
1416 230 1482 260 suit.
1518 231 1703 264 l'aupertatis

311 277 375 308 ejus
402 273 478 300 illud
505 273 655 305 ostendit,
682 273 764 306 quod
789 273 922 300 crebrius
947 272 1011 300 sine
1038 271 1139 299 tunica
1165 271 1227 298 sola
1254 276 1370 298 tantum
1398 282 1494 307 cappa
1520 274 1642 301 indutus
1666 274 1704 300 ad

313 318 527 345 monasterium
547 318 694 345 remeavit
714 317 853 352 exemplo
874 317 998 349 Christi,
1023 317 1074 349 qui
1092 316 1206 344 vilibus
1225 316 1333 350 pannis
1352 316 1383 342 in
1401 326 1455 343 sua
1473 317 1630 345 nativitate
1649 319 1704 344 ob-

312 362 435 389 volutus
454 361 520 391 suit.
556 366 592 389 Et
610 368 718 398 postea
740 363 833 390 crevit
854 363 885 388 in
903 362 1043 389 omnibns
1063 363 1125 395 ejus
1144 365 1323 395 paupertas,
1347 365 1379 387 ut
1398 370 1453 388 nos
1473 371 1563 397 super
1580 363 1703 391 instanti

314 407 441 442 pecunia
460 407 581 434 minime
601 408 795 434 confidamus.
832 411 867 434 lu
885 407 1064 434 necessitate
1084 404 1257 432 monasterii
1282 405 1328 431 sui
1354 405 1448 432 asello
1476 415 1531 440 pro
1550 416 1626 440 equo
1645 408 1704 434 fre·

313 451 453 485 quentius
476 453 633 484 utebatur,
668 452 699 478 in
726 451 931 479 misericordia
965 456 993 478 et
1023 449 1187 477 elemosina
1213 449 1289 475 nulli
1315 458 1420 476 servus
1452 449 1518 479 suit.
1561 453 1645 479 Unde
1677 458 1705 479 et

313 497 498 532 pauperibus
517 497 547 523 in
564 497 687 532 propria
706 492 836 531 persona
855 496 991 525 servivit.
1027 495 1168 530 Leprosis
1195 503 1256 521 non
1274 494 1363 526 longe
1382 504 1397 520 a
1418 496 1600 523 monasterio
1620 497 1706 524 habi-

311 542 446 568 taculum
464 541 554 574 fecit,
581 541 680 576 capita
700 552 866 576 pauperum
891 546 920 568 et
939 541 1033 576 pedes
1052 540 1083 567 in
1102 539 1225 575 propria
1247 548 1376 573 persona
1402 539 1492 573 lavit,
1517 541 1596 567 unde
1616 541 1706 568 etiam

314 591 402 621 pater
426 596 591 621 pauperum
618 596 634 612 a
660 586 798 620 pluribus
827 591 872 614 est
897 586 1078 623 appellatus.
1115 587 1206 611 Nocte
1234 592 1285 610 eos
1311 584 1449 611 visitavit
1468 590 1497 611 et
1516 586 1648 620 eisdem,
1674 592 1707 614 ut

315 632 428 657 dictum
454 636 516 663 est,
544 631 704 663 diligenter
730 633 892 658 obsecutus
919 635 983 663 est,
1014 630 1165 664 hospitale
1190 629 1314 663 iusuper
1340 630 1521 663 construxit,
1548 631 1601 658 ubi
1627 632 1707 658 caeci

314 685 463 710 pauperes
482 675 722 710 recipiebantur,
750 686 875 709 quorum
895 685 996 701 curam
1016 675 1091 701 adeo
1112 673 1240 701 sollicite
1259 674 1365 707 gessit,
1391 679 1424 700 ut
1448 674 1538 701 etiam
1563 676 1601 702 de
1619 681 1708 703 noete.

316 719 528 746 monasterium
550 720 706 751 egrediens
725 720 892 746 infirmitati
911 728 1013 745 eorum
1032 719 1127 745 multo
1147 718 1293 751 obsequio
1319 719 1495 745 deserviret.
1532 724 1612 747 Inter
1634 721 1708 747 haec

315 764 448 792 Warinus
463 768 493 791 et
506 764 687 797 Ruthardus,
707 765 757 797 qui
769 770 840 791 tunc
861 763 951 789 totius
971 762 1165 789 Alemanniae
1183 772 1282 788 euram
1298 763 1556 797 administrabant,
1577 766 1708 799 dyabolo

316 809 462 835 suadente
488 809 706 836 immanissimo
732 810 839 836 morbo
869 809 1013 836 nutritiae
1044 806 1201 842 praeventi
1234 816 1281 834 res
1314 808 1507 835 ecclesiarum
1531 810 1563 836 in
1581 820 1633 837 sua
1654 820 1708 845 po-

316 859 424 881 testate
453 853 577 881 sitarum
605 864 660 889 per
683 854 746 882 vim
773 854 832 882 sibi
859 854 968 888 injuste
986 852 1194 879 vindicabant.
1233 855 1314 887 Quae
1332 853 1411 879 mala
1431 853 1497 880 loco
1517 855 1612 881 sancti
1631 856 1708 882 Galli

317 898 456 926 similiter
475 898 654 926 inserebant.
691 902 786 935 Super
804 899 913 933 quibus
931 898 1047 933 injuriis
1067 897 1173 923 beatus
1193 897 1352 924 Uthinarus
1372 897 1477 932 l’ipiuo
1496 899 1558 931 regi
1577 900 1613 925 (le
1633 900 1708 935 ipsis

317 943 539 976 querimoniam
557 944 653 970 movit
673 944 791 977 dicens,
816 954 848 971 se
867 943 1044 976 gravissima
1071 943 1272 974 incursurum,
1299 942 1323 968 si
1343 942 1379 969 iis
1399 942 1618 971 dissimulando
1638 955 1708 972 eon-

316 989 450 1017 sentiret.
487 989 602 1024 Quibus
622 998 673 1015 rex
693 989 816 1021 gratiam
836 998 921 1016 suam
939 987 1112 1019 interdixit,
1132 987 1157 1014 si
1176 987 1220 1013 illi
1240 987 1421 1013 monasterio
1440 996 1501 1014 non
1519 989 1709 1016 restituerent

316 1034 417 1060 onirria
436 1034 546 1068 injuste
565 1034 675 1062 ablata.
711 1034 759 1060 Illi
786 1043 859 1061 vero
885 1033 1012 1060 avaritia
1037 1032 1112 1059 vieti
1138 1032 1215 1064 regis
1242 1036 1437 1066 praeceptum
1463 1033 1634 1061 nullatenus
1654 1035 1708 1061 ob-

317 1084 492 1111 servarunt,
513 1078 567 1105 sed
585 1078 709 1112 insuper
728 1080 848 1105 beatum
869 1072 1060 1110 0tlnnariun,
1079 1078 1151 1104 dum
1170 1082 1371 1104 reverteretur
1389 1087 1405 1104 a
1423 1087 1501 1110 rege,
1521 1079 1710 1113 captivantes

317 1124 418 1150 missis
446 1124 485 1150 ob
512 1123 569 1149 lioc
595 1123 743 1150 militibus
767 1123 902 1149 Tinctum
929 1123 968 1149 ad
994 1132 1025 1149 se
1051 1123 1120 1149 duci
1145 1122 1289 1149 lecerunt.
1325 1126 1361 1148 Et
1386 1126 1577 1157 Lampertum
1601 1124 1709 1151 salsum

316 1168 441 1196 fratrem
460 1168 600 1196 coenobii
620 1168 715 1202 ipsius
736 1168 887 1200 Otlnnari,
912 1168 962 1201 qui
981 1168 1018 1194 ab
1039 1167 1113 1202 ipsis
1133 1168 1273 1194 inductus
1299 1167 1371 1200 suit,
1398 1172 1429 1193 ut
1456 1168 1597 1194 abbatem
1625 1178 1709 1197 suum

317 1214 395 1241 ialse
421 1218 452 1240 et
478 1214 662 1241 mendaciter
689 1215 726 1240 de
754 1213 876 1240 crimine
903 1217 1056 1240 accusaret
1082 1217 1109 1239 et
1138 1213 1274 1245 nequiter
1298 1212 1466 1245 infamaret,
1494 1213 1709 1241 conduxerunt.

319 1264 415 1295 Quam
433 1259 638 1295 proditionem
658 1264 760 1286 contra
778 1259 968 1285 innocentem
987 1268 1115 1291 nequam
1142 1258 1193 1284 ille
1220 1257 1383 1284 monachus
1410 1257 1594 1284 committere
1613 1259 1711 1286 nulla—

317 1310 405 1332 tenus
423 1304 610 1331 formidavit.
646 1308 750 1338 ltaque
770 1305 897 1331 concilio
917 1304 1019 1337 iniquo
1039 1307 1206 1330 convocato
1227 1311 1325 1328 coram
1340 1301 1442 1328 multis
1457 1301 1522 1336 ipse
1535 1305 1710 1338 Lampertus

316 1351 439 1377 beatum
465 1350 641 1376 Otlnnarum
668 1349 705 1375 de
732 1350 842 1376 semina
868 1349 1030 1376 accusavit.
1067 1348 1152 1375 t'nde
1178 1347 1217 1373 ad
1240 1356 1370 1382 poenam
1396 1346 1496 1373 exsilii
1522 1347 1621 1381 ipsum
1639 1359 1710 1376 eon-

317 1395 536 1422 ‹ieiunaverunt
555 1395 585 1421 in
604 1394 731 1421 insulam
751 1394 849 1421 Rheni
866 1393 1080 1421 mIserabiliter
1098 1392 1281 1424 relegantes,
1310 1392 1363 1418 ubi
1388 1396 1457 1426 post
1484 1391 1609 1425 multas,
1636 1404 1710 1427 quas

317 1441 468 1476 patienter
486 1439 643 1472 sustinuit,
669 1439 855 1466 miserias.in
875 1439 1067 1467 consessione
1087 1437 1194 1464 Christi
1214 1440 1283 1464 XVI
1302 1437 1357 1464 cal.
1377 1437 1533 1466 Decembr.
1552 1438 1632 1466 bono
1651 1440 1710 1467 line

318 1485 444 1520 quievit.
481 1486 576 1519 Hujus
603 1488 702 1511 autem
729 1484 879 1519 Lamperti
905 1484 1038 1518 iniquam
1061 1482 1330 1515 machinationem,
1357 1492 1415 1515 qua
1441 1491 1526 1509 suum
1545 1485 1709 1517 praelatum

317 1531 494 1557 iunocenter
512 1530 653 1562 involvit,
672 1533 752 1557 Deus
772 1531 867 1564 justus
886 1530 976 1564 judex
996 1529 1038 1556 sic
1056 1528 1186 1564 punivit,
1206 1527 1287 1561 quod
1306 1527 1404 1561 ipsum
1421 1528 1598 1564 monachum
1618 1530 1710 1559 febris

318 1577 395 1603 adeo
423 1574 522 1607 gravis
549 1575 690 1609 arripuit,
724 1579 756 1601 ut
790 1575 923 1602 resoluto
949 1575 1053 1607 w‘igore
1079 1573 1281 1600 membrorum
1305 1576 1393 1606 caput
1420 1571 1514 1606 ipsius
1539 1574 1577 1600 ad
1604 1580 1709 1605 terram

317 1621 504 1654 irequentius
524 1624 692 1647 verteretur
717 1624 747 1646 et
764 1629 846 1646 more
871 1619 1104 1655 quadrupedum
1130 1621 1286 1650 cogeretur
1311 1617 1475 1643 ambulare.
1510 1620 1596 1646 Unde
1621 1622 1711 1650 etiam

318 1671 443 1693 mactus
462 1666 567 1692 divino
586 1665 698 1698 judicio
718 1674 785 1691 eum
803 1670 996 1700 perurgente,
1020 1670 1052 1691 ut
1077 1673 1108 1691 se
1133 1673 1274 1698 peccasse
1298 1662 1328 1689 in
1356 1667 1490 1689 sanctum
1509 1665 1563 1691 Dei
1590 1668 1711 1701 publice.

318 1711 478 1737 fateretur:
503 1709 664 1744 quiescite,
690 1709 800 1743 inquit,
829 1715 928 1737 sancta
950 1710 1082 1744 synodus
1102 1709 1227 1737 Nicaena
1248 1713 1277 1735 et
1296 1708 1389 1735 nolite
1408 1710 1547 1743 persequi
1567 1720 1635 1746 eos,
1661 1715 1711 1747 qui

319 1761 400 1783 recte
426 1760 489 1783 Deo
516 1756 699 1782 famulantur
725 1760 754 1782 et
779 1755 893 1782 sincera
920 1756 1077 1782 voluntate
1103 1765 1231 1790 superna
1250 1753 1305 1781 Dei
1324 1754 1464 1780 mandata
1491 1756 1662 1785 custodiunt
1682 1764 1710 1785 et

318 1801 430 1828 nostris
450 1801 566 1833 legibus
587 1801 790 1834 subjugantur,
811 1801 878 1834 quia
899 1810 956 1827 non
977 1801 1072 1833 decet,
1091 1805 1121 1827 ut
1142 1799 1276 1827 carnales
1296 1799 1467 1834 spirituales
1485 1807 1711 1834 persequantur.

319 1846 405 1872 Unde
424 1845 513 1872 etiam
535 1846 694 1877 Gregorius
714 1846 771 1872 ait:
792 1846 841 1879 qui
862 1846 1040 1873 calumniam
1058 1846 1173 1872 illatam
1192 1853 1251 1871 nou
1270 1845 1395 1878 probat,
1414 1853 1543 1878 poenam
1562 1846 1711 1876 inrurrero

321 1891 422 1917 (lebet.
460 1894 554 1925 Quam
575 1891 599 1917 si
619 1892 795 1925 probasset,
822 1900 889 1917 reus
915 1890 1018 1923 utiquo
1044 1890 1214 1916 sustineret.
1253 1889 1415 1915 consilium
1441 1894 1540 1916 autem
1564 1891 1639 1919 illud
1658 1904 1710 1920 ne—

319 1936 417 1969 quiter
435 1936 607 1962 inchoatum
627 1936 752 1968 nequius
773 1940 816 1962 est
843 1935 970 1963 linitum.
1006 1934 1144 1969 Sepultus
1170 1934 1259 1965 igitur
1284 1935 1390 1961 beatus
1418 1935 1576 1963 Otbmarus
1604 1938 1632 1964 in
1661 1949 1711 1966 ex-

319 1981 405 2014 silio,
430 1981 483 2007 ubi
501 1981 591 2007 hodie
610 1980 640 2007 in
660 1980 755 2007 insula
777 1980 892 2014 capella
913 1979 1095 2012 ostenditur,
1122 1978 1208 2005 annis
1235 1982 1262 2005 X
1285 1979 1400 2006 ibidem
1427 1989 1534 2015 corpus
1562 1991 1647 2010 suum
1668 1984 1708 2012 in*

320 2031 491 2060 corruptum
511 2026 686 2060 permansit.
723 2029 791 2051 Post
809 2028 837 2050 X
855 2034 927 2051 vero
947 2032 1042 2051 annos
1060 2024 1159 2050 xis-um
1180 2029 1222 2051 est
1243 2024 1400 2059 discipulis
1420 2025 1531 2059 ipsius,
1551 2031 1582 2053 ut
1603 2037 1711 2063 corpus

320 2070 367 2097 sui
385 2070 504 2097 abbatis
524 2071 559 2096 ad
582 2069 676 2096 sancti
696 2069 775 2096 Galli
794 2069 1017 2100 monasterium,
1043 2069 1089 2095 cui
1109 2069 1272 2096 secundum
1292 2069 1479 2096 voluntatem
1498 2071 1553 2098 Dei
1571 2074 1714 2108 praefuit,

318 2117 349 2143 in
377 2115 587 2150 spiritualibus
615 2120 643 2141 et
668 2114 886 2150 temporalibus
917 2115 1033 2141 deferre
1059 2114 1157 2141 modis
1191 2113 1330 2141 (nauibus
1363 2114 1519 2144 deberent.
1554 2120 1711 2150 Pergentes

318 2161 421 2195 itaque
441 2160 478 2187 ad
500 2160 597 2196 locum
617 2169 725 2195 corpus
744 2160 886 2187 tollentes
905 2159 975 2186 navi
1002 2163 1177 2194 posuerunt.
1213 2162 1345 2194 Quorum
1371 2159 1565 2189 devotionem
1593 2168 1621 2190 et
1647 2173 1711 2192 cor-

319 2207 402 2242 poris
437 2206 533 2241 ipsius
567 2205 756 2232 sanctitatem
788 2205 931 2232 nui-acula
963 2206 1067 2232 crebra
1102 2209 1130 2230 et
1154 2204 1241 2238 plura
1266 2210 1496 2237 consequuntur.
1533 2210 1712 2244 Tempestas

320 2251 399 2278 enim
424 2251 517 2277 multa
541 2255 700 2277 ventorum
722 2255 750 2277 et
769 2250 986 2285 procellarum,
1013 2258 1089 2283 quae
1108 2259 1161 2284 per
1180 2253 1275 2276 totum
1302 2249 1398 2276 lacum
1419 2251 1711 2283 1)C0nstantie.nsem

320 2301 392 2323 tunc
415 2295 560 2330 temporis
586 2295 651 2322 visa
672 2295 743 2327 snit,
770 2295 800 2321 in
828 2295 909 2322 omni
931 2295 981 2322 via
1008 2294 1057 2321 illa
1085 2294 1160 2321 nulli
1178 2303 1280 2321 eorum
1299 2294 1515 2330 impedimento
1534 2297 1600 2326 suit.
1636 2304 1711 2328 Vas-

320 2341 418 2368 culum
439 2341 528 2367 etiam
554 2340 704 2367 modicum
724 2340 796 2367 vino
824 2340 963 2375 plenum,
991 2340 1073 2373 quod
1096 2348 1197 2365 secum
1221 2340 1367 2374 tulerant,
1395 2340 1469 2376 ipsis
1494 2345 1648 2372 monachis
1673 2346 1711 2372 ad

321 2386 516 2413 resectionem
537 2385 788 2417 consedentibus,
817 2385 1055 2418 quotiescunque
1075 2384 1251 2411 exhaustum
1273 2385 1344 2418 suit,
1373 2386 1487 2414 nullum
1507 2389 1599 2416 sensit
1619 2390 1711 2417 detri-

319 2436 463 2458 mentum.
513 2430 596 2458 nenti
623 2431 712 2463 igitur
737 2430 871 2457 Otbmari
897 2438 1005 2465 corpus
1037 2429 1076 2456 ad
1109 2431 1322 2457 monasterium
1352 2431 1434 2458 beati
1468 2433 1545 2460 Galli
1579 2434 1709 2461 delatum

320 2477 421 2503 multis
443 2476 554 2503 ibidem
575 2476 827 2511 praecedentibus
847 2480 875 2502 ot
896 2475 1150 2511 consequzmtilms
1169 2475 1320 2503 miraculis
1339 2476 1468 2504 feliciter
1493 2483 1522 2505 et
1548 2479 1710 2507 honorifice

320 2521 457 2554 quiescit.

390 2610 418 2641 1)
438 2608 490 2636 Ed.
510 2612 568 2636 1’r.:
589 2608 1084 2644 constantinopolitanum
1104 2607 1184 2641 legit,
