1742 3005
197 90 249 129 24
548 93 645 140 (Tap.
678 89 746 127 ΙΙΙ.
805 90 862 127 De
894 96 1024 127 sancto
1056 88 1231 127 Nicolao.

196 201 373 241 tarentur,
405 198 454 232 ita
477 207 551 232 cum
575 197 727 231 lacrimis
752 197 957 229 oraverunt:
1007 193 1151 228 Nicolae
1184 192 1310 228 famule
1335 192 1419 234 Dei,
1447 194 1477 226 si
1503 202 1586 227 vera

199 268 293 307 sunt,
338 274 427 309 quae
455 261 497 297 de
521 265 555 296 te
582 261 759 303 audimus,
805 268 894 294 nunc
921 269 964 293 ea
990 259 1221 303 experiamur.
1270 257 1356 293 Mox
1382 257 1522 304 quidam
1550 259 1582 291 in

199 330 276 375 ejus
301 327 557 363 similitudinem
583 326 749 371 apparuit
774 323 910 358 dicens:
953 333 1032 357 ecce
1054 324 1191 357 assum!
1226 325 1380 358 vocastis
1406 326 1495 358 enim
1520 333 1583 358 me.

200 393 244 429 Et
267 396 383 438 coepit
409 403 470 428 eos
497 394 532 426 in
556 391 715 426 antennis
742 393 777 424 et
800 388 1005 423 rudentibus
1031 388 1181 434 aliisque
1205 390 1332 435 Juvare
1353 390 1452 423 navis
1472 398 1585 422 arma-

200 460 342 499 mentis;
391 460 577 504 statimque
601 456 754 492 cessavit
775 458 979 499 tempestas.
1051 454 1134 489 Cum
1162 457 1276 488 autem
1304 453 1349 488 ad
1374 454 1450 498 ejus
1477 453 1587 488 eccle-

199 526 285 559 siam
314 525 511 565 venissent,
539 533 638 569 quem
662 530 835 566 nunquam
862 525 942 555 ante
968 519 1141 563 viderant,
1168 521 1243 554 sino
1271 518 1385 554 indice
1411 529 1588 564 cognove-

202 594 289 624 runt.
359 588 457 624 Tunc
481 589 554 624 Deo
580 591 614 622 et
638 586 705 622 sibi
731 586 773 621 de
803 585 1012 620 liberatione
1035 586 1171 631 gratias
1197 588 1360 631 egerunt,
1412 584 1505 629 quod
1528 583 1588 619 ille

201 655 340 689 divinae
368 653 630 689 misericordiae
659 657 693 688 et
717 662 835 687 eorum
868 651 968 694 fidei,
1016 661 1084 685 non
1119 652 1192 685 suis
1227 651 1359 684 meritis
1395 648 1587 698 attribuere

203 709 330 754 docuit.
358 739 402 746 -
430 740 469 744 —
495 723 530 756 4
569 718 725 760 Quodam
750 721 907 762 tempore
930 720 1039 751 totam
1066 717 1279 761 provinciam
1308 716 1426 750 Sancti
1452 714 1588 750 Nicolai

205 785 313 821 fames
341 784 459 819 valida
488 786 521 829 ¹)
548 784 714 830 perculit,
758 785 807 818 ita
834 786 872 817 ut
898 781 1055 816 omnibus
1081 781 1268 816 deficerent
1292 781 1468 816 alimenta.
1515 782 1587 816 Au-

204 850 301 885 diens
330 855 444 886 autem
475 852 528 884 vir
554 850 616 885 Dei
641 860 749 885 naves
785 852 928 884 onustas
955 848 1070 882 tritico
1095 849 1211 892 portui
1236 847 1459 892 applicasse,
1509 846 1591 880 illue

203 918 319 950 statim
347 917 578 961 proficiscitur
602 925 734 962 rogans
761 919 908 957 nautas,
950 917 988 948 ut
1010 913 1133 947 saltem
1159 914 1193 946 iu
1220 917 1354 947 centum
1380 912 1505 947 modiis
1530 924 1594 958 per

205 981 395 1026 quamlibet
418 992 541 1017 navem
567 981 656 1016 fame
682 980 961 1026 periclitantibus
987 978 1223 1013 subvenirent.
1253 977 1314 1013 Cui
1342 978 1412 1012 illi:
1435 989 1504 1013 non
1529 988 1591 1012 au-

206 1047 324 1081 demus
339 1076 346 1090 ,
372 1052 492 1093 pater,
517 1048 599 1093 quia
622 1051 854 1082 mensuratum
881 1050 934 1081 est
958 1044 1216 1087 Alexandriae,
1244 1047 1383 1089 oportet
1406 1046 1440 1078 in
1465 1044 1614 1079 horrea-

204 1115 427 1158 imperatoris
450 1123 514 1147 nos
540 1113 698 1148 reddere.
748 1112 880 1153 Quibus
905 1112 1053 1146 Sanctus
1078 1110 1185 1144 dixit:
1220 1110 1325 1144 facite
1351 1120 1458 1152 nunc,
1500 1110 1592 1154 quod

206 1178 282 1212 dico
310 1183 344 1214 et
366 1178 468 1213 vobis
493 1181 526 1213 in
551 1179 615 1214 Dei
642 1180 766 1213 virtute
801 1179 964 1223 promitto
981 1204 988 1218 ‚
1044 1176 1136 1221 qnod
1171 1176 1300 1210 nullam
1331 1176 1592 1210 minorationem

206 1243 381 1279 habebitis
407 1244 501 1290 apud
528 1238 661 1290 regium
687 1247 896 1278 exactorem.
960 1241 1060 1282 Quod
1084 1252 1158 1276 cum
1185 1241 1363 1283 fecissent,
1391 1244 1426 1276 et
1448 1240 1593 1275 eandem

206 1320 414 1352 mensuram,
442 1320 544 1355 quam
567 1309 805 1344 Alexandriae
829 1311 1050 1352 acceperant,
1077 1307 1313 1342 reddidissent
1337 1307 1504 1341 ministris
1531 1308 1593 1341 iin-

209 1376 397 1419 peratoris,
424 1374 627 1409 miraculum
651 1374 807 1408 referunt
828 1373 978 1408 etDeum
1004 1375 1037 1406 in
1064 1383 1127 1406 suo
1155 1371 1283 1405 famulo
1297 1372 1595 1417 magnilicalaude

208 1440 381 1475 attollunt.
451 1440 670 1475 Frumentum
704 1443 818 1474 autem
855 1438 1041 1474 secundum
1071 1438 1344 1482 uniuscujusque
1367 1436 1595 1483 indigentiam

209 1507 262 1540 vir
288 1505 350 1540 Dei
377 1505 575 1549 distribuit,
624 1508 674 1541 ita
707 1510 743 1540 ut
779 1505 987 1539 miraculose
1016 1504 1150 1538 duobus
1177 1503 1277 1536 annis
1304 1513 1372 1536 non
1395 1506 1526 1537 tantum
1551 1503 1596 1537 ad

209 1572 333 1605 victum
359 1571 557 1613 sufficeret,
598 1571 659 1606 sed
694 1573 796 1605 etiam
821 1570 865 1604 ad
892 1581 987 1604 usum
1014 1570 1154 1604 seminis
1181 1567 1387 1602 abundaret.
1413 1588 1457 1593 —
1484 1557 1597 1594 —'‘-—

208 1640 252 1674 5.
282 1637 363 1671 Cum
390 1640 503 1671 autem
531 1638 629 1682 regio
655 1636 716 1671 illa
736 1636 851 1682 ydolis
876 1636 1108 1677 deservisset,
1139 1643 1224 1679 prae
1249 1634 1399 1667 caeteris
1425 1633 1599 1669 nefandae

213 1703 352 1747 llyanae
378 1702 597 1736 simulacrum
622 1703 772 1747 populus
796 1702 953 1736 coluerat
978 1701 1081 1743 adeo,
1107 1705 1144 1734 ut
1169 1710 1279 1744 usque
1305 1698 1349 1732 ad
1373 1702 1508 1744 tempus
1532 1701 1597 1735 viri

210 1768 273 1803 llei
299 1768 455 1802 nonnulli
486 1770 606 1802 rustici
640 1768 843 1813 praedictae
879 1767 1042 1813 religioni
1070 1764 1279 1801 exsecrabili
1316 1764 1534 1799 deservirent
1558 1775 1598 1800 ac

211 1833 274 1868 sub
310 1834 459 1879 quadam
494 1834 621 1868 arbore
658 1837 863 1867 consecrata
897 1832 1039 1878 Dyanae
1087 1831 1255 1877 quosdam
1289 1832 1375 1864 ritus
1419 1831 1597 1876 gentilium

210 1904 425 1934 exercerent.
473 1901 521 1933 Ac
547 1901 599 1933 vir
624 1899 685 1934 Dei
721 1899 934 1943 praedictum
962 1900 1062 1932 ritum
1090 1897 1132 1931 ‹le
1156 1898 1313 1932 omnibus
1340 1895 1462 1930 linibus
1489 1907 1598 1941 expu-

212 1966 250 1998 lit
274 1967 454 2010 ipsamque
481 1965 641 2000 arborem
664 1964 821 2010 praccidi
843 1964 1034 2000 mandavit.
1081 1962 1195 1997 Iratus
1224 1973 1266 1996 ex
1292 1961 1358 1996 hoc
1381 1966 1503 1996 contra
1523 1973 1599 1997 eum

212 2030 322 2064 hostis
349 2032 511 2076 antiquus
538 2031 650 2066 oleum
678 2030 888 2075 Mydyaton,
940 2029 1033 2075 quod
1062 2030 1097 2074 ²)
1132 2030 1167 2063 in
1202 2032 1361 2062 naturam
1385 2029 1421 2061 in
1448 2037 1542 2073 aqua
1566 2033 1601 2063 et

213 2096 387 2139 lapidibus
415 2097 536 2139 ardet,
563 2097 712 2131 confecit
736 2106 842 2140 seque
868 2097 901 2129 in
928 2095 1070 2129 sormam
1095 2094 1287 2140 religiosae
1314 2093 1462 2128 feminae
1485 2098 1599 2129 trans-

212 2161 366 2206 figurans
399 2162 605 2207 quibusdam
641 2162 685 2196 ad
710 2164 819 2196 virum
844 2161 906 2196 Dei
932 2159 1178 2205 navigantibus
1204 2161 1237 2192 in
1263 2158 1411 2203 quadam
1438 2160 1603 2204 saginula

213 2227 370 2262 obviavit
392 2230 511 2273 sicque
538 2228 645 2261 allata
671 2232 724 2262 cst
751 2238 830 2262 eos:
877 2226 1013 2260 mallem
1047 2225 1090 2259 ad
1117 2225 1279 2259 Sanctum
1306 2224 1368 2259 Dei
1396 2225 1514 2259 venire
1539 2235 1600 2258 vo-

213 2291 356 2336 biscum,
382 2293 444 2328 sed
470 2304 623 2339 nequeo:
650 2304 737 2339 rogo
766 2303 852 2337 ergo
877 2302 953 2334 vos,
978 2295 1015 2325 ut
1039 2290 1104 2325 hoc
1128 2290 1240 2325 oleum
1266 2290 1311 2324 ad
1328 2291 1404 2335 ejus
1419 2290 1602 2324 ecclesiam

214 2359 372 2393 offeratis
407 2363 441 2393 et
466 2359 509 2393 ob
544 2361 608 2393 mei
643 2360 840 2393 memoriam
875 2358 998 2393 exinde
1032 2357 1134 2391 aulae
1171 2358 1246 2402 ejus
1274 2357 1428 2401 parietes
1455 2355 1601 2399 liniatis,

214 2429 247 2457 ct
272 2426 388 2458 statim
416 2426 567 2459 evanuit.
636 2423 681 2458 Et
710 2434 789 2458 ecce
823 2424 927 2458 aliam
952 2427 1096 2458 cernunt
1122 2423 1316 2458 naviculam
1343 2432 1418 2456 cum
1447 2421 1602 2456 honestis

216 2491 387 2532 personis,
414 2492 503 2524 inter
530 2500 616 2534 quos
640 2494 715 2524 crat
741 2490 934 2524 simillimus
959 2494 1079 2524 sancto
1096 2489 1255 2531 Nicolao,
1283 2489 1340 2533 qui
1367 2490 1417 2523 sic
1444 2489 1494 2521 ait
1515 2487 1602 2521 illis:

218 2553 282 2587 lieu
309 2555 388 2598 qnid
417 2556 537 2589 mulier
564 2555 623 2588 illa
648 2555 763 2589 locuta
790 2560 841 2591 est
866 2555 966 2591 vobis
988 2556 1040 2591 vel
1070 2554 1151 2600 quid
1184 2553 1329 2588 attulit?
1400 2553 1452 2587 11Ιί
1487 2556 1601 2586 autem

287 2702 313 2728 Ji
337 2700 391 2727 Alii
412 2701 530 2732 lugunt.
567 2711 643 2735 pert
664 2711 677 2726 u
693 2703 774 2729 κῃ..
885 2703 907 2733 ἒ)
928 2700 1117 2728 Receuliures
1139 2709 1172 2727 (a)
1196 2700 1291 2731 gloss-'i
1313 2698 1410 2729 legunt
1457 2702 1607 2725 contr».
