1742 3005
284 105 383 155 Cap.
415 105 512 144 CCl.
571 107 630 144 De
660 114 789 145 sancto
821 109 985 146 Hem-ico
1019 111 1263 159 imperatore.
1385 111 1466 150 897

539 322 662 389 cAP.
699 323 801 389 cel.
845 324 1001 389 (198.)

221 420 320 465 De
349 422 570 466 sancto
600 421 885 467 Henrico
915 421 1317 478 imperatore.

175 529 262 555 Anno
281 528 318 555 ab
337 527 542 556 incarnatione
561 529 676 556 domiui
694 533 747 562 Mt,
767 531 804 556 ab
826 529 899 556 urbe
920 533 1019 556 autem
1039 529 1160 557 condita
1179 533 1335 558 MDCCLII
1352 533 1462 559 Ottone

74 573 123 599 ΠΙ.
142 573 256 599 Romae
275 571 433 605 defuncto,
452 574 572 600 vacanti
590 573 672 605 regui
691 574 783 606 solio,
808 583 875 600 cum
894 574 932 601 de
951 574 1087 609 principe
1106 579 1243 607 ageretur
1260 575 1461 608 subrogando,

72 615 206 643 omniunt
232 621 303 644 vota
327 622 401 643 nutu
426 617 532 644 divino
559 617 598 644 nd
622 627 689 645 eum
715 617 913 651 inclinantur,
941 618 993 652 qni
1020 623 1089 646 tnnc
1115 619 1146 646 in
1171 629 1262 653 regno
1285 621 1461 656 potissimus

72 660 250 688 habebatur.
284 660 351 688 Fuit
375 671 504 695 namque
531 662 638 689 eodem
658 667 794 697 tempore
820 663 942 697 quidam
961 663 1022 690 dux
1040 667 1225 692 Bavarorum
1243 666 1364 693 nomine
1382 670 1462 694 Hen-

70 705 164 737 ricus,
183 704 303 733 Henrici
321 705 456 740 ejusdem
474 707 571 739 gentis
591 707 676 734 ducis
695 707 792 740 filius,
819 710 903 742 cujus
921 709 1109 744 temporibus
1130 714 1250 737 sanctus
1272 710 1461 744 wolfgangus

68 749 336 777 Ratisbonensinin
353 750 483 785 praefuit
497 752 669 787 episcopus,
687 756 748 779 tam
762 753 898 780 bonitate
913 764 1002 787 quam
1016 754 1174 781 nobilitate
1187 755 1267 788 regia
1282 756 1462 791 conspicuus

68 798 99 821 et
123 794 264 822 universa
289 803 406 822 morum
431 796 589 824 honestate
613 796 795 831 praeclarus.
831 797 886 824 Hic
909 798 1029 825 initium
1056 799 1223 834 sapientiae
1248 800 1387 828 timorem
1406 801 1462 828 do-

67 839 141 866 mini
159 839 290 875 pleniter
307 844 353 867 est
372 845 504 873 secutus,
531 841 601 875 quia
620 846 682 868 erat
702 841 835 869 omnium
861 842 1026 873 litterarum
1052 843 1153 870 studio
1178 844 1387 879 principaliter
1404 846 1461 873 im·

67 885 158 912 butus
184 889 213 912 et
237 889 319 912 totus
345 894 418 912 sana
440 885 501 913 fide
526 891 555 913 et
574 887 690 914 actione
710 886 883 913 catholicus.
922 887 976 914 Hic
996 896 1064 919 ergo
1085 889 1122 914 ab
1143 890 1282 916 omnibus
1301 890 1368 924 pari
1385 896 1459 919 voto

66 933 97 956 et
116 930 267 957 communi
285 938 432 958 consensu
451 931 583 958 omnium
602 931 795 963 adsciscitur,
822 930 926 957 divina
954 931 1057 964 utique
1084 932 1264 967 disponente
1291 934 1460 968 clementia,

65 978 99 1000 ut
117 983 172 1009 per
189 974 259 1002 talis
277 974 361 1008 regni
380 974 520 1008 suffragia
539 976 578 1002 ad
597 975 713 1002 culmen
731 975 814 1007 regni
834 975 973 1002 coelestis
993 976 1186 1010 pertingeret.
1224 980 1354 1012 Cumque
1371 990 1459 1015 prac-

65 1018 165 1046 dictus
182 1028 235 1047 rex
253 1019 397 1047 Henricus
416 1021 544 1047 necdum
566 1020 698 1048 Caesaris
717 1019 767 1046 vel
787 1019 976 1054 imperatoris
993 1021 1143 1048 obtineret
1157 1021 1344 1056 dignitatem,
1364 1034 1460 1060 appa-

64 1063 123 1090 ruit
148 1063 176 1091 ei
200 1064 384 1092 Ratisbonae
407 1065 514 1092 beatus
542 1064 731 1098 Wolsgangns
759 1065 920 1100 episcopus
947 1065 1000 1092 tali
1023 1065 1152 1094 visione.
1196 1066 1302 1095 Visum
1327 1078 1457 1103 namque

64 1113 111 1136 est
129 1109 172 1141 ei,
199 1109 282 1142 quod
299 1119 423 1138 manens
442 1110 473 1136 in
492 1110 619 1137 ecclesia
637 1110 733 1138 sancti
753 1111 921 1137 Ennnerani
939 1110 1077 1145 episcopi
1106 1115 1134 1137 et
1153 1112 1281 1140 martiris
1301 1114 1456 1142 accederet

63 1153 170 1181 orandi
188 1154 282 1186 gratia
299 1154 339 1181 ad
358 1155 440 1182 beati
458 1155 623 1188 wolfgangi
650 1155 841 1190 sepulchrum
868 1155 900 1182 in
924 1155 1030 1182 eadem
1048 1155 1171 1182 basilica
1196 1155 1303 1190 situm,
1329 1167 1456 1192 cumque

62 1198 178 1226 ibidem
204 1198 359 1226 dominum
384 1204 414 1227 et
439 1205 576 1227 sanctum
602 1199 807 1232 wolfgangum
832 1199 945 1227 intimis
969 1200 1112 1235 precibus
1138 1205 1296 1228 conaretur
1321 1212 1454 1236 exorare,

62 1243 164 1271 subito
182 1243 346 1270 videbatur
362 1244 392 1272 ei
403 1245 476 1280 ,ipse
495 1250 616 1272 sanctus
635 1244 826 1277 wolfgangus
854 1245 973 1272 adstare
999 1255 1126 1279 eumque
1152 1246 1325 1281 hujusmodi
1351 1249 1454 1277 verbis

62 1287 232 1324 appellare:
260 1289 375 1317 intuere
395 1290 554 1323 diligenter
572 1289 688 1317 litteras
708 1290 737 1316 iu
761 1297 861 1323 muro,
888 1289 939 1323 qui
958 1294 1001 1316 est
1022 1299 1108 1317 secus
1127 1292 1290 1326 tumulum,
1316 1293 1453 1329 scriptas.

61 1336 132 1361 Erat
155 1338 271 1366 autem,
298 1334 375 1361 sicut
399 1335 459 1362 sibi
481 1335 658 1367 videbatur,
690 1334 834 1369 scriptum
861 1334 1065 1362 solummodo:
1098 1341 1169 1370 post
1194 1346 1256 1366 sex.
1300 1339 1453 1371 Evigilans

61 1383 162 1406 autem
180 1387 233 1405 rex
249 1380 461 1406 retractatione
480 1379 583 1406 divina
603 1388 704 1407 secum
722 1379 853 1407 revolvit
878 1379 1059 1414 paucissima
1078 1381 1164 1416 hujus
1184 1381 1310 1409 visionis
1331 1383 1443 1419 scripta

60 1428 95 1451 In
112 1423 218 1459 primis
237 1432 306 1457 ergo
326 1425 503 1458 arbitratus,
531 1424 613 1459 quod
630 1428 699 1460 post
720 1433 772 1451 sex
791 1424 855 1451 dies
876 1429 955 1452 esset
976 1426 1154 1458 moriturus,
1181 1426 1275 1454 multa
1296 1427 1452 1463 dispensat

59 1469 260 1504 pauperibus,
286 1479 413 1503 cunique
438 1469 547 1497 iterum
571 1478 624 1496 sex
649 1478 788 1496 numerus
814 1470 1019 1504 praeteriisset
1045 1476 1075 1498 et
1100 1471 1175 1498 nihil
1202 1471 1232 1498 in
1257 1481 1289 1499 se
1316 1482 1368 1500 rex
1386 1482 1450 1501 sno-

58 1514 165 1541 lestiae
188 1514 353 1550 corporalis
378 1514 538 1548 sensisset,
566 1514 685 1550 putavit
712 1514 897 1548 praedictam
920 1515 1072 1542 visionem
1097 1515 1136 1542 ud
1160 1525 1213 1544 sex
1238 1526 1357 1545 menses
1381 1528 1450 1553 per-

58 1560 164 1587 tinere.
199 1561 371 1588 Transactis
398 1569 471 1589 vero
496 1568 549 1587 sex
577 1559 730 1587 mensibus
758 1569 826 1586 cum
851 1559 925 1586 nihil
951 1559 1133 1588 infirmitatis
1158 1561 1187 1587 in
1221 1570 1253 1588 se
1287 1567 1449 1596 pateretur,

58 1604 220 1632 arbitratus
238 1610 299 1638 est,
318 1606 397 1633 hunc
416 1614 571 1633 nnmerum
590 1604 629 1631 ad
648 1613 700 1632 sex
719 1613 812 1631 annos
831 1605 996 1639 pertinere,
1024 1604 1154 1638 ideoque
1181 1610 1211 1632 et
1237 1614 1327 1641 snpra
1348 1609 1449 1644 coepit

58 1650 173 1678 timere.
215 1652 346 1684 Cumque
372 1659 425 1678 sex
450 1658 594 1678 annorum
620 1658 760 1676 numerus
785 1649 900 1681 integer
926 1649 1151 1684 pertransiisset
1176 1655 1205 1677 et
1231 1651 1353 1686 septimi
1378 1654 1449 1680 anni

57 1695 123 1722 dies
141 1694 296 1722 revolutus
314 1695 462 1729 venisset,
488 1695 556 1730 ipso
584 1694 633 1721 die
660 1703 713 1729 per
737 1693 935 1728 apostolicam
962 1694 1204 1722 benedictionem
1224 1697 1356 1731 suscepit
1376 1700 1447 1725 Cae-

57 1739 131 1768 saris
157 1739 343 1772 dignitatem.
379 1743 465 1768 Tunc
486 1739 609 1767 tandem
635 1739 785 1771 sentiens,
817 1739 914 1772 qualis
938 1743 1017 1766 esset
1042 1748 1095 1766 sua
1122 1739 1218 1773 visio,
1252 1741 1362 1773 gratias
1387 1742 1447 1775 agit

55 1787 119 1812 Deo
137 1788 301 1817 sanctoque
320 1783 493 1817 wolfgango
513 1784 674 1819 episcopo,
704 1784 755 1817 qui
781 1782 841 1811 sibi
859 1784 950 1811 talem
970 1784 1104 1811 revelare
1124 1784 1266 1818 dignatus
1285 1790 1330 1813 est
1349 1786 1447 1820 digni-

55 1833 157 1857 tatem.
192 1832 304 1857 Unctus
328 1838 398 1862 ergo
430 1829 462 1857 in
486 1838 584 1862 regem
613 1828 805 1856 beatissimus
839 1829 894 1856 Dei
927 1829 1057 1856 famulus
1092 1829 1236 1857 Henricus
1270 1832 1445 1866 temporalis

53 1874 138 1907 regni
162 1882 222 1901 non
247 1879 405 1902 contentus
431 1875 577 1907 angustiis
611 1882 666 1909 pro
699 1873 896 1908 adipiscenda
929 1873 1164 1902 immortalitatis
1196 1884 1307 1903 corona
1337 1878 1446 1905 summi

54 1919 148 1952 regis,
173 1919 222 1946 cui
239 1919 352 1947 servire
372 1928 496 1953 regnare
515 1924 574 1952 est,
601 1918 730 1946 militare
749 1918 910 1953 disposuit.
947 1921 1100 1947 Summam
1126 1920 1239 1948 etenim
1257 1921 1445 1954 diligentiam

52 1964 85 1991 in
102 1963 315 1999 amplificando
334 1965 417 1992 cultu
433 1965 587 1998 religionis
606 1963 762 1996 adhibuit,
786 1964 929 1991 ecclesias
955 1964 1010 1991 Dei
1037 1964 1132 1992 ditare
1150 1965 1396 2000 possessionibus
1415 1972 1444 1994 et

52 2008 208 2037 immensis
226 2009 381 2036 ornatibus
400 2018 508 2042 augere
526 2009 640 2044 coepit,
667 2008 755 2036 sedes
781 2017 900 2042 quoque
919 2009 1126 2044 episcopales,
1152 2010 1339 2037 Hildesheim
1357 2011 1444 2039 vide-

52 2054 134 2086 licet,
151 2051 205 2079 ubi
223 2061 239 2078 a
258 2061 352 2087 puero
369 2052 468 2081 suerat
486 2054 632 2081 enutritus
651 2057 681 2079 et
699 2052 808 2079 litteris
827 2053 962 2084 edoctus,
986 2053 1171 2086 Magdebnrg
1192 2058 1222 2081 et
1239 2055 1442 2088 Argentinam,

52 2098 181 2126 MiSnam
199 2101 230 2125 et
246 2097 452 2130 Mersenburg,
472 2107 547 2131 quae
565 2096 723 2124 barbarica
741 2095 928 2123 immanitate
948 2096 1150 2130 adjacentium
1169 2098 1328 2126 Slavorum
1340 2105 1442 2128 vasta-

52 2148 100 2172 tae
118 2143 253 2175 suerant,
286 2142 467 2169 restauravit
493 2147 522 2170 et
547 2147 608 2169 tam
631 2141 706 2176 ipsis
732 2150 821 2174 qnam
847 2140 915 2167 aliis
941 2141 1166 2175 episcopalibus
1190 2151 1245 2177 per
1268 2144 1443 2172 universum

52 2197 174 2222 regnum
192 2187 224 2215 in
243 2186 489 2222 possessionibus
508 2191 537 2214 et
556 2185 738 2214 ornamentis
756 2185 912 2212 innumera
926 2185 1004 2212 dona
1019 2185 1185 2215 distribuit,
1220 2187 1357 2221 Denique
1370 2197 1441 2216 con-

51 2226 206 2262 summatis
225 2233 313 2267 hujus
331 2232 413 2259 vitae
432 2232 597 2263 laboribus,
616 2235 775 2266 postquam
794 2230 892 2257 bonae
911 2229 1062 2265 opinionis
1081 2230 1205 2258 odorem
1218 2231 1306 2264 longe
1320 2232 1442 2267 lateque

50 2279 188 2307 redolere
206 2277 318 2304 fecerat
336 2276 493 2310 locumque
512 2276 572 2304 sibi
590 2276 734 2303 dilectum
753 2279 783 2301 et
804 2279 920 2302 caetera
932 2275 1113 2302 monasteria
1126 2275 1251 2303 ditando
1265 2281 1293 2304 et
1305 2278 1441 2306 ornando

50 2328 80 2352 et
99 2321 265 2350 excolendo
284 2322 324 2349 ad
340 2321 509 2357 perfectura
527 2321 709 2354 adduxerat,
737 2319 776 2347 ad
802 2319 1031 2355 percipiendam
1055 2320 1336 2348 inunarcescibilem
1355 2331 1441 2349 coro-

49 2377 120 2395 nam
143 2376 161 2394 a
185 2366 308 2394 domino
328 2371 454 2394 vocatus
473 2370 519 2394 est
544 2367 582 2393 ab
603 2365 753 2399 ergastulo
772 2365 880 2392 carnis.
919 2365 977 2400 Qui
1002 2374 1136 2398 cernens,
1156 2365 1239 2392 diem
1256 2365 1361 2392 mortis
1381 2365 1441 2394 sibi

49 2412 214 2444 imminere,
232 2411 349 2439 vocatis
368 2411 408 2438 ad.
426 2420 458 2439 se
475 2412 653 2447 parentibus
674 2410 867 2438 beatissimae
887 2410 1086 2445 imperatricis
1105 2410 1303 2442 Kunegundis
1322 2419 1440 2439 necnon

49 2457 140 2485 etiam
159 2456 341 2490 quibusdam
358 2456 442 2488 regui
459 2457 620 2491 prioribus,
647 2466 737 2484 manu
763 2465 829 2482 eam
847 2455 1051 2490 apprehendit
1077 2459 1106 2482 et
1125 2455 1348 2482 commendavit
1373 2465 1440 2484 eam

48 2502 110 2530 illis
128 2501 301 2536 hujusmodi
318 2501 420 2528 verbis
439 2502 582 2529 memoria
609 2500 813 2534 dignissimis:
840 2501 917 2528 hanc
944 2509 1029 2532 ecce,
1055 2499 1169 2532 inquit,
1195 2499 1269 2526 mihi
1294 2509 1313 2527 a
1338 2500 1439 2534 vobis,

48 2547 109 2574 imo
128 2556 144 2573 a
164 2546 280 2574 Christo
300 2545 504 2578 consignatam
523 2547 582 2582 ipsi
603 2546 718 2574 Christo
738 2545 861 2573 domino
881 2549 985 2572 nostro
1004 2548 1033 2570 et
1055 2543 1144 2570 vobis
1162 2544 1280 2576 resigno
1292 2544 1439 2577 virginem

47 2591 279 2619 immaculatam.
314 2594 348 2617 In
366 2592 430 2624 ejus
447 2600 521 2618 vero
540 2591 668 2619 transitu
686 2596 765 2618 terra
781 2590 920 2626 plorante
938 2589 1054 2617 coelum
1069 2588 1241 2621 exsultavit,
1260 2589 1336 2616 sicut
1348 2589 1438 2617 etiam

47 2636 187 2664 dominus
214 2646 267 2671 per
295 2644 377 2662 suam
403 2636 639 2663 misericordiam
666 2635 823 2663 revelavit.
858 2639 891 2662 In
919 2636 986 2669 ipsa
1013 2634 1123 2660 etenim
1150 2634 1223 2661 hora
1241 2634 1437 2667 exituskillius

47 2680 166 2708 cuidam
193 2689 280 2709 servo
309 2680 363 2707 Dei
388 2680 418 2707 in
444 2681 606 2708 solitudine
635 2679 831 2708 commoranti
858 2679 1005 2713 dyabolus
1029 2679 1207 2707 inhumana
1225 2679 1325 2714 specie
1343 2678 1438 2706 fertur

47 2725 231 2761 apparuisse.
269 2729 362 2762 Quem
389 2726 435 2754 vir
459 2725 512 2753 nni
542 2736 595 2762 per
623 2726 759 2762 spiritum
787 2725 924 2762 protinus
951 2724 1071 2758 agnovit
1097 2729 1125 2752 et
1151 2725 1192 2752 ait
1212 2724 1350 2752 adeum:
1377 2731 1436 2757 quo

1099 2779 1143 2814 57
