1742 3005
204 119 283 165 100
516 120 609 170 Cap.
650 117 785 155 xviii.
853 118 910 154 De
951 123 1080 153 sancto
1112 115 1291 152 Macario.

204 225 359 260 audiisse
395 227 574 259 revertens
608 223 772 267 exposuit
806 224 839 254 et
874 230 948 254 eum
983 221 1077 256 eirea
1101 231 1175 256 eum
1205 220 1369 266 vigilaret
1396 219 1495 254 finem
1521 219 1597 264 ejus·

206 294 427 335 exspectans,
455 288 566 323 media
592 291 692 321 nocte
716 289 838 321 iterum
859 283 1004 330 jubetur
1029 287 1126 320 exire
1154 285 1284 330 etquid
1304 285 1454 328 audiret,
1485 285 1519 330 ¹)
1537 286 1594 330 ja-

205 357 296 390 centi
322 354 482 389 referret.
531 353 597 394 Qui
621 362 696 386 eum
724 363 761 387 se
790 350 875 385 nihil
908 349 1064 385 audiisse
1089 352 1344 392 renuntiasset,
1393 360 1471 384 mox
1493 351 1599 385 nimia

205 421 369 462 elai-itas,
417 428 518 464 quam
540 420 643 453 etiam
668 418 869 464 praedictus
893 414 1069 461 presbiter
1092 416 1239 451 sufferre
1265 427 1331 450 non
1358 420 1518 461 poterat,
1554 416 1596 450 ad

207 496 283 520 eum
307 486 451 519 intravit
475 488 509 519 et
533 485 582 518 sic
607 483 774 529 paulatim
798 481 980 516 recedente
1003 481 1130 516 lumine
1157 481 1202 515 ad
1227 481 1399 515 dominum
1423 482 1596 527 migravit.

206 550 340 586 Floruit
365 554 480 585 autem
505 552 598 584 eirea
625 559 735 584 annos
762 548 890 582 domini
916 547 1066 582 CCCXL
1092 547 1156 581 sub
1183 546 1424 581 Constantino.
1453 547 1489 589 ²)
1514 545 1599 580 Fes-

208 621 278 651 tum
303 616 406 662 hujits
432 617 543 650 saneti
570 620 623 650 est
647 617 682 649 in
716 618 841 648 octava
876 612 1111 658 Epiphaniae.
1185 612 1267 647 Cum
1296 611 1363 646 duo
1389 615 1599 646 mercatores

209 692 360 717 massam
396 691 499 716 cerae
531 681 757 714 communiter
790 678 962 713 haherent
994 682 1028 713 et
1061 689 1149 713 unus
1179 678 1290 713 altero
1326 680 1497 712 renitente
1525 687 1600 711 eam

210 748 255 782 ad
280 748 393 782 altare
417 748 529 780 saneti
554 745 677 780 Hilarii
704 744 911 784 obtulisset,
965 745 1081 777 statim
1116 754 1178 787 per
1204 744 1351 779 medium
1379 743 1491 778 divisa
1518 752 1600 787 pars

210 823 278 847 una
301 811 369 847 sihi
397 812 574 846 remansit.
602 810 736 855 reliqua
762 810 924 843 renitenti
950 807 1098 843 devenit.

745 1139 871 1201 CAP.
924 1139 1084 1201 xviii,

557 1241 657 1285 De
699 1240 921 1285 saneto
967 1239 1259 1285 Macaria.

330 1347 509 1384 Macarius
538 1347 664 1382 dicitur
688 1357 710 1382 a
733 1347 878 1391 macha,
906 1348 999 1394 quod
1025 1352 1079 1383 est
1105 1349 1292 1395 ingenium,
1319 1350 1352 1383 et
1377 1356 1456 1382 ares
1486 1347 1605 1382 virtus.

217 1414 281 1450 vel
307 1414 433 1449 dicitur
458 1424 479 1448 a
503 1413 638 1455 macha,
666 1413 759 1459 quod
785 1418 839 1449 est
862 1415 1057 1459 percussio,
1086 1419 1120 1450 et
1145 1416 1197 1449 rio
1222 1415 1409 1460 magister:
1435 1413 1499 1447 fuit
1517 1413 1605 1447 enim

214 1482 420 1525 ingeniosus
444 1483 566 1514 eontra
592 1478 771 1514 daemonis
797 1480 994 1522 fallaciam,
1021 1481 1198 1514 virtuosus
1224 1483 1386 1525 quantum
1410 1478 1456 1513 ad
1485 1479 1604 1518 vitam,

216 1555 403 1591 percussor
425 1547 460 1579 in
486 1545 684 1580 domatione
710 1547 889 1590 corporis,
916 1547 1085 1591 magister
1109 1547 1144 1579 in
1170 1546 1338 1591 regimine
1363 1543 1604 1588 praelationis.

217 1611 281 1646 Vel
315 1610 518 1651 Macarius,
560 1609 596 1643 id
623 1613 698 1652 est,
731 1609 867 1644 heatus.

329 1675 507 1711 Macarius
546 1674 657 1708 abhas
700 1674 880 1710 deseendit
918 1677 953 1720 ³)
987 1687 1051 1721 per
1088 1676 1289 1709 vastitatem
1326 1675 1456 1710 deserti
1488 1678 1522 1709 et
1552 1675 1605 1708 in-

217 1743 324 1776 travit
356 1741 575 1775 dormire'in
601 1746 877 1784 monumentum,
925 1741 984 1775 ubi
1018 1740 1157 1786 sepulta
1184 1745 1284 1775 erant
1311 1750 1462 1786 eoi-pora
1493 1749 1606 1786 paga-

218 1818 337 1841 norum
364 1811 398 1842 et
426 1808 578 1841 extraxit
601 1818 702 1841 unum
736 1817 863 1851 corpus
899 1807 962 1841 sub
996 1811 1101 1851 eaput
1138 1817 1235 1841 suum
1269 1810 1444 1851 tamquam
1467 1807 1503 1851 ⁴)
1529 1806 1606 1851 pul-

219 1874 400 1908 vinarium.
469 1872 664 1907 Daemones
699 1876 813 1907 autem
839 1872 997 1907 volentes
1022 1883 1097 1907 eum
1134 1875 1268 1906 terrere
1302 1871 1474 1906 vocabant
1505 1873 1606 1917 quasi

218 1949 320 1973 unam
345 1938 521 1972 mulierem
547 1938 719 1972 dieentes:
767 1948 873 1983 surge
899 1942 932 1973 et
958 1940 1035 1973 veni
1061 1937 1239 1972 nobiseum
1266 1936 1309 1970 ad
1342 1937 1523 1979 balneum,
1573 1942 1607 1973 et

220 2005 311 2039 alter
335 2004 480 2038 daemon
507 2002 570 2037 sul)
596 2005 674 2048 ipso
698 2006 863 2048 tanquam
900 2014 941 2038 ex
981 2007 1117 2037 mortuo
1150 2003 1210 2037 illo
1242 2002 1398 2037 dicebat:
1447 2004 1606 2048 peregri-

220 2081 298 2104 num
333 2069 514 2115 quemdam
546 2068 660 2103 habeo
687 2078 793 2113 snper
817 2079 891 2111 me,
940 2080 1007 2102 non
1036 2079 1177 2113 possum
1205 2070 1334 2103 venire.
1404 2067 1467 2103 Ille
1492 2071 1606 2102 autem

221 2146 287 2169 non
314 2136 468 2180 expavit,
495 2134 557 2168 sed
583 2135 618 2178 ⁵)
643 2134 880 2178 respondebat
906 2136 1047 2179 corpori
1073 2134 1124 2168 illi
1149 2134 1287 2168 dicens:
1313 2144 1419 2179 surge
1445 2137 1478 2168 et
1503 2133 1606 2175 vade,

221 2202 251 2237 si
277 2205 388 2245 potes,
453 2199 498 2233 Et
523 2199 705 2233 audientes
731 2199 917 2233 daemones
944 2199 1108 2244 fugerunt
1134 2209 1218 2233 voce
1246 2208 1374 2243 magna
1398 2198 1606 2233 clamantes:

220 2267 335 2303 vicisti
362 2275 424 2298 nos
459 2264 613 2298 domine!
684 2264 770 2298 Dum
807 2264 996 2309 aliquando
1030 2263 1141 2298 abbas
1176 2263 1378 2298 Maeharius
1411 2265 1445 2297 in
1480 2263 1607 2308 palude

223 2332 267 2367 ad
293 2330 415 2365 ceilam
442 2339 538 2364 suam
573 2331 801 2373 praeteriret,
849 2331 999 2363 occurrit
1025 2331 1056 2364 ei
1090 2328 1259 2374 dyabolus
1294 2339 1369 2363 eum
1403 2329 1492 2364 falce
1517 2339 1607 2363 mes-

222 2399 319 2433 soria
343 2400 377 2431 et
400 2395 522 2429 volens
559 2405 633 2429 eum
664 2405 737 2428 eum
768 2395 857 2430 falce
881 2399 1064 2440 pereutere
1090 2406 1158 2429 non
1183 2396 1307 2439 potuit.
1380 2394 1425 2429 Et
1450 2394 1538 2428 dixit
1558 2396 1608 2429 ei:

223 2464 361 2498 multam
388 2460 587 2495 violentiam
612 2462 728 2504 patior
752 2470 774 2495 a
796 2465 830 2496 te
855 2461 1012 2504 Maeari,
1039 2462 1121 2506 quia
1144 2471 1212 2495 non
1240 2470 1379 2505 possum
1405 2460 1609 2505 praevalere

308 2562 334 2593 l)
355 2559 406 2586 Ed.
428 2563 470 2585 l'r.
491 2558 574 2584 offert
598 2558 630 2584 la
644 2563 650 2584 t
664 2568 702 2584 en
716 2563 721 2584 l
735 2558 753 2586 i.
856 2560 885 2591 2)
911 2559 1026 2585 Verba:
1055 2562 1204 2585 Festum
1225 2572 1255 2578 —
1275 2557 1432 2585 devenit
1452 2556 1558 2583 desunt
1581 2556 1610 2582 in

225 2605 274 2632 Ed.
297 2609 339 2632 i’r.
433 2607 460 2635 3)
481 2602 532 2628 Ed.
553 2603 646 2629 l'rinc.
667 2603 737 2633 11·th
759 2603 775 2628 d
789 2614 803 2627 ι·
823 2602 891 2629 siti
913 2603 979 2630 loco
1000 2603 1175 2630 verborum:
1202 2611 1268 2637 per
1287 2600 1524 2628 vastitatem
1544 2601 1610 2627 ‹le-

222 2648 328 2677 serti.
365 2646 575 2673 verisimiliter
594 2648 671 2674 enim
693 2647 829 2674 librarius
850 2652 962 2674 textum
990 2647 1031 2673 (le
1059 2648 1161 2681 Syrti
1187 2647 1230 2673 ila
1249 2644 1390 2679 corrupit.
1492 2646 1522 2678 4)
1542 2648 1612 2672 noc.

222 2690 454 2728 plumacium
480 2690 590 2722 legunt.
703 2693 731 2725 ὃ)
758 2694 879 2721 necent.
903 2692 980 2720 male
1007 2691 1195 2719 tundebat
1223 2698 1366 2725 corpus
1393 2689 1495 2717 illud
1524 2699 1612 2725 prue-

222 2738 328 2764 t‘vrunt.
