1742 3005
221 115 303 155 ⁴00
512 116 607 166 Cap.
640 114 779 151 XClll.
835 113 906 151 De.
935 122 1063 152 sancta
1091 115 1322 166 Margareta.

222 227 333 258 tecum
360 221 484 256 adduc.
534 220 599 260 Qui
625 219 703 254 dum
730 222 914 265 pergeret,
949 219 1089 265 quidam
1113 222 1167 255 vir
1188 230 1331 256 currens
1357 219 1423 254 sibi
1448 218 1614 254 obviavit.

221 288 328 328 Quem
353 297 426 320 cnm
453 285 566 320 abbas
591 287 849 330 interrogaret,
883 295 951 330 quo
977 288 1165 330 pergeret,
1199 285 1259 320 ille
1291 287 1356 320 ait:
1391 285 1514 319 mulier
1539 295 1615 319 mea

221 356 356 386 mortua
389 355 443 386 est
480 355 514 386 et
548 346 651 385 vado'
673 350 791 385 videre
830 360 918 385 eam.
966 348 1011 384 Et
1034 350 1200 384 assumsit
1223 349 1334 384 abbas
1361 352 1468 384 virum
1495 350 1613 385 Theo-

219 418 328 452 dorae
352 419 386 451 in
409 427 533 462 equum
559 420 593 451 et
619 417 799 451 venientes
825 415 1006 460 plurimum
1032 415 1203 450 fleverunt
1232 418 1268 450 et
1291 416 1403 460 ipsam
1430 426 1502 450 eum
1527 416 1613 450 mul-

218 485 263 518 tis
288 482 451 518 laudibus
476 482 703 526 sepelierunt.
751 481 813 518 Vir
840 486 953 516 autem
979 482 1055 526 ejus
1081 480 1204 515 cellam
1235 482 1356 515 uxoris
1380 490 1466 515 suae
1493 480 1612 516 Theo-

219 549 327 584 dorae
362 550 496 592 aceepit
532 552 566 582 et
597 547 725 582 ibidem
758 558 965 592 permanens
997 546 1137 582 tandein
1163 547 1197 580 in
1226 546 1365 580 domino
1390 545 1613 589 obdormivit,

218 625 305 659 puer
341 618 455 649 autem
488 613 699 648 Theodorae
737 616 905 647 nutricem
941 623 1091 659 sequens
1125 614 1217 646 omni
1256 623 1387 646 morum
1429 611 1614 646 honestate

218 680 393 724 pollebat,
433 681 482 713 ita
518 679 611 724 quod
632 683 766 713 mortuo
794 678 922 713 abbate
950 680 1152 714 monasterii
1179 680 1213 712 in
1239 678 1400 712 abbatem
1427 678 1503 721 ipse
1528 686 1613 712 una-

219 747 359 779 nimiter
387 749 440 779 est
468 745 611 779 electus.

653 1018 779 1080 GAP.
815 1017 973 1079 xcln.
1020 1018 1153 1081 (88.)

457 1118 565 1161 De
617 1118 884 1162 sancta
919 1117 1368 1173 margareta.

306 1223 513 1270 Margareta
537 1224 663 1259 dicitur
688 1234 708 1258 a
734 1222 882 1269 quadam
909 1225 1067 1268 pretiosa
1100 1215 1256 1270 gemma}
1295 1234 1384 1270 quae
1419 1224 1612 1269 margarita

216 1294 380 1326 vocatur:
417 1300 507 1335 quae
543 1299 679 1336 gemma
715 1293 767 1324 est
799 1288 970 1331 candida,
1005 1299 1116 1334 parva
1142 1294 1176 1324 et
1205 1292 1372 1325 virtuosa.
1422 1290 1480 1323 Sic
1506 1289 1611 1324 beata

216 1356 424 1401 Margareta
462 1356 527 1390 fuit
560 1355 710 1390 eandida
735 1366 799 1400 per
832 1356 1090 1400 virginitatem,
1132 1365 1243 1400 parva
1274 1366 1337 1400 per
1369 1354 1608 1396 humilitatem,

215 1423 374 1457 virtuosa
399 1433 462 1467 per
486 1421 1009 1470 miraculorum.operationem,
1058 1421 1177 1456 Virtus
1210 1426 1323 1456 autem
1351 1420 1454 1466 hujus
1480 1420 1609 1466 lapidis

215 1488 341 1522 dicitur
365 1498 444 1523 esse
470 1492 592 1522 contra
624 1488 807 1534 sanguinis
841 1485 1068 1529 effusionem,
1102 1490 1225 1521 contra
1257 1486 1374 1521 cordis
1410 1488 1608 1533 passionem

216 1557 249 1588 et
278 1553 321 1587 ad
348 1555 491 1598 spiritus
516 1553 819 1587 confortationem.
869 1552 926 1586 Sic
948 1551 1054 1587 beata
1078 1552 1285 1598 Margareta
1308 1551 1431 1586 habuit
1451 1554 1610 1587 virtutem

214 1623 337 1654 contra
366 1618 569 1653 effusionem
595 1620 648 1651 sui
675 1620 856 1664 sanguinis
883 1629 946 1663 per
969 1620 1199 1652 constantiam
1218 1647 1226 1661 ,
1262 1619 1345 1663 quia
1370 1619 1404 1652 in
1430 1628 1493 1652 suo
1519 1627 1610 1652 mar-

214 1686 295 1719 tirio
322 1685 605 1718 constantissima
633 1685 788 1726 exstitit,
813 1688 935 1718 contra
960 1684 1076 1718 cordis
1103 1686 1323 1728 passionem,
1359 1684 1394 1718 id
1421 1687 1495 1726 est,
1525 1683 1608 1718 dae-

214 1751 324 1784 monis
349 1751 575 1784 tentationem
603 1760 665 1793 per
690 1750 892 1791 victoriam,
920 1751 1002 1794 quia
1027 1751 1105 1793 ipsa
1132 1749 1318 1794 dyabolum
1343 1751 1537 1794 superavit,
1564 1749 1608 1783 ad

213 1818 357 1861 spiritus
390 1814 679 1849 confortationem
713 1824 776 1858 per
812 1814 1025 1855 ‹loen-inam,
1064 1816 1147 1859 quia
1180 1825 1243 1858 per
1281 1824 1377 1848 suam
1415 1814 1607 1848 doctrinam

213 1882 395 1915 multorum
430 1881 564 1914 animos
603 1879 817 1913 confortavit
852 1883 886 1914 et
911 1878 955 1913 ad
987 1879 1117 1913 Christi
1143 1878 1241 1914 fidem
1268 1881 1449 1915 convertit.
1499 1879 1606 1923 Cujus

211 1946 395 1993 legendam
423 1945 627 1980 Theotimus
644 1947 674 1988 ¹)
700 1946 753 1979 vir
778 1945 933 1980 eruditus
959 1946 1110 1990 scripsit.

301 2012 508 2058 Margareta
539 2010 582 2045 de
615 2012 757 2045 civitate
785 2010 994 2045 Antioohiae
1020 2010 1091 2044 filia
1117 2010 1181 2044 fuit
1206 2010 1399 2062 Theodosii
1426 2010 1606 2056 gentilium

210 2077 454 2124 patriarchae:
491 2075 577 2111 haec
612 2077 737 2109 nutrici
770 2068 920 2110 traditur
953 2080 986 2111 et
1022 2076 1066 2110 ad
1101 2076 1254 2110 adultam
1289 2080 1438 2112 aetatem
1463 2077 1607 2112 veniens

210 2144 412 2189 baptizatur
447 2145 481 2176 et
514 2145 659 2186 propter
694 2141 759 2176 hoc
793 2152 902 2176 exosa
931 2143 1020 2187 patri
1048 2143 1228 2187 plurimum
1256 2141 1461 2176 habebatur.
1513 2141 1605 2180 Qua-

209 2203 287 2244 dam
315 2211 422 2255 igitur
448 2208 524 2250 die,
562 2207 639 2242 dnm
669 2208 742 2253 jam
770 2217 894 2242 annum
919 2207 993 2243 XV.
1023 2209 1202 2254 attigisset
1226 2211 1260 2241 et
1286 2217 1360 2241 cum
1387 2207 1466 2241 aliis
1497 2208 1604 2253 virgi-

209 2274 309 2309 nibus
334 2284 419 2308 oves
450 2274 593 2307 nutricis
627 2273 839 2315 custodiret,
874 2274 1076 2318 praefectus
1111 2272 1274 2318 Olybrius
1308 2273 1388 2306 inde
1420 2273 1603 2306 transitum

210 2340 341 2375 faciens
376 2337 594 2384 et‚puellam
630 2341 698 2371 tam
737 2339 932 2381 speciosam
965 2338 1193 2373 considerans
1218 2349 1296 2372 mox
1322 2340 1357 2374 in
1382 2339 1459 2383 ejus
1486 2347 1604 2372 amore

194 2406 342 2440 'exarsit
373 2408 407 2439 et
440 2413 568 2449 pueros
600 2402 644 2436 ad
676 2412 714 2437 se
739 2402 895 2437 concitus
921 2404 1014 2437 misit
1039 2404 1177 2439 dicens:
1213 2405 1259 2439 ite
1285 2407 1318 2439 et
1344 2413 1418 2438 eam
1445 2413 1603 2448 compre-

208 2471 369 2509 hendite.
396 2474 452 2513 ut,
479 2470 508 2503 si
535 2468 648 2503 libera
673 2472 747 2510 est,
775 2478 848 2503 eam
875 2468 957 2503 mihi
982 2470 1016 2503 in
1040 2480 1182 2505 uxorem
1212 2471 1393 2515 accipiam,
1418 2471 1457 2503 si·
1475 2467 1601 2502 aneilla

207 2540 280 2577 est,
315 2546 388 2571 eam
422 2535 504 2569 mihi
538 2536 571 2568 in
605 2533 832 2568 concubinam
866 2534 1024 2569 habeam.
1073 2536 1155 2569 Cum
1193 2546 1280 2582 ergo
1314 2535 1391 2579 ejus
1418 2533 1599 2577 adspectui

276 2634 303 2663 1)
328 2637 369 2659 lta
399 2633 555 2665 t··g‹·n‹lnm
582 2633 649 2659 loco
678 2633 789 2665 vulgar.
816 2632 1057 2665 Thoolinus,
1085 2632 1141 2659 nisi
1167 2632 1294 2660 sortasse
1322 2628 1598 2656 Theotinchns

208 2676 433 2711 ..nivini-umba..
463 2681 521 2707 νει,
551 2679 632 2711 cujus
659 2677 717 2705 viri
747 2686 855 2705 nomen
882 2676 959 2704 inter
992 2677 1184 2710 legendarum
1215 2679 1354 2702 anctores
1390 2673 1516 2700 oemirril
1542 2673 1597 2707 (rs,

208 2721 291 2747 fabr.
313 2720 388 2747 nihl.
410 2725 455 2748 (ir.
478 2724 540 2748 Ml.
560 2732 588 2756 p.
609 2724 686 2756 755).
