1742 3005
360 111 456 161 Cap.
488 110 623 149 xle.
690 112 749 149 De
780 111 959 150 cathedra
990 113 1108 150 sancti
1140 113 1257 151 Petri.
1428 114 1506 152 179

115 212 265 250 hibetur.
313 214 422 260 HuJus
457 218 571 249 autem
602 215 847 251 sollemnitatis
882 218 1053 251 institutio
1079 217 1340 263 quadruplicem
1363 228 1503 253 causam

115 278 246 315 habere
280 279 430 315 videtur.
506 279 620 315 Prima
644 291 752 316 causa
779 286 853 324 est;
900 292 975 316 cum
1001 284 1089 316 enim
1113 282 1237 317 beatus
1258 282 1381 318 Petrus
1409 285 1503 329 apud

113 344 334 379 Antiochiam
358 345 591 390 praedicaret,
617 346 834 391 Theophilus
860 349 1021 392 princeps
1047 349 1199 381 civitatis
1229 348 1323 383 illius
1347 350 1378 384 ei
1395 349 1501 384 dixit:

115 409 238 451 Petro,
288 420 357 455 qua
387 413 523 446 ratione
556 412 720 457 populum
747 423 858 446 meum
882 411 1087 446 subvertis?
1157 412 1239 446 Cum
1267 424 1352 458 ergo
1380 414 1503 450 Petrus

115 475 183 509 sibi
208 475 308 510 fidem
333 475 463 511 Christi
487 477 731 521 praedicaret,
772 476 831 510 ille
856 486 931 510 eum
957 476 1126 510 vinculari
1154 477 1236 511 fecit
1261 482 1295 511 et
1323 480 1398 513 sine
1424 480 1502 514 cibo

115 544 150 574 et
175 545 259 585 potu
285 551 361 576 eum
388 551 527 575 manere
552 542 729 585 permisit,
761 540 822 574 sed
847 550 922 574 cum
946 540 1069 575 Petrus
1091 542 1164 586 Jam
1191 552 1302 586 paene
1326 544 1502 585 deiiceret,

116 607 276 640 resumtis
309 609 425 641 tamen
462 605 593 640 viribus
627 605 770 640 elevans
806 606 926 639 oculos
951 605 995 639 ad
1021 607 1153 641 coelum
1181 608 1251 642 ait:
1292 608 1377 644 Jesu
1403 610 1502 644 Chri-

115 674 168 704 ste
192 672 393 705 miserorum
418 670 561 716 adjutor
595 669 727 716 adJuva
751 681 804 705 me
829 673 863 704 in
887 670 941 704 his
967 671 1253 707 tribulationibus
1279 673 1504 710 deiicientem.

115 735 180 770 Cui
207 735 363 770 dominus
388 736 588 781 respondit:
636 735 762 779 Petro,
796 736 910 771 credis
938 740 972 770 te
998 736 1199 772 derelictum
1225 748 1246 772 a
1270 741 1351 774 me?
1397 740 1502 776 Meae

114 801 262 835 bonitati
287 801 460 848 derogas,
507 803 538 836 si
561 801 648 835 talia
673 805 796 836 contra
819 812 872 836 nie
897 801 1012 836 dicere
1037 813 1104 836 non
1130 803 1307 838 formides.
1358 804 1503 840 Praesto

113 869 179 908 est,
208 868 266 911 qui
288 870 370 901 tuae
396 866 582 902 subveniat
606 868 779 901 miseriae.
845 868 1000 901 Audiens
1028 872 1140 902 autem
1166 867 1294 903 Paulus
1322 869 1363 904 de
1388 872 1502 905 incar-

113 933 289 967 ceratione
314 932 407 967 Petri
433 932 477 966 ad
505 931 736 977 Theophilum
762 933 855 965 venit
882 936 916 966 et
941 942 978 966 se
1000 934 1033 966 in
1061 933 1175 967 multis
1197 935 1361 979 operibns
1389 942 1422 970 et
1446 947 1503 970 ar-

113 996 205 1031 tibus
232 1007 397 1031 summum
421 997 577 1042 opificem
604 1008 682 1032 esse
709 998 872 1039 asseruit,
898 997 995 1043 ligna
1019 1002 1053 1032 et
1076 997 1215 1033 tabulas
1241 1010 1278 1034 se
1305 1002 1394 1035 scire
1410 1002 1501 1035 scul-

113 1072 215 1107 perc‚
240 1065 393 1097 tentoria
419 1064 564 1108 pingere
592 1067 626 1097 et
652 1062 758 1096 multa
783 1062 854 1096 alia
881 1062 1049 1097 industrie
1077 1066 1216 1108 operari
1243 1065 1340 1099 dixit.
1391 1068 1454 1107 Qui
1482 1079 1503 1101 a

112 1127 311 1173 Theophilo
338 1127 464 1162 obnixe
487 1132 653 1174 rogatur,
698 1131 734 1162 ut
758 1129 792 1161 in
817 1129 893 1173 ejus
919 1130 1017 1162 curia
1040 1139 1156 1163 secum
1182 1132 1351 1164 consistat
1410 1132 1502 1166 Evo-

113 1193 195 1227 lutis
222 1195 343 1238 paucis
378 1193 502 1228 diebus
534 1193 662 1228 Paulus
687 1193 733 1227 ad
759 1193 896 1228 Petrum
921 1192 1092 1229 absconse
1118 1196 1153 1228 in
1177 1205 1351 1231 carcerem
1378 1198 1501 1232 introi-

114 1259 178 1292 vit:
227 1269 327 1304 quem
360 1258 480 1293 videns
514 1269 624 1303 paene
660 1262 829 1292 mortuum
865 1263 899 1293 et
931 1263 1143 1293 consumtum
1179 1263 1394 1297 amarissime
1419 1264 1503 1298 llere

112 1324 229 1369 coepit
252 1329 286 1358 et
317 1325 352 1357 in
379 1324 559 1369 amplexus
594 1325 669 1368 ejus
707 1325 807 1368 quasi
839 1324 952 1357 flendo
987 1323 1171 1358 deficiebat
1206 1330 1239 1360 et
1273 1338 1502 1373 prorumpens

113 1390 164 1422 sic
188 1390 318 1434 inquit:
346 1399 366 1423 ο
392 1389 494 1424 Petre
520 1389 631 1423 frater
656 1399 772 1430 meus,
798 1388 915 1434 gloria
940 1399 1028 1431 inea,
1056 1400 1163 1424 meum
1190 1391 1376 1436 gaudium,
1404 1393 1503 1427 dimi-

112 1454 204 1487 dium
230 1455 366 1488 animae
391 1464 501 1496 meac,
527 1465 603 1488 meo
628 1455 772 1487 introitu
796 1464 931 1488 resume
960 1456 1063 1489 vires.
1113 1455 1210 1490 Tunc
1231 1455 1354 1490 Petrus
1381 1459 1500 1492 oculos

112 1520 274 1564 aperiens
297 1523 333 1553 et
356 1521 467 1564 ipsum
490 1529 707 1565 cognoscens
730 1519 915 1562 lacrymari
946 1521 1082 1563 coepit,
1132 1520 1195 1554 sed
1220 1521 1287 1554 sibi
1314 1522 1410 1567 loqui
1434 1534 1501 1557 non

112 1586 246 1629 potuit,
282 1588 317 1619 et
339 1594 523 1619 accurrens
550 1583 679 1619 Paulus
708 1586 765 1618 vix
791 1595 829 1617 os
858 1585 933 1629 ejus
959 1586 1096 1628 aperuit
1123 1589 1157 1619 et.
1182 1579 1362 1630 imponens
1389 1588 1499 1622 cibum

111 1652 223 1694 ipsum
250 1649 471 1684 refocillavit.
520 1650 603 1683 Cum
629 1654 741 1684 autem
769 1649 891 1685 Petrus
916 1650 994 1683 cibo
1020 1650 1238 1685 confortatus
1261 1652 1404 1693 suisset,
1442 1663 1499 1688 ac-

110 1724 254 1749 currens
288 1716 322 1749 in
357 1714 476 1749 oscula
509 1714 606 1749 Pauli
640 1717 708 1749 ruit
733 1720 767 1750 et
793 1715 895 1749 ambo
923 1715 1105 1760 plurimum
1132 1716 1320 1758 fleverunt,
1370 1718 1498 1753 Paulus

111 1783 224 1814 autem
250 1781 383 1815 occulte
408 1780 546 1814 rediens
572 1780 769 1825 Theophilo
796 1781 902 1815 dixit:
948 1791 967 1813 o
992 1780 1081 1815 bone
1116 1780 1333 1826 Theophile,
1372 1794 1500 1830 magna

110 1849 165 1879 est
187 1845 302 1891 gloria
326 1850 387 1880 tua
410 1850 445 1881 ct
468 1846 647 1880 curialitas
673 1850 745 1888 tua,
771 1846 967 1880 honestatis
994 1848 1114 1880 ainica.
1151 1846 1368 1882 Dehonestat
1393 1850 1501 1883 multa

110 1911 202 1945 hona
225 1913 386 1958 exiguum
412 1911 558 1954 malum,
605 1913 847 1954 reminiscere,
893 1912 975 1957 quid
1004 1912 1116 1946 fecisti
1141 1912 1192 1945 illi
1217 1911 1403 1956 Dete-otae,
1440 1916 1497 1958 qni.

110 1976 236 2010 dicitur
257 1976 402 2020 Petrus,
450 1977 546 2011 velut
569 1982 663 2012 esset
690 1977 823 2022 aliquid
848 1987 1019 2023 magnum.
1068 1977 1269 2019 Pannosus‚
1318 1978 1496 2018 deformis,

110 2042 218 2075 macic
247 2046 468 2084 consumtus,
502 2052 565 2086 per
589 2044 704 2076 omnia
730 2042 886 2084 vilescit,
935 2042 1011 2076 solo
1048 2052 1207 2076 sermone
1233 2043 1414 2086 clarescit3
1464 2049 1497 2078 et

109 2106 213 2141 talem
254 2105 354 2142 decet
395 2108 432 2141 in
464 2117 605 2142 carcere
650 2108 809 2152 ponere?
879 2107 944 2147 Qui
981 2109 1096 2151 potius
1130 2108 1161 2140 si
1194 2106 1359 2142 libertate
1392 2109 1497 2143 solita

110 2171 302 2215 frueretur,
337 2176 458 2217 posset
483 2172 547 2206 tibi
573 2174 608 2206 in
633 2172 752 2217 aliquo
779 2171 898 2206 utilior
923 2182 1022 2212 esse,
1059 2181 1136 2205 nam
1162 2173 1251 2206 sicut
1276 2172 1317 2207 de
1346 2173 1407 2207 illo
1432 2173 1494 2207 ho>

109 2237 197 2270 minc
222 2237 360 2282 quidam
385 2238 496 2282 ajunt,
518 2237 671 2271 infirmos
698 2241 813 2279 sanat,
842 2240 996 2270 mortuos
1021 2238 1178 2270 suscitat.
1229 2237 1292 2271 Cui
1317 2236 1496 2283 Theophi-

108 2301 181 2335 lus:
219 2300 383 2335 sabulosa
408 2306 487 2336 sunt
512 2303 604 2345 ista,
630 2302 760 2344 Paule,
787 2312 875 2347 quae
904 2302 1009 2344 dicis,
1039 2303 1123 2346 quia
1148 2303 1177 2334 si
1202 2306 1356 2335 mortuos
1385 2304 1494 2335 susci>
1543 2336 1547 2341 ,

107 2369 182 2400 tare
206 2369 348 2410 posset,
392 2368 427 2398 et
450 2375 488 2399 se
513 2367 625 2410 ipsum
657 2367 700 2402 de
727 2377 867 2402 carcere
891 2367 1069 2401 liberaret,
1119 2365 1181 2399 (lui
1209 2365 1357 2399 Paulus:
1408 2367 1495 2399 sieut

106 2429 266 2464 Christus
293 2440 376 2464 suus
401 2439 422 2463 a
445 2431 590 2464 mortuis
614 2433 806 2466 resurrexit
830 2434 882 2474 (ut
907 2431 1062 2473 dicunt),
1101 2431 1157 2473 qui
1186 2433 1299 2463 tamen
1326 2429 1368 2463 de
1393 2439 1494 2465 cruce

65 2527 69 2530 ,
105 2494 317 2529 descendere
341 2494 463 2535 noluit,
489 2495 539 2528 sic
562 2494 685 2529 Petrus
712 2497 769 2538 (ut
793 2496 909 2540 ajunt)
935 2494 1000 2528 hoc
1026 2493 1184 2537 exemplo
1210 2503 1248 2527 se
1274 2504 1342 2528 non
1367 2494 1492 2530 liberat

105 2562 139 2593 ct
163 2560 237 2604 pati
262 2570 326 2604 pro
352 2559 491 2594 Christo
517 2570 585 2593 non
615 2559 777 2594 formidat
837 2560 901 2593 Cui
927 2557 1166 2602 Theophilus:
1192 2558 1246 2591 dic
1272 2569 1357 2603 ergo
1384 2561 1429 2602 ei,
1458 2566 1492 2594 ut

104 2622 207 2657 lilium
241 2634 349 2658 meum
383 2625 455 2670 Jam
489 2634 553 2669 per
584 2623 858 2669 quattuordecim
892 2633 1002 2657 annos
1039 2627 1207 2657 mortuum
1245 2625 1430 2658 resuscitet
1459 2630 1492 2660 et

105 2687 305 2723 incolumem
330 2699 407 2723 eum
433 2688 574 2723 reddam
601 2694 635 2723 et
660 2688 815 2723 liberum.
866 2688 1070 2734 Ingrediens
1103 2688 1212 2733 igitur
1235 2687 1364 2724 Paulus
1390 2690 1488 2731 dixit,

1140 2751 1210 2784 12*
