1742 3005
373 59 468 108 Cap.
503 60 637 96 XCIX.
697 62 754 97 De
786 69 915 97 sancto
944 63 1089 98 Jacobo
1123 66 1277 113 majore.
1438 65 1517 103 423

129 164 322 209 Statimque
363 168 400 198 ut
432 162 476 198 de
506 163 652 198 sudario
690 169 806 199 tactus
845 171 917 207 est,
958 167 1093 201 solutus
1131 177 1152 202 a
1186 168 1333 203 vinculis
1368 172 1513 216 magieis

127 229 262 264 artibus
304 229 534 275 Hermogenis
575 231 757 265 insultavit
798 235 831 266 et
863 231 906 265 ad
936 217 1104 268 Jacohum
1137 236 1350 279 properavit.
1398 234 1510 270 Iratus

123 293 362 340 Hermogenes
393 295 579 329 daemones
616 296 804 330 advocavit
834 299 1075 342 praecipiens,
1123 302 1160 332 ut
1196 300 1306 343 ipsum
1341 299 1511 336 Jacobum

125 361 274 394 vinc-tum
300 371 375 394 cum
398 360 536 395 Phileto
562 360 755 403 adducant,
781 366 818 396 ut
842 362 885 395 de
908 364 996 406 ipsis
1022 373 1060 397 se
1086 364 1296 405 vindicaret,
1334 376 1377 400 ne
1404 366 1511 400 disci-

124 425 198 469 puli
236 426 313 470 ejus
347 426 390 460 de
424 431 563 460 caetero
597 426 749 460 audeant
784 427 902 461 taliter
944 428 1122 462 insultare.
1174 428 1361 464 Venientes
1395 436 1510 466 antem

123 491 310 526 daemones
345 491 388 525 ad
414 491 581 527 Jacobum
607 493 640 525 in
666 495 747 525 aere
773 491 908 525 ululare
936 497 1129 536 coeperunt
1152 493 1330 527 dieentes:
1363 494 1508 533 Jacobe.

122 557 303 601 apostole,
330 558 496 590 miserere
520 555 634 598 nobis,
659 558 752 602 quia,
780 561 964 602 antequam
991 562 1126 602 tempus
1151 564 1305 593 nostrum
1332 560 1508 602 adveniat,

116 623 189 666 Jam
226 621 397 656 ardemus.
448 621 580 661 Quibus
613 621 768 657 Jacohus
804 623 872 656 ait:
922 623 1008 666 ¹)ad
1054 624 1137 668 quid
1170 626 1314 659 venistis
1348 625 1392 659 ad
1427 628 1508 662 me?

120 686 184 726 Qui
210 686 392 721 dixerunt:
426 686 663 733 Hermogenes
700 689 792 722 misit
825 698 910 728 noS,
947 692 983 721 ut
1007 692 1041 723 te
1069 693 1101 723 et
1127 689 1297 724 Philetum
1323 691 1366 724 ad
1395 694 1506 736 ipsum

117 751 342 793 duceremus,
384 752 447 787 sed
479 764 578 789 mox.
615 758 651 787 ut
679 753 721 787 ad
747 759 781 787 te
808 755 983 797 venimus,
1020 755 1167 800 angelus
1193 755 1256 790 Dei
1282 766 1346 790 nos
1371 760 1505 793 eatenis

118 818 232 863 igneis
270 818 435 863 religavit
466 823 499 852 et
530 819 711 863 plurimum
742 821 919 852 cruciavit.
970 819 1103 859 Quibus
1135 821 1307 856 Jacohus:
1342 822 1503 858 exsolvat

118 892 180 916 vos
211 882 358 929 angelus
393 884 542 925 domini,
585 889 619 919 et
651 884 693 917 ad
730 886 840 929 ipsum
874 884 983 918 redite
1019 888 1052 918 et
1084 896 1159 918 eum
1192 886 1236 919 ad
1272 897 1323 921 me
1355 889 1501 933 vinctum

115 947 300 990 adducite,
335 949 397 983 sed
432 949 601 984 illaesum.
650 950 715 989 Qui
749 960 822 983 cuni
851 951 1043 989 abiissent,
1079 951 1382 995 apprehendentes
1417 953 1502 989 Her-

115 1023 294 1059 mogenem
319 1024 439 1049 manus
464 1016 496 1049 ei
521 1025 543 1049 a
567 1020 669 1061 tergo
693 1015 893 1060 ligaverunt
919 1020 953 1049 et
977 1017 1086 1059 ipsum
1123 1017 1172 1049 sie
1198 1018 1343 1052 vinctum
1373 1019 1414 1053 ad
1440 1020 1501 1055 Ja-

114 1079 236 1113 cobum
259 1079 478 1114 adduxerunt
501 1080 677 1115 dicentes:
698 1082 839 1115 <misisti
864 1091 948 1122 nos,
975 1081 1031 1114 ubi
1061 1083 1191 1115 incensi
1219 1093 1336 1116 sumus
1361 1089 1395 1118 et
1419 1095 1500 1130 gra-

114 1146 203 1180 viter
238 1146 394 1180 cruciati.
442 1145 683 1191 Dixeruntque
715 1146 902 1181 daemones
944 1146 987 1180 ad
1019 1146 1208 1181 Jacobum:
1245 1147 1289 1181 da
1331 1149 1432 1183 nobis
1467 1152 1501 1184 in

112 1221 188 1246 eum
215 1215 446 1256 potesta-tem,
480 1216 518 1246 ut
548 1213 722 1256 possimus
756 1216 834 1245 tuas
869 1213 1014 1256 injurias
1041 1217 1075 1246 et
1096 1217 1216 1246 nostra
1241 1215 1403 1248 incendia
1427 1217 1499 1249 vin-

112 1276 243 1312 dicare.
293 1276 426 1316 Quibus
459 1279 508 1311 ait
541 1277 711 1312 Jacobus:
745 1287 826 1311 eece
854 1276 1009 1311 Philetus
1035 1281 1114 1311 ante
1143 1288 1204 1311 vos
1231 1282 1305 1319 est,
1341 1290 1499 1314 (·1u·euni

113 1353 182 1377 non
203 1333 360 1377 tenetis?
408 1342 470 1376 Cui
497 1343 568 1377 illi:
602 1352 666 1376 nos
698 1353 764 1376 non
796 1352 981 1386 possumus
1018 1353 1080 1377 nec
1117 1344 1316 1385 formicam,
1352 1354 1441 1389 quae
1468 1347 1499 1379 in

112 1406 272 1441 eubiculo
298 1411 357 1441 tuo
384 1412 456 1449 est,
482 1418 582 1442 manu
608 1409 822 1453 contingere.
873 1408 1038 1453 Dixitque
1059 1408 1214 1443 Jacobus
1242 1409 1285 1442 ad
1312 1409 1499 1444 Philetnm:

110 1477 148 1507 ut
170 1473 263 1506 bona
288 1483 352 1517 pro
374 1474 488 1515 malis,
513 1473 701 1508 secundum
727 1473 818 1518 quod
846 1473 1005 1507 Christus
1038 1483 1102 1507 nos
1126 1473 1266 1514 docuit,
1301 1475 1499 1517 reddamus,

110 1538 348 1584 Hermogenes
378 1543 412 1574 te
441 1539 585 1585 ligavit,
619 1544 655 1573 tu
692 1549 766 1573 eum
801 1538 910 1572 solve.
962 1538 1104 1573 Solutus
1141 1538 1379 1585 Hermogenes
1414 1552 1497 1574 con-

110 1604 209 1638 fusus
237 1605 335 1638 stetit
360 1608 393 1639 et
416 1604 570 1640 Jacobus
596 1607 626 1639 ei
660 1604 764 1638 dixit:
799 1603 906 1644 vade,
941 1603 1047 1640 liber,
1083 1615 1290 1650 quocunque
1325 1606 1496 1647 volueris;

108 1680 176 1704 non
213 1672 300 1705 enim
336 1669 544 1714 disciplinae
577 1673 719 1703 nostrae
754 1674 829 1711 est,
868 1674 903 1703 ut
938 1671 1064 1703 invitus
1100 1671 1227 1715 aliquis
1262 1675 1496 1706 convertatur,

107 1735 273 1780 Dixitque
299 1737 330 1770 ei
355 1735 610 1781 Hermogenes:
646 1746 714 1781 ego
750 1737 829 1769 novi
862 1737 932 1769 iras
962 1735 1185 1775 daemonum,
1220 1738 1284 1769 nisi
1319 1736 1400 1770 mihi
1433 1736 1498 1769 ali-

107 1800 188 1846 quid
223 1800 384 1841 dederis,
424 1801 516 1846 quod
550 1812 678 1836 mecum
722 1801 891 1837 habeam.
936 1801 1095 1836 occident
1127 1812 1189 1835 me.
1241 1802 1302 1835 Cui
1344 1801 1497 1837 Jacobus

105 1865 266 1901 baculum
291 1876 389 1901 snum
412 1866 526 1909 dedit,
552 1867 612 1902 ille
638 1873 751 1902 autem
779 1869 932 1911 perrexit
959 1873 992 1901 et
1017 1877 1135 1901 omnes
1160 1866 1271 1900 libros
1298 1868 1385 1901 artis
1412 1876 1498 1901 snae

106 1933 265 1976 magicae
290 1931 334 1965 ad
359 1933 556 1976 apostolum
582 1933 788 1967 cremandos
815 1933 941 1967 attulit.
990 1933 1143 1967 Jacobus
1170 1937 1305 1974 autem,
1335 1944 1377 1968 ne
1407 1918 1496 1966 sorte

107 1996 196 2030 odor
220 1995 371 2030 incendii
396 2002 540 2031 vexaret
562 1999 736 2039 incautos,
763 2008 824 2032 eos
851 2000 884 2032 in
911 2008 1005 2032 mare
1032 1999 1156 2042 projici
1177 1999 1299 2042 jussit,
1326 1999 1493 2042 projectis

107 2073 194 2107 ergo
228 2061 329 2095 libris
364 2061 407 2095 ad
442 2061 639 2106 apostolum
672 2062 777 2096 rediit
801 2066 835 2096 et
862 2063 998 2106 plantas
1024 2063 1102 2105 ejus
1126 2066 1249 2097 tenens
1276 2062 1382 2095 dixit:
1418 2064 1493 2096 ani·

107 2137 235 2162 marum
252 2126 434 2167 liberator,
464 2128 585 2170 accipe
607 2127 854 2170 poenitentem,
883 2137 981 2171 quem
1000 2127 1206 2160 invidentem
1228 2131 1260 2161 et
1282 2126 1346 2160 tibi
1373 2127 1489 2161 detra-

105 2194 242 2228 hentem
267 2192 436 2228 hactenus
463 2193 672 2226 sustinuisti.
722 2192 846 2236 Coepit
870 2194 978 2237 igitur
1002 2194 1035 2225 in
1062 2192 1125 2227 Dei
1150 2195 1273 2227 timore
1294 2192 1492 2236 praefectus

105 2269 204 2301 esse,
236 2257 326 2292 adeo
356 2262 394 2292 ut
431 2259 577 2291 virtutes
609 2257 778 2302 plurimae
814 2268 876 2301 per
908 2267 982 2291 eum
1006 2256 1137 2292 tierent.
1187 2257 1354 2292 videntes
1378 2262 1491 2291 autem

102 2324 229 2361 Judaei
259 2322 511 2368 Hermogenem
545 2332 750 2358 conversum
781 2322 860 2360 zelov
894 2324 1055 2357 commoti
1079 2322 1247 2358 Jacobum
1274 2324 1435 2358 adierunt
1457 2329 1491 2356 et

102 2402 164 2426 eur
194 2390 312 2426 Jesum
346 2386 542 2421 crucifixum
579 2389 818 2432 praedicaret,
852 2390 1131 2432 increpaverunt.
1182 2387 1242 2422 llle
1280 2398 1382 2429 vero,
1415 2398 1488 2422 cum

104 2458 148 2491 iis
180 2465 244 2501 per
277 2455 471 2498 scripturas
514 2451 699 2487 adventum
732 2453 861 2487 Christi
895 2456 929 2486 et
964 2454 1163 2496 passionem
1197 2452 1378 2488 evidenter
1408 2464 1510 2498 pro-v

101 2522 244 2561 basset,
284 2519 422 2565 plurimi
458 2517 691 2553 crediderunt.
739 2518 913 2553 Abiathar
955 2528 1035 2551 vero
1075 2517 1233 2562 pontifex
1276 2520 1356 2552 anni
1395 2518 1488 2552 illius

169 2662 198 2694 1)
216 2660 327 2693 Vulgo:
354 2665 390 2687 ut
418 2659 523 2693 quid.
