1742 3005
304 43 401 93 Cap.
434 42 553 79 CVH.
620 42 677 79 De
708 49 836 78 sancto
868 42 1060 79 Germano
1091 41 1285 91 episcopo.
1408 42 1490 82 449

97 146 310 194 stinguebat.
358 147 395 182 ln
423 147 616 182 resectione
642 148 751 192 primo
779 147 927 181 cinerem
954 143 1188 190 praelibabat,
1213 144 1340 181 deinde
1364 158 1486 193 panem

96 212 330 248 hordeaceum
363 212 541 254 sumebat,
589 223 727 257 semper
775 216 888 245 autem
929 212 1097 256 jeJuuans
1139 221 1312 256 nunquam
1348 215 1413 247 nisi
1452 217 1484 249 in

96 288 243 322 vespere
274 278 489 313 comedebat.
537 277 574 312 In
607 282 742 312 aestate
779 277 833 311 vel
869 276 990 321 hyeme
1032 276 1160 309 nullam
1198 282 1327 311 vestem
1363 278 1486 315 habuit

94 348 236 388 praeter
259 344 408 378 cilicium
440 346 514 386 ¹)et
540 345 673 377 unicum
698 342 887 383 cucullum,
922 351 1011 386 quae
1038 342 1144 374 vestis
1170 342 1237 375 nisi
1263 342 1353 377 sorte
1378 345 1484 380 alicui

94 408 307 451 donaretur,
347 408 479 443 tamdiu
518 407 716 448 ferebatur,
760 406 871 440 donec
913 407 1093 440 attritione
1132 407 1237 439 nimia
1272 408 1481 448 solveretur.

93 473 220 508 Lectus
245 476 374 515 cinere,
398 474 513 508 cilicio
540 482 582 506 ae
607 471 749 505 sacculo
782 470 998 511 ornabatur,
1036 470 1165 504 nullum
1194 471 1356 514 pulvinar
1380 480 1486 519 eaput

93 539 136 573 ab
163 539 315 573 humeris
341 539 417 582 ejus
441 537 593 577 levabat,
620 536 682 570 sed
708 546 846 580 semper
870 545 1013 581 gemens
1040 539 1074 569 et
1094 535 1262 580 reliquias
1282 542 1482 574 sanctorum

90 605 182 638 collo
199 613 327 649 gerens
354 612 527 647 nunquam
552 602 804 642 vestimentum,
832 611 911 634 raro
938 601 1176 635 calceamenta
1202 606 1236 635 et
1260 612 1340 636 raro
1359 605 1482 650 cingu-

90 670 158 703 lum
182 667 409 702 detrahebat:
442 677 548 711 super
575 666 747 701 hominem
772 666 943 711 siquidem
978 667 1043 699 l'uit
1078 677 1197 707 omne,
1236 668 1328 711 quod
1356 673 1480 714 gessit,

91 734 192 768 Talis
219 735 307 768 enim
332 734 409 778 eJus
434 733 569 767 exstitit
595 733 679 773 vita,
708 736 754 773 ut,
782 733 810 765 si
830 732 1005 765 miraculis
1036 732 1263 775 ²)caruisset,
1292 734 1480 769 incredibi-

89 799 133 833 lis
154 798 340 833 videretur.
373 798 490 832 Tanta
515 797 655 831 suerunt
678 797 856 837 miracula,
884 801 932 839 ut,
957 798 1026 829 nisi
1044 798 1167 830 merita
1188 801 1480 842 praecessissent,

90 864 313 909 phantastica
336 867 550 908 putarentur.
597 862 800 906 Hospitatus
833 864 867 895 in
902 862 1049 905 quodam
1084 861 1162 895 loco
1191 873 1266 896 cum
1293 870 1374 908 post
1400 878 1481 902 coe-

89 940 165 963 nam
189 939 308 964 mensa
331 930 453 962 iterum
482 932 677 972 pararetur,
705 926 896 960 admiratus
921 927 1129 972 interrogat,
1155 930 1210 961 cui
1235 928 1349 964 denuo
1377 943 1479 976 prae-

90 998 266 1040 pararent.
315 994 377 1028 Cui
410 1003 512 1037 quum
546 991 722 1034 dicerent,
761 992 854 1036 quod
890 992 991 1025 bonis
1032 993 1101 1026 illis
1129 993 1351 1039 mulieribus,
1391 1008 1482 1043 quae

90 1060 132 1095 (le
158 1064 260 1094 nocte
286 1058 468 1100 incedunt,
495 1062 770 1102 praepararent,
803 1057 865 1091 illa
897 1061 999 1091 nocte
1024 1063 1164 1091 sauctus
1192 1058 1382 1096 Germanus
1409 1068 1482 1098 sta,

86 1127 152 1159 tuit
179 1124 350 1171 vigilare,
386 1127 420 1158 et
453 1134 535 1158 ecce
566 1124 653 1158 vidit
686 1122 939 1157 multitudinem
968 1122 1173 1157 daemonum
1199 1125 1241 1158 ad
1268 1136 1421 1162 mensam
1447 1131 1481 1164 in

89 1189 201 1224 forma
234 1189 409 1223 hominum
448 1193 483 1224 et
516 1189 695 1224 mulierum
729 1189 943 1230 venientem,
983 1189 1041 1232 qui
1078 1190 1122 1223 iis
1160 1193 1400 1235 praecipiens,
1439 1206 1482 1229 ne

87 1255 247 1297 abirent,
283 1259 428 1289 cunctos
465 1255 509 1289 tle
536 1254 668 1288 familia
694 1254 862 1287 excitavit
888 1254 1091 1297 inquirens,
1128 1256 1161 1288 si
1195 1266 1366 1299 personas
1402 1259 1482 1294 illas

88 1323 335 1367 agnoscerent.
386 1319 453 1359 Qui
477 1330 550 1354 cum
577 1329 696 1353 omnes
724 1320 855 1352 vicinos
887 1329 970 1353 suos
995 1324 1030 1353 et
1055 1321 1186 1354 vicinas
1215 1331 1298 1355 suas
1324 1334 1403 1359 esse
1429 1325 1481 1359 di-

91 1389 229 1427 cerent,
263 1386 358 1418 misit
390 1384 437 1418 ad
470 1385 592 1419 domos
625 1386 841 1431 singulorum
883 1385 1111 1419 daemonibus
1152 1388 1397 1432 praecipiens,
1439 1403 1482 1426 ne

90 1450 252 1491 abirent,
292 1454 326 1485 et
350 1460 430 1484 ecce
457 1460 575 1485 omnes
602 1452 637 1484 in
662 1452 735 1485 suis
760 1451 901 1485 lectulis
927 1455 1006 1484 sunt
1031 1453 1171 1486 inventi.
1221 1452 1386 1497 Adjurati
1413 1457 1481 1501 igi-

90 1519 145 1550 tur
170 1525 208 1550 se
234 1515 421 1551 daemones
453 1527 532 1552 esse
559 1517 740 1560 dixerunt,
775 1520 834 1564 qui
868 1519 919 1552 sic
954 1516 1149 1551 hominihus
1174 1518 1380 1555 illudebant.
1430 1521 1482 1556 Eo

91 1586 245 1626 tempore
272 1581 398 1617 beatus
413 1583 534 1627 Lupus
549 1585 737 1629 episcopus
769 1583 1031 1628 v³)Traliasmae
1055 1582 1213 1625 florebat,
1241 1585 1339 1629 cujus
1364 1587 1480 1621 urbem

89 1658 162 1681 cuin
190 1648 301 1682 Attila
325 1658 386 1682 rex
420 1647 617 1691 obsideret,
652 1659 759 1694 super
795 1653 929 1694 portam
965 1648 1090 1683 beatus
1118 1648 1238 1693 Lupus
1269 1651 1480 1694 acclannarm,

90 1715 167 1758 quis
202 1718 320 1756 esset,
360 1714 419 1758 qui
455 1723 517 1747 eos
550 1715 602 1748 sic
637 1716 837 1760 impeteret,
866 1716 1057 1760 inquisivit.
1107 1715 1169 1748 Cui
1203 1713 1277 1748 ille:
1313 1726 1380 1761 ego
1408 1728 1480 1751 suin

89 1778 199 1812 Attila
224 1778 401 1824 flagellum
428 1778 503 1813 Dei.
554 1780 628 1819 Quo
656 1785 778 1814 contra
806 1779 946 1814 humilis
974 1780 1117 1824 praesul
1138 1780 1201 1814 Dei
1228 1782 1277 1813 ait
1301 1781 1421 1816 dicens
1450 1788 1484 1817 et

87 1854 249 1889 gemens:
276 1834 311 1879 et
325 1855 393 1890 ego
410 1844 543 1888 Lupus,
571 1844 637 1880 lieu
667 1851 825 1880 vastator
851 1846 974 1891 gregis
1001 1845 1064 1879 Dei
1090 1850 1124 1879 et
1150 1845 1313 1890 indigens
1340 1847 1483 1893 flagello

86 1908 173 1950 Dei,
207 1920 355 1954 moxque
381 1914 504 1954 portas
543 1913 693 1945 reserari
713 1913 833 1956 jussit.
881 1911 935 1945 llli
968 1915 1083 1945 autem
1110 1911 1276 1945 (livinitus
1303 1916 1482 1948 excaecati

87 1983 151 2016 per
183 1978 318 2016 portam
352 1974 396 2007 ad
427 1979 562 2017 portam
595 1977 827 2016 transierunt,
866 1977 1034 2010 neminem
1073 1981 1185 2010 autem
1223 1977 1381 2011 videntes
1422 1984 1483 2012 aut

87 2037 278 2071 laedentes.
310 2037 440 2072 Beatus
456 2039 565 2083 igitur
582 2038 774 2073 Germanus
799 2045 954 2073 assumto
978 2041 1159 2084 praedicto
1186 2043 1355 2085 episcopo
1382 2042 1483 2086 Lupo

87 2103 122 2135 in
147 2101 370 2144 Britannias,
405 2102 465 2136 ubi
491 2103 659 2137 haeretici
694 2104 969 2147 pullulaverunt,
999 2105 1176 2149 profectus
1202 2110 1276 2146 est,
1314 2106 1376 2140 sed
1403 2106 1479 2140 duni

87 2168 120 2200 in
154 2168 241 2200 mari
278 2171 398 2201 essent
421 2171 456 2202 et
479 2172 669 2212 tempestas
695 2171 845 2203 maxima
870 2171 1043 2212 oriretur,
1076 2170 1120 2204 ad
1154 2172 1346 2205 orationem
1370 2175 1482 2206 sancti

89 2229 252 2265 Germani
288 2233 445 2275 protinus
481 2232 718 2278 tranquillitas
760 2245 887 2280 magna
928 2234 1095 2276 eflicitur-3
1137 2234 1329 2270 honorifice
1373 2238 1481 2282 igilur

86 2306 109 2330 a
135 2295 273 2340 populis
295 2298 553 2340 suscipiuntur,
590 2308 734 2342 quorum
768 2299 952 2334 adventum
985 2299 1174 2334 daemones
1197 2301 1269 2344 Jam
1295 2301 1481 2345 praedixe-<

88 2365 186 2403 rant,
220 2371 308 2405 quos
346 2366 487 2395 sanctus
517 2361 708 2396 Germanus
744 2363 787 2398 de
824 2364 982 2399 obsessis
1008 2364 1202 2408 expulerat.
1252 2365 1379 2399 Verum
1406 2376 1479 2400 eum

87 2425 285 2460 haereticos
311 2426 568 2468 convicissent,
595 2426 641 2460 ad
668 2430 811 2472 propria
837 2429 1023 2463 redierunt.
1075 2428 1156 2462 Cum
1178 2430 1212 2463 in
1232 2430 1380 2474 quodam
1404 2431 1480 2466 loco

86 2491 240 2526 infirmus
269 2490 505 2533 decumberet,
531 2492 689 2537 contigit,
716 2497 754 2526 ut
778 2497 871 2527 totus
902 2493 960 2527 ille
987 2493 1084 2528 vicus
1112 2496 1294 2538 repentino
1322 2497 1480 2530 incendio

154 2590 182 2623 1)
200 2592 270 2618 Roc,
292 2589 408 2621 legunt:
436 2593 473 2614 et
499 2588 667 2615 tunicam
696 2592 734 2615 et
754 2588 961 2618 cucullam.
1065 2591 1094 2622 2)
1114 2590 1166 2619 Ed,
1186 2594 1229 2619 Pr.
1249 2592 1477 2619 claruissoi.

86 2634 115 2666 3)
133 2635 203 2660 Rec.
222 2632 338 2666 legunt:
358 2633 612 2661 Tracasinae.

1159 2690 1205 2722 29
