1742 3005
367 76 462 127 Cap.
495 75 557 113 lv.
614 75 673 112 De
704 73 846 112 Sancta
875 72 993 110 Lucia
1026 73 1181 123 virgine.
1411 76 1458 113 St

80 185 208 229 quer-ts.
278 181 332 218 Ad
360 191 461 227 quem
485 179 615 215 Lucia:
647 183 683 214 tu
709 180 900 226 principum
925 182 1059 214 tuorum
1086 177 1227 213 decreta
1250 177 1404 213 custodis
1432 185 1464 214 et

79 260 147 295 ego
173 250 235 284 Dei
267 249 333 283 mei
366 247 481 293 legem
507 244 711 280 custodiam.
767 245 822 279 Tu
854 245 1029 290 principes
1063 246 1162 279 times
1199 248 1232 279 et
1263 255 1330 291 ego
1358 244 1463 279 Deum

78 317 194 349 timeo.
220 313 275 348 Tu
300 313 380 348 illos
407 310 585 347 offendere
610 320 677 345 non
699 311 765 349 vis.
792 314 825 344 et
850 320 917 355 ego
929 310 1036 344 Deum
1061 309 1238 345 offendere
1261 320 1382 344 caveo,
1411 310 1464 344 Tu

80 380 150 414 illis
183 380 323 425 placere
358 378 540 413 desideras
574 380 608 411 et
636 386 703 422 ego
735 381 772 410 ut
798 375 936 410 Christo
963 376 1119 420 placeam
1145 377 1362 421 concupisco.
1412 375 1465 409 Tu

81 456 167 491 ergo
197 445 251 478 sac
276 444 367 490 quod
393 443 456 477 tibi
482 443 566 476 utile
592 451 670 475 esse
703 450 896 486 cognosces
924 444 957 475 et
984 451 1051 486 ego
1078 441 1223 475 faciam.
1263 441 1354 486 quod
1381 442 1465 475 utile

82 510 163 544 mihi
200 521 278 544 esse
313 519 537 554 perspexero.
609 506 671 539 Cui
706 504 937 539 Paschasius:
989 507 1231 550 patrimonium
1266 511 1358 540 tuum
1392 518 1464 541 cum

80 574 343 619 corruptoribus
369 572 565 617 expendisti
591 575 625 605 et
648 571 727 605 ideo
754 571 854 615 quasi
880 572 1044 605 meretrix
1068 571 1235 616 loqueris.
1308 573 1370 606 (lui
1395 573 1446 607 Lu

81 643 153 674 cia:
202 640 444 684 patrimonium
470 649 579 672 meum
606 639 640 670 in
666 640 739 670 tuto
762 636 839 670 loco
867 638 1051 678 constitui,
1103 642 1326 682 corruptores
1353 642 1464 673 autem

82 707 204 740 mentis
229 709 263 739 et
287 705 444 749 corporis
468 713 640 747 nunquam
668 703 765 736 scivi.
813 701 1007 747 Respondit
1035 702 1265 738 Paschasius:
1304 707 1362 749 qui
1389 711 1467 739 sunt

82 775 306 816 corruptores
331 770 489 815 eorporis
516 773 550 804 et
574 770 725 803 mentis?
797 769 905 802 Lucia
933 769 1035 803 dixit:
1084 774 1308 815 corruptores
1344 773 1466 805 mentis

83 848 146 872 vos
171 838 280 879 estis,
324 837 381 881 qui
407 835 562 870 suadetis
586 839 624 869 ut
648 836 782 869 animae
811 845 906 869 suum
932 835 1095 871 deserant
1119 840 1322 871 creatorem.
1381 837 1462 871 (lor-⁷

84 907 244 948 ruptores
271 913 352 937 vero
377 902 535 946 corporis
563 905 659 942 sunt,
699 903 757 946 qui
782 902 1001 947 corporalem
1024 902 1288 937 delectationem
1316 913 1447 948 praepo

83 973 168 1002 ruint
192 968 304 1013 epulis
327 969 558 1012 sempiternis.
606 966 816 1002 Paschasius
851 968 957 1002 dixit:
1010 968 1197 1003 cessabunt
1229 969 1358 1011 verba,
1393 981 1465 1003 cum

84 1039 284 1079 perventum
311 1033 416 1067 suerit
439 1032 484 1066 ad
510 1032 668 1067 verbera.
740 1033 801 1068 Cui
828 1035 937 1068 Lucia
964 1034 1069 1068 dixit:
1103 1034 1211 1068 verba
1237 1035 1298 1069 liei
1326 1046 1467 1071 cessare

83 1111 150 1133 non
176 1104 332 1144 possunt.
381 1099 445 1149 Cui
470 1097 699 1133 Paschasius:
726 1102 762 1132 tu
786 1110 870 1145 crgo
898 1100 989 1134 lleus
1016 1102 1082 1135 es?
1129 1100 1320 1145 Respondit
1339 1101 1467 1136 Lucia:

83 1165 212 1200 aneilla
234 1165 298 1200 Dei
325 1175 421 1207 sum,
462 1165 520 1210 qui
545 1164 651 1199 dixit:
697 1175 772 1199 curn
797 1167 965 1200 steteritis
990 1171 1070 1201 ante
1097 1177 1199 1211 reges
1228 1171 1262 1201 et
1285 1168 1467 1211 praesides

83 1235 148 1266 etc.
197 1230 274 1266 Non
298 1232 387 1266 enim
413 1241 475 1265 vos
504 1232 588 1265 estis
616 1235 680 1266 etc.
730 1231 940 1266 Paschasius
967 1231 1072 1265 dixit:
1098 1234 1131 1266 in
1155 1236 1188 1266 te
1213 1244 1299 1279 ergo
1325 1235 1467 1277 spiritus

84 1301 224 1331 sanctus
250 1299 333 1332 est?
380 1297 442 1331 Cui
469 1297 598 1331 Lucia:
625 1298 683 1342 qui
710 1303 806 1331 caste
833 1299 973 1339 vivunt,
999 1297 1161 1342 templum
1187 1300 1330 1351 spiritus
1358 1302 1468 1333 sancti

85 1366 174 1397 sunt.
222 1362 285 1397 Cui
309 1361 539 1396 Paschasius:
559 1373 631 1407 ego
660 1362 782 1396 faciam
806 1367 840 1397 te
866 1362 942 1396 duci
966 1361 1010 1396 ad
1035 1362 1196 1406 lupanar,
1223 1368 1259 1397 ut
1284 1364 1333 1399 ibi
1357 1366 1462 1399 viola⁴

84 1430 211 1463 tionem
236 1429 388 1472 accipias
416 1431 450 1462 et
477 1429 633 1472 spiritum
658 1432 812 1462 sanctum
840 1428 979 1472 perdas.
1051 1428 1113 1462 Cui
1146 1429 1277 1463 Lucia:
1321 1441 1389 1464 non
1415 1433 1466 1465 in-

86 1495 250 1538 quinatur
272 1502 399 1537 corpus
425 1494 491 1527 nisi
516 1493 559 1528 de
581 1504 754 1528 consensu
778 1495 915 1534 mentis,
940 1502 1017 1526 nam
1044 1494 1074 1527 si
1100 1504 1152 1528 me
1176 1496 1318 1529 invitam
1344 1496 1468 1530 violari

86 1559 223 1600 feceris,
249 1560 393 1592 castitas
418 1558 498 1592 mihi
526 1558 760 1603 duplicabitur
785 1558 830 1592 ad
852 1567 1027 1592 coronam.
1060 1557 1241 1603 Nunquam
1267 1565 1380 1596 autem
1407 1574 1464 1596 xo

84 1624 250 1658 luntatem
275 1633 385 1658 meam
410 1623 455 1658 ad
479 1633 683 1659 consensum
707 1625 840 1668 poteris
867 1632 1072 1668 provocare.
1115 1622 1205 1659 Ecce
1219 1636 1346 1671 corpus
1361 1638 1467 1662 mcum

86 1689 131 1724 ad
160 1700 258 1724 omne
284 1690 489 1734 supplicium
515 1694 569 1724 est
593 1693 763 1735 paratum.
836 1688 925 1729 Quid
950 1691 1125 1725 moraris?
1172 1689 1288 1736 Incipe
1313 1692 1359 1726 lili
1385 1693 1468 1737 (lya.

88 1755 159 1789 boli
185 1754 361 1790 desideria
385 1766 575 1801 poenarum
599 1760 735 1789 tuarum
760 1765 934 1790 exercere.
1007 1755 1104 1791 Tunc
1137 1755 1347 1792 Paschasius
1371 1758 1469 1793 leno-

86 1831 148 1856 nes
174 1821 256 1856 t'ecit
281 1823 420 1864 venire,
471 1822 589 1857 dicens
612 1823 675 1855 iis:
725 1822 870 1856 invitate
903 1821 946 1855 ad
981 1832 1055 1856 eam
1091 1833 1221 1857 omnem
1248 1824 1410 1869 populum
1437 1830 1468 1860 et

86 1887 217 1921 tamdiu
239 1887 418 1931 illudatur,
442 1887 551 1923 donec
575 1892 711 1922 mortua
733 1889 918 1922 nuntietur.
967 1887 1132 1923 Volentes
1157 1893 1272 1923 autem
1298 1900 1373 1924 eam
1397 1894 1469 1925 tra-

87 1953 183 1995 here,
206 1956 305 1988 tanto
327 1954 482 1999 pondere
507 1955 649 1999 spiritus
677 1957 817 1988 sanetus
845 1963 919 1988 eam
947 1954 1041 1996 lixit,
1069 1958 1106 1988 ut
1131 1957 1268 1988 omnino
1294 1966 1369 1990 eam
1399 1967 1468 1989 mo⁷

88 2029 169 2054 vere
193 2020 387 2064 nequirent.
435 2019 605 2064 Fecitque'
623 2019 833 2054 Paschasius
860 2019 952 2054 mille
978 2021 1072 2054 viros
1097 2020 1265 2056 accedere
1292 2026 1326 2055 et
1350 2032 1470 2056 manus

87 2085 165 2129 ejus
193 2088 227 2119 et
253 2085 361 2129 pedes
386 2084 512 2131 ligare,
539 2085 602 2121 sed
627 2096 702 2121 eam
729 2086 926 2120 nullatenus
952 2089 1116 2130 poterant
1137 2096 1296 2129 movere:
1332 2091 1412 2121 tunc
1438 2092 1471 2121 et

87 2161 162 2184 cum
187 2151 270 2185 viris
293 2151 387 2186 mille
412 2152 512 2196 paria
537 2150 638 2186 boum
663 2151 842 2193 adhibuit,
892 2151 953 2186 sed
985 2155 1099 2186 tamen
1132 2153 1233 2198 virgo
1259 2152 1387 2187 domini
1409 2154 1469 2186 ini-

87 2215 224 2250 mobilis
258 2219 459 2261 permansit.
534 2217 676 2251 Vocatis
701 2221 815 2252 autem
844 2219 976 2263 magiS,
1017 2222 1054 2251 ut
1079 2218 1152 2251 suis
1177 2218 1470 2252 incantationibus

88 2286 296 2324 moveretur,
324 2284 461 2316 omnino
487 2284 616 2318 moveri
642 2294 710 2317 non
734 2285 857 2329 potuit.
893 2283 990 2317 Tunc
1016 2283 1103 2317 dixit
1126 2283 1354 2318 Paschasius:
1382 2294 1471 2328 quae

88 2349 168 2379 sunt
202 2346 263 2380 illa
294 2347 482 2390 maleficia,
531 2349 624 2393 quod
651 2359 718 2383 una
741 2350 857 2393 puella
880 2359 902 2383 a
927 2349 1019 2383 mille
1046 2350 1131 2382 viris
1156 2359 1224 2382 non
1249 2350 1472 2383 moveretur?

90 2412 198 2444 Lucia
222 2410 327 2445 dixit:
376 2423 443 2446 non
468 2417 546 2446 sunt
573 2415 643 2448 ista
666 2414 857 2455 maleficia,
893 2413 955 2448 sed
980 2412 1149 2447 beneficia
1175 2412 1315 2447 Christi.
1362 2412 1470 2447 Porro

87 2478 116 2509 si
143 2476 255 2510 adhuc
281 2476 397 2511 decem
423 2477 531 2511 millia
555 2478 778 2520 adhibueris,
821 2488 933 2523 aeque
958 2481 996 2511 ut
1018 2478 1162 2522 primum
1188 2478 1395 2513 immobilem
1419 2489 1471 2513 me

87 2541 234 2576 videbis.
305 2541 434 2576 Putans
471 2552 554 2577 vero
586 2542 796 2577 Paschasius
833 2542 1019 2577 seeundum
1045 2542 1268 2587 quorumdam
1296 2543 1469 2589 figmenta.

87 2607 179 2652 quod
208 2607 294 2641 lotio
322 2608 529 2654 fugarentur
554 2608 744 2649 maleficia,
765 2608 873 2652 jussit
901 2618 976 2642 eam
1001 2608 1086 2642 lotio
1114 2608 1296 2652 perfundi,
1327 2619 1471 2654 cumque

88 2683 151 2707 uec
171 2675 220 2707 sic
247 2676 376 2709 moveri
403 2678 536 2719 posset,
563 2674 785 2719 angustiatus
809 2674 910 2708 nimis
933 2675 1112 2719 copiosum
1137 2675 1252 2721 ignem
1277 2675 1368 2709 circa
1396 2684 1470 2709 eam
