1742 3005
282 121 362 159 710
419 124 512 169 Cup.
545 119 678 156 CLIX.
737 119 795 154 De
825 119 964 154 sanctis
995 119 1164 167 Syiuone
1194 127 1231 157 et
1260 119 1359 158 suda
1389 120 1589 171 apostolis.

285 230 406 259 contra
431 233 491 257 eos
515 225 623 256 totam
649 220 875 266 Babyloniam
895 227 1164 256 commoverunt.
1211 222 1296 258 Post
1311 224 1376 259 lioc
1400 224 1472 260 lilia
1489 224 1668 270 eujusdam

286 290 382 322 ducis
410 299 453 322 ex
478 287 710 321 fornicatione
735 288 896 331 concepit
925 291 959 322 et
984 286 1090 321 lilium
1107 288 1305 332 parturiens
1325 289 1495 334 quendam
1512 294 1669 324 sanetum

286 354 479 399 dyaconum
507 353 698 394 infamavit,
725 353 784 397 qui
809 362 882 387 eam
912 352 1097 387 violaverit
1122 356 1155 387 et
1180 363 1222 387 ex
1242 355 1319 397 ipso
1342 356 1553 399 conceperit.
1589 355 1671 389 Cum

287 423 399 454 autem
430 423 594 463 parentes
628 418 819 463 dyaconum
854 418 1015 453 occidere
1041 418 1190 461 vellent,
1228 418 1382 463 apostoli
1409 418 1599 454 adveniunt
1623 424 1673 462 et,

288 484 426 530 quando
462 496 549 529 puer
574 488 676 518 uatus
702 486 770 527 sit⁷
803 486 996 530 requirunt.
1045 484 1110 524 Qui
1137 484 1410 528 responderunt:
1447 483 1553 518 hodie
1586 484 1674 519 hora

286 552 398 595 prima
424 550 506 585 diei.
555 550 793 595 Dixeruntque
819 551 991 595 apostoli:
1025 549 1191 585 infantem
1226 549 1292 584 hue
1323 549 1486 584 adducite
1522 553 1556 584 et
1589 549 1674 594 dya-

289 626 434 658 conum,
468 626 568 661 quenl
603 618 797 659 accusatis,
833 616 900 650 huc
931 617 1034 650 etiam
1067 616 1262 661 perduc-ite.
1312 614 1412 655 Quod
1445 625 1519 649 cum
1548 615 1675 649 sactum

290 685 403 723 esset,
430 681 584 725 apostoli
609 681 732 714 infanti
761 681 940 716 dixerunt:
973 681 1049 724 dic,
1075 681 1212 723 infans,
1241 683 1273 715 in
1299 682 1436 715 nomine
1461 681 1610 724 domini,
1645 682 1676 714 si

289 748 356 780 iste
381 746 558 790 dyaconus
586 745 653 779 hoe
679 749 900 790 praesumsit.
949 747 1004 781 Ad
1039 746 1107 779 hoc
1138 746 1272 780 iul'ans:
1305 748 1390 788 iste,
1426 747 1556 791 inquit,
1590 746 1673 792 dya-

291 823 398 846 conus
422 816 540 846 castus
570 816 603 846 et
630 815 771 845 sanctus
798 816 851 846 est
876 821 938 846 neo
963 821 1113 856 unquam
1143 820 1281 845 carnem
1306 821 1401 844 suam
1427 813 1675 857 coinquinavit.

291 878 374 913 Cum
401 882 514 912 autem
540 882 706 922 parentes
732 877 872 922 puellae
898 878 1081 918 instarent,
1109 880 1145 910 ut
1170 876 1323 920 apostoli
1348 881 1573 921 quaererent,
1600 878 1677 922 quis

291 947 412 977 auctor
427 943 530 988 liujus
557 943 704 978 sceleris
731 944 875 984 luisset,
901 941 1159 986 responderunt
1184 941 1357 987 apostoli:
1383 952 1447 975 nos
1475 942 1677 976 innoeentes

292 1008 480 1043 absolvere
500 1008 610 1050 decet,
636 1013 804 1043 nocentes
827 1007 974 1053 perdere
999 1019 1068 1042 non
1093 1007 1206 1044 dccet.
1254 1007 1353 1042 Tune
1382 1008 1484 1042 etiam
1510 1008 1679 1051 temporis

294 1075 460 1118 contigit,
501 1079 538 1108 ut
578 1074 666 1108 duae
696 1074 846 1119 tigrides
878 1073 1138 1115 ferocissimae,
1180 1083 1271 1118 quae
1306 1075 1339 1107 in
1375 1072 1525 1119 singulis
1560 1073 1680 1107 caveis

291 1138 436 1173 clausae
462 1142 577 1181 erant,
607 1139 768 1184 sugerent
797 1142 830 1174 et
855 1149 992 1180 omnes,
1018 1140 1076 1184 qui
1101 1138 1169 1173 sibi
1194 1143 1429 1181 occurrerent,
1456 1138 1679 1173 devorarent.

292 1204 391 1239 Tunc
417 1204 569 1249 apostoli
594 1204 639 1239 ad
665 1215 726 1239 eas
751 1207 918 1239 venerunt
945 1208 979 1238 et
1000 1205 1036 1238 in
1061 1206 1198 1239 nomine
1226 1205 1355 1239 domini
1382 1214 1442 1239 eas
1474 1204 1569 1239 velut
1593 1214 1679 1239 oves

294 1275 495 1305 mansuetas
531 1270 700 1305 fecerunt.
757 1269 964 1305 Volentibus
1008 1274 1123 1304 autem
1159 1270 1331 1315 apostolis
1368 1269 1449 1304 inde
1482 1269 1677 1311 discedere,

294 1337 412 1382 rogati
443 1347 507 1381 per
540 1346 664 1370 annum
702 1340 736 1371 et
768 1340 842 1370 tres
876 1346 1012 1371 menses
1048 1336 1175 1371 ibidem
1217 1339 1503 1380 permanserunt,
1544 1336 1579 1368 in
1612 1345 1681 1380 quo

294 1404 410 1446 spatio
447 1403 526 1447 plus
559 1413 660 1448 quam
693 1401 758 1437 LX
783 1402 892 1436 millia
923 1401 1097 1436 hominum
1131 1402 1289 1446 exceptis
1317 1400 1470 1446 parvulis
1495 1411 1569 1435 eum
1594 1412 1681 1447 rege

295 1472 329 1502 et
361 1467 577 1513 principibus
612 1468 782 1513 baptizati
813 1472 903 1502 sunt.
952 1467 1129 1503 Praedicti
1165 1472 1278 1503 autem
1314 1468 1406 1512 magi
1440 1466 1484 1500 ad
1510 1466 1682 1512 quandam

293 1534 467 1567 civitatem
493 1535 631 1568 nomine
660 1534 834 1578 ι)ὃτιιηίι·,
861 1534 920 1568 uhi
946 1538 1046 1569 eraut
1069 1533 1166 1568 LXX
1191 1532 1372 1578 ydolorum
1399 1531 1593 1577 pontifices,
1620 1543 1681 1568 ve-

294 1603 419 1633 nerunt
442 1603 476 1632 et
498 1609 559 1633 eos
578 1604 700 1633 contra
717 1600 900 1644 apostolos
918 1601 1191 1641 concitaverunt,
1217 1603 1266 1641 ut,
1293 1608 1368 1633 cum
1388 1598 1470 1632 illuc
1491 1600 1682 1642 venissent,

293 1669 356 1698 aut
387 1675 448 1701 eos
483 1664 680 1699 sacrificare
716 1665 965 1709 compellerent
991 1669 1050 1699 aut
1077 1667 1215 1710 penitus
1240 1668 1419 1701 necarent.
1464 1663 1684 1698 Perlustrata

295 1731 404 1775 igitur
433 1731 598 1764 universa
622 1731 805 1774 provincia
828 1740 901 1764 cum
930 1731 1084 1774 apostoli
1108 1731 1150 1764 ad
1183 1730 1395 1775 praedictam
1420 1731 1595 1765 civitatem
1621 1741 1682 1765 ve-

296 1796 443 1837 nissent,
477 1805 558 1830 ecce
583 1794 754 1840 praedicti
775 1796 955 1839 pontilices
981 1805 1054 1828 cum
1076 1796 1242 1829 universo
1267 1795 1397 1839 populo
1415 1805 1476 1830 eos
1494 1797 1635 1839 capiunt
1650 1799 1683 1830 et

295 1860 338 1894 ad
356 1861 518 1905 templum
538 1860 624 1894 solis
638 1860 824 1894 deducunt.
850 1860 1044 1894 Daemones
1056 1864 1168 1894 antem
1185 1871 1248 1904 per
1265 1870 1519 1905 energumenos
1532 1860 1683 1895 rlanmre

298 1932 505 1971 coeperunt:
531 1925 613 1972 quid
637 1926 739 1959 nobis
763 1930 797 1959 et
818 1925 929 1967 vohis,
956 1925 1108 1969 apostoli
1130 1925 1192 1960 Dei
1212 1927 1307 1960 vivi?
1342 1924 1430 1959 Ecce
1457 1927 1490 1958 in
1519 1926 1683 1971 ingressu

296 1996 413 2026 vestro
448 1993 593 2025 flammis
631 1992 818 2025 exurimur.
865 1991 963 2024 Tunc
983 1991 1131 2035 angelus
1154 1990 1282 2024 domiui
1311 1992 1353 2024 iis
1379 2000 1554 2034 apparens
1576 1991 1683 2026 dixit:

295 2068 395 2090 unum
424 2068 442 2090 e
467 2057 602 2090 duobus
628 2056 761 2101 eligite,
788 2055 996 2101 authorum
1024 2057 1239 2100 repentinum
1260 2057 1432 2090 interitum
1450 2061 1510 2090 aut
1533 2061 1684 2092 vestrum

294 2123 500 2156 martirium.
548 2121 613 2155 Cui
631 2121 804 2165 apostoli:
833 2120 1056 2164 ²)adoranda
1074 2126 1127 2155 est
1138 2121 1201 2155 Dei
1219 2122 1473 2165 misericordia,
1493 2127 1530 2156 ut
1549 2127 1582 2157 et
1597 2125 1684 2158 istos

296 2190 478 2221 conxertat
496 2190 529 2220 et
545 2196 609 2221 nos
631 2185 675 2220 ad
696 2185 845 2231 palmam
870 2188 1016 2220 martirii
1043 2186 1224 2231 perducat.
1271 2186 1380 2221 Facto
1405 2192 1517 2222 autem
1543 2189 1685 2223 silentio

295 2252 447 2297 apostoli
469 2252 650 2285 dixerunt:
676 2255 713 2284 ut
729 2252 863 2294 sciatis,
884 2251 975 2296 quod
992 2251 1080 2286 lineo
1097 2253 1204 2296 ydola
1221 2253 1448 2288 daemonibus
1468 2253 1571 2298 plena
1591 2259 1683 2298 sunt,

296 2328 378 2352 cece
406 2318 450 2350 iis
476 2318 699 2361 imperamus,
726 2321 763 2350 ut
790 2321 915 2351 exeant
942 2321 975 2351 et
1000 2318 1129 2364 singuli
1156 2319 1344 2353 simulacra
1368 2328 1432 2353 sua
1448 2319 1683 2365 confringant.

295 2383 489 2427 Statimque
535 2381 603 2416 duo
645 2381 838 2426 Aethiopes
883 2383 975 2427 nigri
1021 2387 1055 2417 et
1091 2384 1176 2417 nudi
1216 2386 1348 2418 eunetis
1389 2384 1610 2429 stupentibus
1641 2384 1684 2418 de

295 2447 493 2481 simulacris
514 2448 673 2482 exierunt
693 2452 726 2482 et
743 2448 933 2495 confractis
953 2448 1022 2482 illis
1049 2459 1123 2483 cum
1142 2449 1227 2484 diris
1252 2450 1397 2484 vocibus
1425 2449 1681 2485 abscesserunt.

296 2512 397 2552 Quod
425 2513 581 2548 videntes
607 2512 788 2557 pontifices
816 2514 848 2547 in
873 2511 1054 2558 apostolos
1081 2515 1256 2550 irruerunt
1280 2519 1314 2550 et
1339 2527 1399 2550 eos
1427 2517 1582 2560 protinus
1608 2517 1681 2548 tru-

296 2577 465 2611 cidarunt.
514 2576 549 2611 ln
570 2578 648 2622 ipsa
667 2583 780 2613 autem
798 2578 897 2620 liora,
925 2590 997 2613 cum
1018 2581 1123 2614 nimia
1149 2585 1243 2615 esset
1263 2581 1351 2615 coeli
1373 2580 1558 2619 serenitas,
1589 2583 1683 2613 tanta

295 2641 436 2684 fulgura
468 2644 695 2685 exstiterunt,
727 2648 764 2678 ut
797 2645 958 2689 templum
995 2646 1105 2690 ipsum
1141 2646 1274 2680 trifarie
1308 2643 1523 2678 scinderetur
1559 2650 1592 2679 ct
1631 2645 1682 2678 illi

362 2719 390 2752 1)
410 2719 461 2746 Ld.
482 2723 524 2746 l’r.
545 2720 718 2748 §unninir
737 2727 765 2748 ct
787 2725 913 2749 Lxxx
934 2722 1014 2755 lvgit,
1050 2724 1078 2757 2)
1099 2726 1232 2758 Oti-utimr
1251 2731 1340 2749 tous
1362 2732 1422 2755 >inp
1442 2721 1550 2749 omilin
1571 2722 1621 2750 Ld.
1638 2727 1680 2750 1'11
