1742 3005
405 77 498 128 Cap.
546 76 680 114 XVlll.
749 76 806 114 De
837 82 966 114 saneto
996 75 1176 114 Macar-io.
1411 78 1480 117 101

98 180 280 216 adversum
306 183 351 216 te.
424 179 513 216 Ecce
539 182 629 216 enim
656 180 824 228 ququuid
850 184 886 216 tu
914 181 1000 218 facis
1027 186 1060 219 ct
1095 194 1162 231 ego
1189 182 1300 226 facio,
1342 184 1484 229 Jejuuas

96 249 132 279 tu
156 250 191 281 et
215 256 282 293 ego
308 246 447 292 penitus
472 257 540 281 non
565 247 721 289 comedo,
752 247 880 294 vigilas
906 251 942 282 tu
969 251 1003 283 et
1025 259 1092 295 ego
1117 248 1219 284 modo
1246 259 1314 283 non
1338 249 1481 284 dormio:

96 311 203 346 Unum
228 315 281 347 est
305 311 543 355 solummodo,
594 314 629 347 iu
655 323 722 358 quo
748 324 800 348 me
825 323 983 358 superas.
1041 313 1085 349 Et
1109 314 1197 349 dixit
1220 313 1353 350 abbas:
1401 316 1483 360 quid

96 381 150 412 est
174 377 287 413 illud?
336 377 400 412 Cui
423 378 504 413 ille:
529 378 706 413 humilitas
732 383 803 421 tua,
833 389 896 423 per
921 389 1023 424 quam
1048 390 1117 414 non
1142 380 1332 425 praevaleo
1358 381 1481 416 adver-

96 453 169 477 sum
193 447 240 477 te.
286 443 372 478 Dum
395 445 607 479 tentationes
631 445 742 488 ipsum
773 444 806 487 ¹)
818 444 982 488 juvenem
1007 444 1245 488 molestarent,
1273 457 1421 492 surgens
1450 451 1484 482 et

96 518 257 554 magnum
282 519 418 544 saccum
453 519 581 543 arenae
616 507 766 543 humeris
804 510 877 542 suis
913 510 1094 555 imponens
1128 509 1251 545 diebus
1288 511 1403 546 multis
1434 513 1484 546 sic

97 585 161 619 per
187 574 361 609 desertum
385 573 470 608 ibat.
535 573 642 613 Quem
667 573 887 608 Theosebius
913 575 1093 610 inveniens
1119 575 1225 609 dixit:
1271 575 1385 618 abba,
1424 586 1484 610 cur

95 643 226 674 tantum
251 649 337 673 onus
362 641 511 684 portas?
557 638 602 674 Et
628 639 706 674 ille:
734 650 822 674 vexo
850 644 1033 675 vexantem
1058 651 1122 676 me.
1157 640 1278 675 Abbas
1303 640 1481 675 Macarius

95 704 181 739 xidit
213 704 377 739 Satanem
410 708 645 740 transeuntem
682 707 715 739 in
752 703 873 739 habitu
908 705 1054 740 hominis
1090 710 1124 742 et
1156 705 1340 741 habentem
1376 709 1482 741 vesti-

93 774 242 805 mentum
274 770 401 806 lineum
436 770 626 805 laceratum
653 774 685 805 et
713 782 775 816 per
800 773 915 805 omnia
942 771 1113 806 foramina
1141 770 1385 817 dependebant
1409 782 1481 806 ama

94 836 232 881 pullae,
268 841 302 871 et
326 836 414 871 dixit
438 838 488 871 ei:
536 847 604 882 quo
635 835 762 872 vadis?
816 836 861 872 Et
885 837 963 873 ille:
1015 838 1105 872 vado
1132 839 1317 883 potionare
1341 837 1479 873 fratres¹

95 902 159 937 Cui
183 902 381 938 Macarius:
409 912 516 948 quare
540 906 593 936 tot
617 902 788 947 ampullas
815 904 965 947 portas?
1014 902 1223 948 Respondit:
1247 907 1384 948 gustum
1412 903 1484 937 sra-

94 967 204 1003 tribus
229 972 353 1014 porto,
380 973 414 1003 et
439 970 468 1002 si
491 978 591 1002 unum
619 967 721 1002 alicui
747 978 815 1002 non
840 967 1013 1014 placebit,
1042 968 1186 1003 offeram
1213 968 1306 1003 aliud
1334 968 1387 1003 vel
1411 974 1480 1004 ter-

92 1035 195 1077 tium,
244 1038 278 1069 et
311 1035 360 1068 sic
391 1045 454 1079 per
484 1033 660 1076 ordinem,
712 1038 749 1068 ut
774 1033 909 1080 aliquid
943 1034 1093 1079 placeat.
1165 1033 1209 1069 Et
1237 1044 1311 1068 cum
1338 1034 1481 1078 rediret,

94 1099 181 1134 dixit
205 1101 238 1135 ei
261 1099 457 1135 Macarius:
491 1099 575 1144 quid
600 1099 742 1135 fecisti?
791 1099 1002 1146 Respondit:
1030 1111 1147 1135 omnes
1173 1101 1377 1135 sanctificati
1403 1105 1481 1135 sunt

93 1169 128 1201 et
153 1176 252 1201 nemo
275 1165 358 1200 mihi
383 1167 579 1210 acquievit,
613 1166 681 1199 nisi
709 1176 815 1208 unus,
851 1167 911 1211 qui
938 1170 1084 1200 vocatur
1108 1166 1324 1201 Theotistus.
1396 1166 1479 1201 Sur-

93 1242 180 1278 gens
214 1235 327 1267 autem
361 1231 540 1267 Macarius
577 1231 658 1265 illuc
695 1232 758 1265 ivit
793 1235 827 1266 et
852 1232 992 1267 fratrem
1017 1236 1185 1267 tentatum
1210 1233 1390 1267 inveniens
1417 1243 1481 1266 sua

94 1308 169 1333 eum
195 1296 438 1332 exhortatione
466 1298 649 1332 convertit.
715 1296 798 1331 Post
822 1296 909 1331 haec
933 1299 1056 1331 iterum
1081 1307 1157 1331 eum
1181 1297 1359 1332 Macarius
1384 1299 1481 1332 inve-

94 1364 192 1397 niens
217 1362 323 1397 dixit:
349 1373 416 1408 quo
442 1362 570 1398 vadis?
618 1361 681 1396 Cui
709 1361 787 1396 ille:
813 1361 857 1396 ad
886 1361 1013 1396 fratres
1040 1361 1140 1396 vado.
1194 1361 1397 1397 Revertenti
1421 1371 1479 1396 oc-

95 1429 203 1463 currit
226 1438 334 1463 senex
359 1432 393 1462 et
417 1427 524 1462 dixit:
548 1426 632 1473 quid
658 1427 787 1461 faciunt
814 1426 942 1462 fratres
964 1427 1044 1462 illi?
1076 1428 1131 1461 eui
1157 1427 1342 1473 d5abolus:
1380 1428 1479 1462 male.

92 1492 137 1528 Et
161 1492 266 1527 dixit:
300 1494 438 1538 quare?
485 1492 573 1533 Quia
603 1503 721 1528 omnes
748 1494 859 1527 sancti
885 1496 965 1527 sunt
991 1496 1044 1535 et,
1072 1492 1165 1538 quod
1190 1497 1244 1528 est
1268 1493 1379 1538 majus
1408 1503 1479 1528 ma-

93 1559 183 1601 lum,
217 1568 340 1602 unum,
375 1568 474 1604 quem
500 1557 693 1600 habebam,
731 1559 830 1592 amisi
857 1562 891 1593 et
919 1558 1075 1592 omuibus
1101 1560 1254 1592 sanctior
1278 1558 1391 1592 factus
1416 1563 1479 1593 est.

94 1625 248 1660 Audiens
272 1623 339 1659 hoc
365 1634 472 1659 senex
497 1625 634 1669 gratias
661 1624 734 1669 egit
758 1623 843 1658 Deo.
914 1623 1070 1664 Quodam
1106 1624 1162 1658 die
1194 1627 1334 1657 sanctus
1358 1623 1480 1658 Maca-

92 1693 165 1726 rius
190 1694 294 1736 caput
318 1689 471 1725 defuncti
496 1691 627 1735 reperit
651 1693 707 1731 et,
743 1688 820 1723 duni
847 1693 1004 1732 orasset,
1031 1691 1265 1735 interrogavit
1288 1688 1395 1732 illud,
1420 1699 1480 1723 cu-

89 1758 148 1803 jus
173 1759 278 1802 caput
310 1756 425 1790 suerit.
484 1755 528 1790 Et
554 1754 757 1800 respondit,
809 1765 847 1789 sc
873 1754 982 1790 fuisse
1012 1765 1198 1801 paganum.
1267 1753 1313 1789 Et
1338 1754 1425 1788 dixit
1449 1756 1481 1790 ei

93 1821 292 1858 Mac-arius:
316 1821 376 1856 ubi
400 1824 454 1856 est
478 1823 592 1856 anima
615 1822 703 1856 tua?
751 1820 962 1865 Respondit:
987 1822 1022 1854 in
1048 1820 1195 1855 inferno.
1245 1820 1399 1865 Cumque
1425 1831 1481 1855 re-

94 1889 269 1934 quireret,
302 1889 333 1922 si
358 1887 497 1921 multum
524 1889 559 1921 in
583 1886 759 1932 profundo
786 1889 898 1928 esset,
935 1886 1137 1932 respondit,
1172 1885 1265 1932 quod
1289 1889 1420 1920 tantum
1446 1887 1480 1920 in

92 1953 266 1999 profundo
280 1957 387 1996 esset,
414 1957 577 1999 quantum
597 1952 744 1987 distaret
767 1956 863 1987 terra
889 1962 908 1985 a
934 1952 1045 1986 coelo.
1072 1952 1136 1986 (lui
1158 1951 1358 1987 Macarius:
1383 1955 1480 1985 sunt—

93 2029 136 2054 ne
164 2019 272 2064 aliqui
297 2023 332 2054 te
355 2019 633 2064 profundiores?
681 2017 880 2063 respondit:
916 2020 1041 2061 etiam,
1083 2016 1220 2052 Judaei.
1269 2016 1333 2051 Cui
1358 2017 1479 2050 iterum

93 2084 174 2119 ille:
198 2088 234 2119 et
257 2084 350 2119 ultra
372 2084 528 2120 Judaeos
555 2088 678 2119 suntne
705 2084 812 2129 aliqui
839 2083 1116 2128 profundiores?
1141 2083 1204 2117 Cui
1230 2082 1308 2116 ille:
1334 2080 1481 2126 profun-

91 2150 210 2186 diores
238 2150 395 2185 omnihus
421 2154 501 2184 sunt
527 2149 608 2184 falsi
636 2149 835 2191 christiani,
887 2150 946 2194 qui
966 2131 1104 2184 *Christi
1136 2149 1309 2194 sanguine
1335 2146 1480 2182 redemti

91 2221 221 2250 tantum
245 2218 394 2262 pretium
418 2217 520 2261 parvi
544 2215 707 2261 pendunt.
756 2214 842 2249 Dum
868 2224 930 2259 per
950 2214 1123 2260 quandam
1150 2213 1371 2249 solitudinem
1396 2222 1475 2257 pro-

94 2280 332 2316 fundissimam
357 2285 535 2327 pergeret,
563 2280 607 2315 ad
632 2280 779 2314 milliare
804 2279 1006 2315 arundinem
1030 2280 1174 2326 figebat,
1201 2283 1238 2313 ut
1261 2276 1477 2323 postmodum

93 2345 208 2381 redire
233 2348 349 2381 sciret.
416 2345 491 2380 Sed
518 2345 596 2380 dum
625 2346 698 2390 jam
725 2356 848 2380 novem
881 2345 1018 2380 diaetas
1045 2345 1187 2380 fecisset
1205 2347 1243 2387 ,et
1266 2345 1300 2376 in
1328 2340 1476 2386 quodam

92 2413 169 2447 loco
195 2412 403 2457 quiesceret,
431 2409 602 2455 dyabolus
627 2420 745 2444 omnes
770 2410 957 2444 arundines
981 2410 1126 2455 collegit
1153 2412 1187 2443 et
1208 2407 1253 2442 ad
1276 2409 1382 2452 caput
1401 2407 1477 2452 eJus

92 2477 231 2522 posuit,
275 2475 365 2510 uude
400 2474 445 2509 ad
472 2474 682 2510 redeundum
717 2475 898 2520 plurimum
923 2472 1121 2508 laborabat.
1192 2471 1316 2507 Frater
1339 2470 1476 2517 quidam

91 2541 272 2587 plurimum
302 2539 576 2586 cogitationibus
609 2540 682 2574 suis
714 2537 986 2581 molestabatur,
1038 2537 1131 2584 quod
1163 2538 1297 2574 scilicet
1328 2538 1361 2572 in
1388 2535 1477 2572 cella

193 2685 223 2719 1)
240 2687 360 2714 Recent-
380 2684 532 2713 nimium
552 2683 688 2712 offerunt:
