1742 3005
3 2504 15 3005 ..w-*fflnnae——ss—

291 88 388 138 Cap·
421 86 593 125 CLXIII.
642 88 699 125 De
730 89 1091 127 commemoratione
1121 89 1343 127 animarum.
1430 90 1508 129 737

125 196 179 228 est
214 194 303 228 enim
341 193 480 228 Christo
518 193 718 238 baptizato,
755 192 841 229 Luc.
867 193 934 229 111:
967 192 1051 229 Jesu
1092 194 1272 240 baptizato
1314 199 1348 230 ct
1385 200 1507 231 orante

117 263 276 304 apertum
303 262 358 293 est
383 259 527 294 coelum.
577 259 644 294 Per
673 259 765 305 quod
798 259 1037 305 significatur,
1071 261 1163 306 quod
1189 260 1322 296 coelum
1351 263 1507 307 aperitur

116 324 275 358 omnibus
303 324 515 369 baptIZatiS,
549 326 624 360 sive
653 327 724 359 sint
750 325 885 370 parvuli
911 327 986 360 sive
1013 325 1136 367 adulti,
1165 328 1214 361 ita
1239 327 1343 373 quod,
1370 328 1400 361 si
1426 327 1506 362 hine

117 389 350 433 decederent,
383 392 542 435 protinus
579 390 771 425 evolarent.
819 389 1018 434 Baptismus
1051 393 1139 426 enim
1175 394 1301 427 virtute
1326 394 1505 437 passionis

118 455 248 491 Christi
274 456 416 490 mundat
439 456 483 490 ab
512 457 603 490 omni
629 460 772 500 peccato
797 460 831 490 et
855 456 1023 501 originali
1056 461 1090 490 et
1123 458 1261 491 mortali
1293 461 1327 492 et
1364 459 1503 493 veniali.

117 520 279 556 Secundo
319 526 474 566 apertum
513 525 567 556 est
599 520 777 564 Stephano
816 521 999 564 lapidato,
1051 522 1130 556 Act.
1168 521 1243 557 vll:
1288 533 1368 557 ecce
1402 523 1504 558 video

117 587 237 621 coetos
262 590 405 632 apertos
432 590 496 621 ete.
545 585 612 620 Per
643 585 734 630 quod
762 586 1003 631 significatur,
1035 587 1128 632 quod
1159 589 1318 633 aperitur
1345 588 1504 624 omnibus

115 652 336 694 martiribus,
371 653 421 685 ita.
452 651 547 696 quod
582 652 696 684 statim
733 651 890 693 evolant,
926 662 1000 686 cum
1035 652 1229 697 decedunt,
1265 658 1299 689 et
1330 656 1360 688 si
1384 654 1506 700 aliqua.

117 716 321 752 cremabilia
344 716 534 759 habebant,
558 718 672 750 omnia
698 716 788 750 falce
813 718 960 750 martirii
985 724 1202 756 resecantur.
1251 719 1374 755 Tertio
1399 731 1505 765 aper-

114 786 184 817 tum
218 786 272 817 est
301 781 453 817 Johanni
485 782 766 827 perfectissime,
809 782 955 826 Apocal.
982 782 1045 818 IV:
1087 784 1159 818 vidi
1194 789 1229 819 et
1259 796 1341 821 eece
1376 788 1503 820 ostium

113 852 272 894 apertum
296 849 332 882 in
356 848 468 883 coelo.
516 848 584 882 Per
609 848 699 893 quod
727 848 965 894 significatur,
991 849 1085 894 quod
1111 851 1194 884 viris
1220 852 1410 895 perfectis,
1444 853 1504 897 qui

113 914 271 949 totaliter
301 909 551 959 poenitentiam
587 913 802 958 complerunt
836 924 899 948 nec
932 915 1084 948 venialia
1119 915 1354 959 admiserunt,
1393 917 1446 951 vel
1472 919 1503 952 si

115 979 308 1025 aliquando
343 979 590 1022 admittuntur,
626 988 647 1013 a
680 979 819 1013 fervore
855 980 1016 1013 caritatis
1051 982 1210 1025 protinus
1243 987 1502 1021 consumuntur,

113 1045 249 1080 coelum
275 1047 388 1090 ipsum
413 1046 577 1079 continuo
605 1045 762 1089 aperitur
786 1048 820 1079 et
846 1056 924 1080 mox
950 1047 983 1080 in
1010 1047 1094 1080 iIIud
1124 1038 1294 1092 perpetuo
1321 1051 1502 1094 regnaturi

113 1111 367 1157 ingrediuntur.
416 1110 527 1146 Valde
552 1114 665 1145 autem
691 1110 774 1144 mali
799 1114 896 1153 sunt,
931 1113 990 1157 qui
1025 1115 1188 1147 continuo
1224 1115 1258 1147 in
1284 1114 1411 1148 inferni
1436 1114 1501 1149 ba-

112 1175 267 1211 rathrum
299 1175 566 1223 demerguntur,
599 1188 663 1222 pro
690 1177 834 1222 quibus,
868 1179 899 1212 si
932 1177 976 1212 de
1013 1188 1130 1213 eorum
1164 1178 1387 1215 damnatione
1417 1191 1501 1215 con-

108 1246 238 1285 staret,
280 1242 377 1277 nulla.
408 1243 582 1289 suffragia
615 1243 837 1288 aliquatenus
873 1247 991 1278 essent
1025 1243 1160 1287 fienda,
1194 1245 1382 1280 secundum
1409 1247 1502 1292 quod

110 1307 195 1342 dicit
210 1308 446 1354 Augustinus:
474 1310 504 1342 si
532 1310 655 1344 scirem
683 1314 817 1354 patrem
844 1320 954 1344 meum
985 1320 1064 1344 esse
1089 1311 1122 1344 in
1151 1311 1301 1353 inferno,
1327 1323 1395 1346 non
1422 1313 1499 1358 plus

109 1384 248 1409 orarem
275 1386 339 1419 pro
369 1385 430 1417 eo,
457 1385 558 1420 quam
585 1386 648 1419 pro
675 1375 840 1420 dyabolo.
889 1376 925 1409 Si
959 1379 1071 1410 autem
1104 1387 1167 1421 pro
1199 1377 1376 1422 aliquibus
1404 1379 1499 1413 dam-

109 1441 223 1482 natis,
259 1439 303 1475 de
336 1451 480 1485 quorum
517 1440 741 1475 damnatione
778 1440 974 1482 dubitatur,
1006 1441 1127 1486 aliqua
1161 1443 1333 1488 suffragia
1366 1445 1499 1485 tierent,

109 1506 198 1541 nihil
222 1510 336 1541 tamen
362 1507 405 1539 iis
430 1505 652 1550 prodessent,
682 1516 747 1540 nec
774 1511 935 1551 quantum
962 1506 1006 1540 ad
1023 1506 1281 1551 liberationem,
1307 1513 1344 1542 ut
1365 1510 1502 1544 scilicet

107 1572 152 1606 ab
180 1573 266 1617 ipsis
292 1572 415 1617 poenis
441 1571 645 1613 liberentur,
672 1582 735 1606 nec
753 1576 915 1616 quantum
941 1570 986 1606 ad
1013 1574 1278 1617 mitigationem,
1307 1578 1343 1608 ut
1364 1575 1500 1610 scilicet

112 1647 228 1682 poena
252 1639 288 1672 in
311 1639 355 1671 iis
383 1638 562 1682 mitigetur
589 1637 643 1671 vel
667 1637 894 1679 diminuatur,
930 1648 994 1672 nec
1028 1642 1191 1682 quantum
1223 1638 1266 1672 ad
1292 1642 1499 1684 suspensio-

110 1713 208 1747 nem,
243 1708 281 1738 ut
305 1703 442 1738 scilicet
466 1702 510 1737 ad
538 1707 674 1747 tempus
702 1702 754 1736 vel
782 1702 826 1736 ad
852 1702 972 1737 horam
1001 1714 1118 1737 eorum
1146 1703 1322 1738 damnatio
1349 1715 1500 1750 suspen-

111 1769 232 1813 datur,
265 1779 328 1804 nec
362 1773 523 1814 quantum
559 1768 603 1802 ad
638 1766 940 1811 fortificationem,
976 1773 1014 1803 ut
1049 1769 1183 1804 scilicet
1211 1770 1255 1804 ad
1281 1771 1499 1806 tolerandum

107 1835 223 1870 levius
247 1834 474 1876 roborentur,
501 1838 662 1879 quantum
688 1835 777 1869 enim
803 1834 847 1868 ad
876 1834 1009 1880 aliquid
1035 1834 1155 1869 horum
1180 1837 1213 1870 in
1240 1836 1376 1870 inferno
1404 1837 1499 1871 nulla

110 1900 278 1935 redemtio
312 1904 377 1935 est.
431 1899 662 1935 Mediocriter
696 1904 810 1934 autem
852 1898 937 1934 boni
971 1900 1152 1944 diffluitur,
1196 1903 1255 1948 qui
1296 1902 1499 1938 cremabilia

110 1965 253 2010 aliqua,
289 1966 426 2000 scilicet
456 1966 609 2011 liguum,
647 1966 806 2008 foenum,
839 1966 1003 2010 stipulam
1037 1977 1155 2001 secum
1187 1967 1321 2010 serunt,
1357 1967 1412 2002 vel
1440 1970 1499 2014 qui

110 2032 358 2075 poenitentiam
384 2032 571 2076 injunctam
599 2036 633 2066 et
658 2032 887 2066 sufficientem
913 2035 1022 2065 morte
1048 2035 1297 2077 praeoccupati
1324 2034 1500 2077 complere

110 2106 179 2130 non
206 2099 364 2140 possunt.
415 2096 481 2136 Qui
507 2106 569 2130 uec
594 2096 683 2130 adeo
709 2096 791 2129 boni
817 2101 914 2139 sunt,
941 2099 1023 2142 quin
1048 2098 1229 2142 suffragiis
1256 2101 1402 2142 egeant,
1434 2108 1500 2131 nee

111 2160 202 2196 adeo
237 2161 339 2203 mali,
376 2162 459 2206 quin
496 2162 539 2194 iis
572 2160 742 2206 prodesse
776 2161 917 2196 valeant
950 2162 1131 2207 suffragia.
1181 2161 1361 2207 SuffragIa
1391 2163 1501 2208 igitur

109 2226 205 2261 facta
239 2237 301 2271 pro
341 2226 394 2260 his
424 2231 504 2261 sunt
538 2237 655 2261 eorum
682 2228 914 2270 expiationes.
963 2226 1053 2262 Undi
1074 2229 1133 2261 isti
1159 2231 1238 2261 sunt
1262 2227 1335 2269 iIIi,
1372 2227 1497 2272 quibus

111 2293 192 2336 ipsa
217 2292 390 2338 suffragia
417 2291 529 2326 solum
554 2291 727 2336 prodesse
752 2296 911 2336 possunt.
959 2292 997 2327 In
1022 2292 1219 2338 hujusmodi
1237 2297 1352 2327 autem
1371 2293 1497 2327 suffra-

111 2358 182 2402 giis
209 2356 382 2391 faciendis
407 2357 559 2392 echesia
582 2358 766 2393 consuevit
791 2358 962 2403 triplicem
987 2368 1163 2393 numerum
1192 2357 1325 2392 dierum
1350 2360 1498 2392 maxime

53 2436 60 2439 ⁴
113 2421 325 2463 observare,
366 2422 500 2456 scilicet
535 2425 790 2467 septenarium,
828 2424 1051 2458 tr10enarium
1089 2427 1123 2457 et
1155 2424 1431 2457 anniversarium
1464 2428 1498 2458 et

112 2488 203 2521 ratio
247 2486 368 2520 horum
406 2489 611 2532 assignatur
652 2489 686 2522 in
729 2488 820 2522 libro
861 2487 904 2522 de
935 2488 1064 2522 mitrali
1098 2487 1230 2522 osticio.
1280 2487 1498 2522 Observatur

113 2554 356 2597 septenarius,
390 2555 428 2586 ut
452 2553 588 2587 animae
621 2552 667 2586 ad
699 2557 875 2587 aeternum
909 2555 1037 2598 quietis
1063 2552 1248 2588 sabbatum
1279 2554 1495 2597 perveniant,

114 2617 170 2652 vel
202 2622 239 2652 ut
270 2619 314 2652 iis
341 2619 558 2653 remittantur
593 2618 707 2651 omnia
740 2622 906 2662 peccata,
943 2627 1032 2663 quae
1065 2619 1101 2651 in
1135 2619 1206 2654 vita
1238 2621 1404 2664 egerunt3
1439 2619 1497 2663 qui

116 2693 180 2727 per
204 2687 334 2728 septem
361 2684 435 2719 (ties
463 2683 618 2723 ducitur,
645 2683 698 2719 vel
725 2686 761 2718 ut
785 2684 827 2719 iis
854 2684 1072 2718 remittantur
1099 2687 1265 2729 peccata,
1299 2693 1387 2730 quae
1413 2694 1497 2729 ege*

1177 2747 1222 2782 47
