1742 3005
356 130 586 184 caplxffl.
645 130 703 166 De
735 130 1019 166 circumcisione
1051 129 1208 166 domini,
1435 132 1487 168 ⁵:⁴3

111 239 271 282 accipere
306 235 470 281 dignatus
497 240 561 270 est.
637 234 754 270 Voluit
787 239 901 269 autem
937 236 1095 271 dominus
1123 237 1319 271 circumcidi
1352 244 1494 283 propter

108 302 233 336 multas
257 303 424 336 ratione-5.
472 300 585 335 Primo
611 302 746 335 ratione
771 302 847 342 sui,
885 305 921 335 ut
946 312 1062 337 veram
1084 312 1221 337 carnem
1247 301 1428 337 humanam
1456 314 1493 337 se

108 368 317 402 assumsisse
351 366 571 408 ostenderet,
624 365 758 400 sciebat
794 368 884 401 enim
908 378 976 402 non
1001 367 1204 409 defuturos,
1255 369 1313 413 qui
1340 368 1494 404 dicerent

110 434 221 478 ipsum
246 443 314 467 non
339 442 465 477 corpus
492 442 627 474 verum,
673 431 736 466 scd
761 431 980 466 fantasticum
1008 435 1229 468 assumsisse.
1288 432 1332 468 Et
1356 433 1435 469 ideo
1459 440 1497 469 ut

110 509 228 532 eorum
253 508 406 533 errorem
430 497 647 539 confutaret,
685 497 795 531 voluit
818 498 1015 532 circumcidi
1042 502 1077 533 et
1098 500 1304 544 sanguinem
1327 499 1376 532 ibi
1396 502 1494 534 emit-

108 570 196 599 tere.
268 563 403 608 Corpus
436 564 523 598 enim
561 562 779 596 fantasticum
804 563 1007 607 sanguinem
1033 574 1102 597 non
1127 565 1261 598 emittit.
1335 565 1493 600 Secundo
1515 598 1527 601 .,

111 631 245 664 ratione
279 629 411 671 nostri,
443 632 480 662 ut
511 638 575 662 nos
610 627 840 672 spiritualiter
875 627 1004 663 dehere
1037 629 1235 663 circumcidi
1273 634 1492 666 monstraret.

109 695 245 740 Duplex
267 695 356 729 enim
381 697 435 728 est
459 693 673 728 circumcisio
701 693 886 728 secundum
911 693 1146 737 Bel-nardum,
1174 705 1275 740 quae
1291 695 1395 732 debet
1419 698 1493 733 fieri

109 770 131 795 a
154 757 276 800 nobis,
324 759 458 794 scilieet
481 760 636 794 exterior
661 761 693 793 in
718 769 822 793 carne
849 763 883 793 et
907 760 1053 794 interior
1076 762 1111 794 in
1136 766 1259 796 mente.
1310 763 1493 798 Circumci-

108 827 161 860 sio
187 826 342 860 exterior
366 826 527 860 consistit
551 826 584 859 in
607 824 742 867 tribus,
777 825 909 859 scilicet
937 826 969 859 in
998 825 1141 867 habitu,
1180 837 1221 861 nc
1246 828 1291 861 sit
1316 828 1495 869 notabilis,

109 893 143 926 in
169 892 329 933 actione,
355 901 398 926 ne
423 892 469 925 sit
495 890 803 936 reprehensibilis,
831 896 865 926 et
892 893 925 924 in
951 901 1127 929 sermone,
1155 903 1197 927 ne
1219 894 1265 926 sit
1290 897 1493 939 contempti-

111 956 202 991 bilis.
250 956 399 992 Interior
424 963 537 992 autem
564 957 723 991 similiter
748 958 781 990 in
809 956 920 991 trihus
946 959 1117 999 consistit,
1141 958 1275 993 scilicet
1299 960 1333 993 in
1358 962 1493 1005 cogita-

108 1024 216 1065 tione,
242 1027 277 1056 ut
303 1024 349 1057 sit
373 1026 506 1065 sancta,
537 1024 569 1056 in
595 1023 792 1065 affectione,
824 1028 859 1057 ut
886 1025 931 1057 sit
958 1034 1066 1068 pura,
1094 1025 1127 1057 in
1152 1025 1361 1065 intentione,
1391 1030 1425 1059 ut
1452 1028 1493 1059 sit

108 1093 214 1122 recta.
240 1088 333 1124 Haec
346 1088 556 1123 Bernartius.
581 1088 706 1123 Iterum
736 1090 870 1123 ratione
896 1091 1020 1131 nostri,
1046 1094 1081 1123 ut
1097 1100 1159 1123 nos
1179 1089 1344 1126 salvaret.
1371 1092 1492 1130 Quem-

107 1153 290 1188 admodum
309 1156 396 1190 enim
411 1154 475 1189 suit
499 1156 688 1189 cauterium
714 1156 747 1188 in
773 1165 839 1188 uno
867 1154 1033 1196 membro,
1062 1159 1098 1189 ut
1121 1159 1228 1189 tolum
1246 1166 1371 1200 corpus
1393 1166 1493 1191 sane-

106 1223 182 1262 tur,
231 1221 281 1254 sic
305 1220 464 1256 Christus
499 1220 610 1254 voluit
645 1225 787 1265 portare
820 1222 1011 1255 cauterium
1044 1222 1333 1263 circumcisionis,
1385 1226 1420 1256 ut
1445 1224 1494 1256 sic

107 1287 214 1319 totum
240 1295 368 1332 corpus
394 1287 563 1321 misticum
590 1287 799 1321 salvaretur.
845 1287 981 1321 Coloss.
1008 1286 1049 1321 ΙΙ.
1088 1286 1286 1321 circumcisi
1306 1289 1393 1321 enim
1409 1290 1493 1322 estis

106 1351 366 1388 circumcisione
380 1363 449 1387 uon
467 1362 570 1387 manu
595 1352 688 1386 sacta
714 1353 749 1385 iu
774 1352 1030 1396 exspoliatione
1047 1351 1175 1393 carnis,
1202 1352 1490 1387 scilicetcircnm-

109 1417 242 1451 cisione
268 1416 410 1453 Christi.
459 1417 606 1452 Glossa:
640 1426 661 1450 a
686 1418 780 1451 vitiis
809 1421 984 1462 tamquam
1010 1421 1111 1461 petra
1136 1418 1358 1458 acutissima,
1393 1423 1492 1462 petra

109 1482 198 1515 enim
223 1486 300 1517 erat
328 1482 501 1518 Christus.
569 1482 594 1517 Ι.
622 1481 776 1517 Corintlr.
803 1482 835 1516 Χ
862 1486 895 1516 et
920 1481 1032 1516 Exod.
1057 1481 1114 1517 IV.
1172 1481 1281 1515 Tollit
1307 1482 1400 1517 illico
1430 1483 1494 1518 Se-

108 1545 222 1591 phora
255 1549 490 1582 acutissimam
523 1552 657 1592 petram
690 1551 724 1582 et
756 1547 969 1581 circumcidit
992 1557 1129 1581 carnem
1155 1548 1330 1592 praeputii
1358 1548 1417 1581 lilii
1442 1551 1494 1583 sui

107 1613 371 1648 circumcisione
395 1617 461 1648 etc.
510 1612 702 1658 Dupliciter
725 1614 912 1657 exponitur
937 1612 1121 1646 secundum
1152 1612 1324 1647 Glossam.
1381 1613 1493 1648 Primo

110 1677 212 1711 modo
238 1679 306 1712 sic:
339 1679 552 1721 circumcisi,
576 1680 736 1724 inquam,
766 1679 850 1712 estis
879 1679 1140 1712 circumcisione
1167 1688 1233 1711 non
1260 1688 1362 1712 manu
1389 1679 1494 1721 sacta,

107 1741 144 1776 id
169 1746 242 1786 est,
266 1742 416 1778 humano
441 1754 567 1788 opere;
602 1744 665 1779 sed
692 1743 830 1785 divino,
862 1743 897 1777 id
921 1747 994 1784 est,
1020 1744 1281 1779 circumcisione
1308 1745 1494 1789 spirituali.

111 1807 208 1848 Quae
233 1808 370 1854 quidem
394 1810 609 1844 circumcisio
643 1810 681 1843 fit
706 1810 738 1842 in
765 1808 1022 1854 exspoliatione
1059 1810 1219 1853 corporis
1244 1811 1380 1852 carnis,
1430 1810 1495 1846 hoc

110 1877 184 1916 est,
210 1873 429 1919 dep0s1tione
453 1875 604 1910 carnalis
629 1874 800 1916 hominis,
836 1873 872 1908 id
897 1878 971 1916 est,
996 1875 1159 1908 vitiorum
1184 1878 1218 1909 ct
1241 1874 1492 1910 desideriorum

106 1939 309 1983 carnalium,
335 1939 521 1975 secundum
547 1940 639 1986 quod
664 1947 747 1975 caro
772 1941 951 1985 accipitur.
986 1939 1010 1974 1.
1041 1939 1196 1974 Corinth.
1223 1939 1311 1975 VIII.
1346 1940 1437 1975 Caro
1463 1947 1496 1977 et

107 2005 253 2050 sanguis
276 2015 421 2052 regnum
445 2006 619 2041 coelorum
645 2017 713 2041 non
737 2005 917 2051 possident
942 2009 1006 2040 etc.
1073 2004 1168 2040 Estis
1183 2032 1191 2048 ,
1229 2007 1390 2051 inquam,
1428 2009 1495 2041 cir-

107 2071 249 2104 cumcisi
272 2072 532 2106 circumcisione
559 2082 628 2106 non
653 2081 755 2106 mauu
780 2072 896 2114 sacta,
931 2071 994 2106 sed
1019 2072 1281 2105 circumcisione
1306 2072 1495 2116 spirituali,

108 2134 269 2170 Secundo
293 2136 395 2172 modo
420 2137 490 2171 sic:
516 2139 731 2181 circumcisi,
757 2139 918 2183 inquam,
946 2137 1031 2171 estis
1054 2138 1090 2170 in
1116 2136 1254 2171 Christo
1280 2140 1314 2171 et
1337 2136 1404 2171 hoe
1427 2138 1494 2171 cir-

107 2202 317 2236 cumcisione
341 2212 409 2236 non
432 2213 536 2237 manu
564 2203 670 2247 saeta,
694 2203 729 2237 id
754 2207 827 2245 est,
856 2203 1118 2237 clrcumcisione
1144 2202 1272 2247 legali,
1299 2212 1389 2247 quae
1417 2205 1493 2248 qui-

109 2265 184 2301 dem
214 2277 283 2301 nou
307 2277 410 2311 manu
446 2267 540 2303 facta
566 2270 641 2304 sive
664 2268 793 2315 legalis
826 2268 862 2302 lit
887 2270 921 2302 in
948 2267 1204 2312 exspoliatione
1232 2269 1392 2312 eorporis
1416 2277 1493 2302 car-

109 2324 184 2373 nis,
210 2331 246 2365 id
269 2336 342 2375 est,
368 2335 548 2378 corporis,
576 2334 669 2379 quod
694 2338 749 2369 est
771 2344 854 2368 caro
870 2362 878 2377 ‚
905 2333 1039 2369 scilicet
1065 2334 1154 2366 cutis
1178 2334 1315 2375 carnis,
1345 2342 1434 2377 quae
1460 2333 1492 2366 in

107 2396 368 2432 circumcisione
392 2397 502 2443 legali
527 2399 695 2434 aufertur.
743 2399 820 2433 Non
845 2400 952 2440 estiS,
996 2400 1157 2443 inquam,
1204 2398 1397 2432 circumcisi
1425 2399 1495 2430 ista.

109 2461 389 2504 circumcisione,
422 2461 484 2496 sed
508 2464 768 2499 circumcisione
794 2463 944 2506 Christi,
981 2462 1015 2496 id
1042 2466 1114 2498 est,
1142 2462 1338 2506 spirituali,
1366 2463 1399 2495 in
1425 2472 1494 2508 qua

110 2527 226 2560 omnia
253 2527 339 2560 vitia
363 2530 543 2568 amputata
566 2532 656 2561 sunt.
713 2527 810 2562 Unde
835 2527 977 2562 Roman.
1005 2526 1053 2561 11:
1108 2527 1139 2568 ¹)
1169 2536 1234 2559 non
1261 2528 1349 2561 enim
1376 2529 1432 2572 qui
1459 2529 1494 2562 in

110 2591 294 2626 manifesto
313 2591 468 2626 Judaeus
494 2595 548 2626 est
571 2601 682 2636 neque
708 2594 766 2637 qui
796 2594 827 2625 in
853 2591 1058 2633 manifesto,
1085 2592 1117 2625 in
1143 2600 1246 2626 carne
1272 2596 1324 2626 est
1349 2593 1494 2627 circum-

193 2691 222 2726 1)
238 2690 358 2718 Verba:
383 2698 457 2717 non
482 2690 579 2717 enim
597 2704 628 2710 —
649 2688 816 2717 ,iudaeus
837 2692 895 2714 est
914 2693 947 2715 et
967 2687 1077 2715 desunt
1095 2688 1125 2715 in
1144 2687 1196 2714 Ed.
1217 2692 1260 2715 l'r.
1282 2691 1359 2717 1477.
1379 2689 1493 2718 Dresd,

112 2742 238 2768 quonun
255 2733 324 2763 loco
343 2733 444 2763 offert:
471 2744 582 2769 quam
601 2733 810 2762 manifesta
829 2733 867 2760 in
886 2742 1001 2760 carne
1020 2732 1265 2761 circumcisio
1285 2737 1339 2760 etc.

1144 2787 1213 2821 fl,
