<?xml version="1.0" encoding="UTF-8"?>
<!DOCTYPE html PUBLIC "-//W3C//DTD XHTML 1.0 Transitional//EN"
    "http://www.w3.org/TR/xhtml1/DTD/xhtml1-transitional.dtd">
<html xmlns="http://www.w3.org/1999/xhtml" xml:lang="en" lang="en">
 <head>
  <title>
</title>
<meta http-equiv="Content-Type" content="text/html;charset=utf-8" />
  <meta name='ocr-system' content='tesseract 3.04.00' />
  <meta name='ocr-capabilities' content='ocr_page ocr_carea ocr_par ocr_line ocrx_word'/>
</head>
<body>
  <div class='ocr_page' id='page_1' title='image "./legendaaureavulg00jacouoft_0978.png"; bbox 0 0 1742 3005; ppageno 0'>
   <div class='ocr_carea' id='block_1_1' title="bbox 248 98 1472 152">
    <p class='ocr_par' dir='ltr' id='par_1_1' title="bbox 248 98 1472 152">
     <span class='ocr_line' id='line_1_1' title="bbox 248 98 1472 152; baseline 0.001 -13"><span class='ocrx_word' id='word_1_1' title='bbox 248 101 331 142; x_wconf 83' lang='lat'><strong>936</strong></span> <span class='ocrx_word' id='word_1_2' title='bbox 413 103 510 152; x_wconf 83' lang='lat' dir='ltr'><strong>Cap.</strong></span> <span class='ocrx_word' id='word_1_3' title='bbox 543 98 748 136; x_wconf 87' lang='lat' dir='ltr'><strong>CCXXlV.</strong></span> <span class='ocrx_word' id='word_1_4' title='bbox 807 98 866 135; x_wconf 83' lang='lat' dir='ltr'><strong>De</strong></span> <span class='ocrx_word' id='word_1_5' title='bbox 896 105 1025 135; x_wconf 78' lang='lat' dir='ltr'><strong>nostra</strong></span> <span class='ocrx_word' id='word_1_6' title='bbox 1052 99 1207 137; x_wconf 82' lang='lat' dir='ltr'><strong>domina</strong></span> <span class='ocrx_word' id='word_1_7' title='bbox 1237 101 1285 138; x_wconf 83' lang='lat' dir='ltr'><strong>de</strong></span> <span class='ocrx_word' id='word_1_8' title='bbox 1314 103 1472 152; x_wconf 81' lang='lat' dir='ltr'><strong>pietate.</strong></span> 
     </span>
    </p>
   </div>
   <div class='ocr_carea' id='block_1_2' title="bbox 248 201 1647 2167">
    <p class='ocr_par' dir='ltr' id='par_1_2' title="bbox 248 201 1647 2167">
     <span class='ocr_line' id='line_1_2' title="bbox 249 201 1639 240; baseline -0.001 -5"><span class='ocrx_word' id='word_1_9' title='bbox 249 209 340 235; x_wconf 84' lang='lat' dir='ltr'><strong>etiam</strong></span> <span class='ocrx_word' id='word_1_10' title='bbox 367 215 384 232; x_wconf 89' lang='lat' dir='ltr'><strong>a</strong></span> <span class='ocrx_word' id='word_1_11' title='bbox 409 203 590 236; x_wconf 81' lang='lat' dir='ltr'><strong>negligentia</strong></span> <span class='ocrx_word' id='word_1_12' title='bbox 617 206 645 230; x_wconf 82' lang='lat' dir='ltr'><strong>et</strong></span> <span class='ocrx_word' id='word_1_13' title='bbox 673 206 804 237; x_wconf 88' lang='lat' dir='ltr'><strong>torpore.</strong></span> <span class='ocrx_word' id='word_1_14' title='bbox 844 201 982 229; x_wconf 85' lang='lat' dir='ltr'><strong>Secundo</strong></span> <span class='ocrx_word' id='word_1_15' title='bbox 1017 202 1109 230; x_wconf 86' lang='lat' dir='ltr'><strong>debet</strong></span> <span class='ocrx_word' id='word_1_16' title='bbox 1141 204 1271 238; x_wconf 86' lang='lat' dir='ltr'><strong>probare</strong></span> <span class='ocrx_word' id='word_1_17' title='bbox 1305 213 1413 240; x_wconf 80' lang='lat' dir='ltr'><strong>corpus</strong></span> <span class='ocrx_word' id='word_1_18' title='bbox 1447 206 1639 237; x_wconf 86' lang='lat' dir='ltr'><strong>dominicum,</strong></span> 
     </span>
     <span class='ocr_line' id='line_1_3' title="bbox 250 246 1640 285; baseline -0.001 -6"><span class='ocrx_word' id='word_1_19' title='bbox 250 257 377 285; x_wconf 83' lang='lat' dir='ltr'><strong>quantae</strong></span> <span class='ocrx_word' id='word_1_20' title='bbox 396 249 435 276; x_wconf 84' lang='lat' dir='ltr'><strong>sit</strong></span> <span class='ocrx_word' id='word_1_21' title='bbox 453 247 635 281; x_wconf 86' lang='lat' dir='ltr'><strong>majestatis:</strong></span> <span class='ocrx_word' id='word_1_22' title='bbox 655 256 716 274; x_wconf 88' lang='lat' dir='ltr'><strong>non</strong></span> <span class='ocrx_word' id='word_1_23' title='bbox 733 246 812 274; x_wconf 86' lang='lat' dir='ltr'><strong>enim</strong></span> <span class='ocrx_word' id='word_1_24' title='bbox 828 247 935 282; x_wconf 81' lang='lat' dir='ltr'>recipit</span> <span class='ocrx_word' id='word_1_25' title='bbox 954 257 1062 282; x_wconf 85' lang='lat' dir='ltr'><strong>panem</strong></span> <span class='ocrx_word' id='word_1_26' title='bbox 1081 249 1277 282; x_wconf 76' lang='lat' dir='ltr'>materialem,</span> <span class='ocrx_word' id='word_1_27' title='bbox 1297 249 1352 276; x_wconf 86' lang='lat' dir='ltr'><strong>sed</strong></span> <span class='ocrx_word' id='word_1_28' title='bbox 1370 251 1540 285; x_wconf 87' lang='lat' dir='ltr'><strong>coelestem,</strong></span> <span class='ocrx_word' id='word_1_29' title='bbox 1554 252 1640 279; x_wconf 89' lang='lat' dir='ltr'><strong>illum</strong></span> 
     </span>
     <span class='ocr_line' id='line_1_4' title="bbox 249 291 1640 327; baseline 0 -4"><span class='ocrx_word' id='word_1_30' title='bbox 249 296 408 327; x_wconf 67' lang='lat' dir='ltr'><strong>videlicet,</strong></span> <span class='ocrx_word' id='word_1_31' title='bbox 435 294 487 326; x_wconf 89' lang='lat' dir='ltr'><strong>qui</strong></span> <span class='ocrx_word' id='word_1_32' title='bbox 507 292 599 319; x_wconf 85' lang='lat' dir='ltr'>dixit:</span> <span class='ocrx_word' id='word_1_33' title='bbox 626 301 681 325; x_wconf 79' lang='lat' dir='ltr'><strong>ego</strong></span> <span class='ocrx_word' id='word_1_34' title='bbox 701 301 766 319; x_wconf 83' lang='lat' dir='ltr'><strong>suin</strong></span> <span class='ocrx_word' id='word_1_35' title='bbox 784 292 871 327; x_wconf 86' lang='lat' dir='ltr'><strong>panis</strong></span> <span class='ocrx_word' id='word_1_36' title='bbox 890 291 997 326; x_wconf 70' lang='lat' dir='ltr'><strong>vivus,</strong></span> <span class='ocrx_word' id='word_1_37' title='bbox 1021 293 1073 327; x_wconf 90' lang='lat' dir='ltr'><strong>qui</strong></span> <span class='ocrx_word' id='word_1_38' title='bbox 1099 293 1136 320; x_wconf 88' lang='lat' dir='ltr'><strong>de</strong></span> <span class='ocrx_word' id='word_1_39' title='bbox 1160 293 1246 321; x_wconf 87' lang='lat' dir='ltr'><strong>coelo</strong></span> <span class='ocrx_word' id='word_1_40' title='bbox 1266 293 1420 324; x_wconf 78' lang='lat' dir='ltr'><strong>descendi,</strong></span> <span class='ocrx_word' id='word_1_41' title='bbox 1456 296 1541 324; x_wconf 85' lang='lat' dir='ltr'><strong>l&#39;anis</strong></span> <span class='ocrx_word' id='word_1_42' title='bbox 1561 297 1640 324; x_wconf 87' lang='lat' dir='ltr'><strong>euim</strong></span> 
     </span>
     <span class='ocr_line' id='line_1_5' title="bbox 249 337 1641 374; baseline -0.001 -6"><span class='ocrx_word' id='word_1_43' title='bbox 249 343 304 368; x_wconf 80' lang='lat' dir='ltr'><strong>iste</strong></span> <span class='ocrx_word' id='word_1_44' title='bbox 323 340 415 367; x_wconf 83' lang='lat' dir='ltr'><strong>habet</strong></span> <span class='ocrx_word' id='word_1_45' title='bbox 433 347 570 370; x_wconf 83' lang='lat' dir='ltr'><strong>magnam</strong></span> <span class='ocrx_word' id='word_1_46' title='bbox 589 342 618 364; x_wconf 80' lang='lat' dir='ltr'><strong>et</strong></span> <span class='ocrx_word' id='word_1_47' title='bbox 636 337 821 364; x_wconf 74' lang='lat' dir='ltr'>fructuosam</span> <span class='ocrx_word' id='word_1_48' title='bbox 839 337 1068 372; x_wconf 77' lang='lat' dir='ltr'>perfectionem,</span> <span class='ocrx_word' id='word_1_49' title='bbox 1089 338 1231 372; x_wconf 89' lang='lat' dir='ltr'><strong>quoniam</strong></span> <span class='ocrx_word' id='word_1_50' title='bbox 1250 339 1337 374; x_wconf 84' lang='lat' dir='ltr'><strong>panis</strong></span> <span class='ocrx_word' id='word_1_51' title='bbox 1355 339 1445 366; x_wconf 74' lang='lat' dir='ltr'><strong>vivus</strong></span> <span class='ocrx_word' id='word_1_52' title='bbox 1465 339 1556 367; x_wconf 83' lang='lat' dir='ltr'><strong>habet</strong></span> <span class='ocrx_word' id='word_1_53' title='bbox 1574 341 1641 367; x_wconf 90' lang='lat' dir='ltr'><strong>lon-</strong></span> 
     </span>
     <span class='ocr_line' id='line_1_6' title="bbox 250 382 1641 419; baseline -0.001 -7"><span class='ocrx_word' id='word_1_54' title='bbox 250 396 315 419; x_wconf 72' lang='lat' dir='ltr'><strong>gam</strong></span> <span class='ocrx_word' id='word_1_55' title='bbox 334 389 363 411; x_wconf 84' lang='lat' dir='ltr'><strong>et</strong></span> <span class='ocrx_word' id='word_1_56' title='bbox 381 383 547 411; x_wconf 72' lang='lat' dir='ltr'><strong>virtuosam</strong></span> <span class='ocrx_word' id='word_1_57' title='bbox 566 382 771 415; x_wconf 73' lang='lat' dir='ltr'>durationem,</span> <span class='ocrx_word' id='word_1_58' title='bbox 797 383 866 416; x_wconf 86' lang='lat' dir='ltr'><strong>quia</strong></span> <span class='ocrx_word' id='word_1_59' title='bbox 893 392 947 415; x_wconf 79' lang='lat' dir='ltr'><strong>ego</strong></span> <span class='ocrx_word' id='word_1_60' title='bbox 974 392 1048 410; x_wconf 88' lang='lat' dir='ltr'><strong>sum.</strong></span> <span class='ocrx_word' id='word_1_61' title='bbox 1085 383 1203 410; x_wconf 81' lang='lat' dir='ltr'><strong>Etenim</strong></span> <span class='ocrx_word' id='word_1_62' title='bbox 1229 392 1303 410; x_wconf 68' lang='lat' dir='ltr'><strong>vero</strong></span> <span class='ocrx_word' id='word_1_63' title='bbox 1327 384 1384 410; x_wconf 87' lang='lat' dir='ltr'><strong>tria</strong></span> <span class='ocrx_word' id='word_1_64' title='bbox 1410 384 1438 410; x_wconf 93' lang='lat' dir='ltr'><strong>in</strong></span> <span class='ocrx_word' id='word_1_65' title='bbox 1457 394 1488 411; x_wconf 84' lang='lat' dir='ltr'><strong>re</strong></span> <span class='ocrx_word' id='word_1_66' title='bbox 1508 384 1641 418; x_wconf 81' lang='lat' dir='ltr'><strong>qualibet</strong></span> 
     </span>
     <span class='ocr_line' id='line_1_7' title="bbox 249 427 1642 463; baseline -0.001 -5"><span class='ocrx_word' id='word_1_67' title='bbox 249 430 489 459; x_wconf 63' lang='lat' dir='ltr'><strong>considerantum</strong></span> <span class='ocrx_word' id='word_1_68' title='bbox 509 436 585 460; x_wconf 84' lang='lat' dir='ltr'><strong>esse,</strong></span> <span class='ocrx_word' id='word_1_69' title='bbox 603 427 739 462; x_wconf 87' lang='lat' dir='ltr'><strong>operatio</strong></span> <span class='ocrx_word' id='word_1_70' title='bbox 759 432 787 453; x_wconf 84' lang='lat' dir='ltr'><strong>et</strong></span> <span class='ocrx_word' id='word_1_71' title='bbox 806 427 883 454; x_wconf 85' lang='lat' dir='ltr'><strong>finis.</strong></span> <span class='ocrx_word' id='word_1_72' title='bbox 920 428 1023 454; x_wconf 86' lang='lat' dir='ltr'><strong>Tertio</strong></span> <span class='ocrx_word' id='word_1_73' title='bbox 1043 428 1151 462; x_wconf 85' lang='lat' dir='ltr'><strong>probet</strong></span> <span class='ocrx_word' id='word_1_74' title='bbox 1170 428 1336 463; x_wconf 84' lang='lat' dir='ltr'><strong>recipiendi</strong></span> <span class='ocrx_word' id='word_1_75' title='bbox 1355 428 1486 462; x_wconf 87' lang='lat' dir='ltr'><strong>modum,</strong></span> <span class='ocrx_word' id='word_1_76' title='bbox 1514 433 1642 463; x_wconf 84' lang='lat' dir='ltr'><strong>quantae</strong></span> 
     </span>
     <span class='ocr_line' id='line_1_8' title="bbox 249 471 1642 508; baseline -0.003 -4"><span class='ocrx_word' id='word_1_77' title='bbox 249 477 286 504; x_wconf 81' lang='lat' dir='ltr'><strong>sit</strong></span> <span class='ocrx_word' id='word_1_78' title='bbox 306 472 491 505; x_wconf 74' lang='lat' dir='ltr'>sanctitatis,</span> <span class='ocrx_word' id='word_1_79' title='bbox 510 472 652 506; x_wconf 80' lang='lat' dir='ltr'><strong>quoniam</strong></span> <span class='ocrx_word' id='word_1_80' title='bbox 671 471 748 498; x_wconf 89' lang='lat' dir='ltr'><strong>illud</strong></span> <span class='ocrx_word' id='word_1_81' title='bbox 768 471 937 499; x_wconf 79' lang='lat' dir='ltr'><strong>salvificum</strong></span> <span class='ocrx_word' id='word_1_82' title='bbox 955 477 1174 500; x_wconf 83' lang='lat' dir='ltr'><strong>sacramentum</strong></span> <span class='ocrx_word' id='word_1_83' title='bbox 1194 477 1239 500; x_wconf 84' lang='lat' dir='ltr'><strong>est</strong></span> <span class='ocrx_word' id='word_1_84' title='bbox 1257 472 1465 508; x_wconf 86' lang='lat' dir='ltr'><strong>recipiendum</strong></span> <span class='ocrx_word' id='word_1_85' title='bbox 1484 483 1550 500; x_wconf 91' lang='lat' dir='ltr'><strong>cum</strong></span> <span class='ocrx_word' id='word_1_86' title='bbox 1570 482 1642 500; x_wconf 87' lang='lat' dir='ltr'><strong>con-</strong></span> 
     </span>
     <span class='ocr_line' id='line_1_9' title="bbox 248 517 1641 553; baseline -0.004 -4"><span class='ocrx_word' id='word_1_87' title='bbox 248 520 391 549; x_wconf 72' lang='lat' dir='ltr'>scientiae</span> <span class='ocrx_word' id='word_1_88' title='bbox 418 517 562 553; x_wconf 85' lang='lat' dir='ltr'><strong>puritate,</strong></span> <span class='ocrx_word' id='word_1_89' title='bbox 590 527 657 544; x_wconf 90' lang='lat' dir='ltr'><strong>cum</strong></span> <span class='ocrx_word' id='word_1_90' title='bbox 681 526 754 544; x_wconf 72' lang='lat' dir='ltr'><strong>vera</strong></span> <span class='ocrx_word' id='word_1_91' title='bbox 779 517 855 549; x_wconf 79' lang='lat' dir='ltr'><strong>fide,</strong></span> <span class='ocrx_word' id='word_1_92' title='bbox 883 527 949 544; x_wconf 83' lang='lat' dir='ltr'><strong>cuin</strong></span> <span class='ocrx_word' id='word_1_93' title='bbox 976 518 1070 545; x_wconf 89' lang='lat' dir='ltr'><strong>multo</strong></span> <span class='ocrx_word' id='word_1_94' title='bbox 1097 517 1250 545; x_wconf 85' lang='lat' dir='ltr'><strong>desiderio</strong></span> <span class='ocrx_word' id='word_1_95' title='bbox 1276 522 1305 545; x_wconf 89' lang='lat' dir='ltr'><strong>et</strong></span> <span class='ocrx_word' id='word_1_96' title='bbox 1330 527 1439 550; x_wconf 86' lang='lat' dir='ltr'><strong>magna</strong></span> <span class='ocrx_word' id='word_1_97' title='bbox 1466 517 1641 549; x_wconf 76' lang='lat' dir='ltr'><strong>devotione,</strong></span> 
     </span>
     <span class='ocr_line' id='line_1_10' title="bbox 249 561 1642 597; baseline -0.002 -4"><span class='ocrx_word' id='word_1_98' title='bbox 249 566 280 593; x_wconf 90' lang='lat' dir='ltr'><strong>Si</strong></span> <span class='ocrx_word' id='word_1_99' title='bbox 303 566 384 592; x_wconf 82' lang='lat' dir='ltr'><strong>enim</strong></span> <span class='ocrx_word' id='word_1_100' title='bbox 407 564 514 590; x_wconf 90' lang='lat' dir='ltr'><strong>beatus</strong></span> <span class='ocrx_word' id='word_1_101' title='bbox 541 562 692 590; x_wconf 82' lang='lat' dir='ltr'><strong>Joliannes</strong></span> <span class='ocrx_word' id='word_1_102' title='bbox 717 561 852 597; x_wconf 75' lang='lat' dir='ltr'><strong>baptista</strong></span> <span class='ocrx_word' id='word_1_103' title='bbox 878 562 1081 590; x_wconf 85' lang='lat' dir='ltr'><strong>sanctificatus</strong></span> <span class='ocrx_word' id='word_1_104' title='bbox 1109 563 1139 590; x_wconf 90' lang='lat' dir='ltr'><strong>in</strong></span> <span class='ocrx_word' id='word_1_105' title='bbox 1166 567 1269 595; x_wconf 89' lang='lat' dir='ltr'><strong>utero,</strong></span> <span class='ocrx_word' id='word_1_106' title='bbox 1295 567 1328 589; x_wconf 90' lang='lat' dir='ltr'><strong>ut</strong></span> <span class='ocrx_word' id='word_1_107' title='bbox 1354 561 1464 589; x_wconf 90' lang='lat' dir='ltr'><strong>dicitur</strong></span> <span class='ocrx_word' id='word_1_108' title='bbox 1488 563 1520 589; x_wconf 89' lang='lat' dir='ltr'><strong>in</strong></span> <span class='ocrx_word' id='word_1_109' title='bbox 1538 567 1642 590; x_wconf 85' lang='lat' dir='ltr'><strong>sancto</strong></span> 
     </span>
     <span class='ocr_line' id='line_1_11' title="bbox 249 606 1643 644; baseline -0.003 -6"><span class='ocrx_word' id='word_1_110' title='bbox 249 609 424 642; x_wconf 75' lang='lat' dir='ltr'><strong>evangelio,</strong></span> <span class='ocrx_word' id='word_1_111' title='bbox 447 608 589 640; x_wconf 89' lang='lat' dir='ltr'><strong>timebat,</strong></span> <span class='ocrx_word' id='word_1_112' title='bbox 613 606 754 640; x_wconf 84' lang='lat' dir='ltr'><strong>quoniam</strong></span> <span class='ocrx_word' id='word_1_113' title='bbox 781 607 914 634; x_wconf 87' lang='lat' dir='ltr'><strong>debebat</strong></span> <span class='ocrx_word' id='word_1_114' title='bbox 941 617 1008 635; x_wconf 89' lang='lat' dir='ltr'><strong>enm</strong></span> <span class='ocrx_word' id='word_1_115' title='bbox 1034 606 1192 644; x_wconf 81' lang='lat' dir='ltr'><strong>baptizare</strong></span> <span class='ocrx_word' id='word_1_116' title='bbox 1219 612 1249 635; x_wconf 87' lang='lat' dir='ltr'><strong>et</strong></span> <span class='ocrx_word' id='word_1_117' title='bbox 1275 617 1336 635; x_wconf 88' lang='lat' dir='ltr'><strong>non</strong></span> <span class='ocrx_word' id='word_1_118' title='bbox 1355 608 1487 635; x_wconf 85' lang='lat' dir='ltr'><strong>audebat</strong></span> <span class='ocrx_word' id='word_1_119' title='bbox 1507 611 1643 634; x_wconf 87' lang='lat' dir='ltr'><strong>sanctum</strong></span> 
     </span>
     <span class='ocr_line' id='line_1_12' title="bbox 248 652 1642 689; baseline -0.001 -7"><span class='ocrx_word' id='word_1_120' title='bbox 248 655 304 683; x_wconf 87' lang='lat' dir='ltr'><strong>Dei</strong></span> <span class='ocrx_word' id='word_1_121' title='bbox 325 658 415 689; x_wconf 84' lang='lat' dir='ltr'><strong>caput</strong></span> <span class='ocrx_word' id='word_1_122' title='bbox 432 657 569 684; x_wconf 82' lang='lat' dir='ltr'><strong>tangere,</strong></span> <span class='ocrx_word' id='word_1_123' title='bbox 596 655 707 685; x_wconf 88' lang='lat' dir='ltr'><strong>quanto</strong></span> <span class='ocrx_word' id='word_1_124' title='bbox 731 652 825 684; x_wconf 85' lang='lat' dir='ltr'><strong>magis</strong></span> <span class='ocrx_word' id='word_1_125' title='bbox 849 652 941 679; x_wconf 86' lang='lat' dir='ltr'><strong>homo</strong></span> <span class='ocrx_word' id='word_1_126' title='bbox 961 652 1053 680; x_wconf 82' lang='lat' dir='ltr'><strong>debet</strong></span> <span class='ocrx_word' id='word_1_127' title='bbox 1071 653 1193 686; x_wconf 81' lang='lat' dir='ltr'><strong>timere,</strong></span> <span class='ocrx_word' id='word_1_128' title='bbox 1220 652 1272 686; x_wconf 85' lang='lat' dir='ltr'><strong>qui</strong></span> <span class='ocrx_word' id='word_1_129' title='bbox 1295 662 1355 680; x_wconf 90' lang='lat' dir='ltr'><strong>non</strong></span> <span class='ocrx_word' id='word_1_130' title='bbox 1375 658 1419 681; x_wconf 86' lang='lat' dir='ltr'><strong>est</strong></span> <span class='ocrx_word' id='word_1_131' title='bbox 1440 652 1642 680; x_wconf 81' lang='lat' dir='ltr'><strong>sanctificatus</strong></span> 
     </span>
     <span class='ocr_line' id='line_1_13' title="bbox 248 696 1643 732; baseline -0.002 -5"><span class='ocrx_word' id='word_1_132' title='bbox 248 701 279 727; x_wconf 90' lang='lat' dir='ltr'><strong>in</strong></span> <span class='ocrx_word' id='word_1_133' title='bbox 298 705 399 731; x_wconf 80' lang='lat' dir='ltr'><strong>utero,</strong></span> <span class='ocrx_word' id='word_1_134' title='bbox 427 697 482 724; x_wconf 87' lang='lat' dir='ltr'><strong>sed</strong></span> <span class='ocrx_word' id='word_1_135' title='bbox 501 701 545 724; x_wconf 90' lang='lat' dir='ltr'><strong>est</strong></span> <span class='ocrx_word' id='word_1_136' title='bbox 564 701 646 723; x_wconf 90' lang='lat' dir='ltr'><strong>totus</strong></span> <span class='ocrx_word' id='word_1_137' title='bbox 665 701 828 731; x_wconf 90' lang='lat' dir='ltr'><strong>conceptus</strong></span> <span class='ocrx_word' id='word_1_138' title='bbox 847 696 877 722; x_wconf 86' lang='lat' dir='ltr'><strong>in</strong></span> <span class='ocrx_word' id='word_1_139' title='bbox 896 697 1043 731; x_wconf 85' lang='lat' dir='ltr'><strong>peccatis,</strong></span> <span class='ocrx_word' id='word_1_140' title='bbox 1068 702 1156 724; x_wconf 87' lang='lat' dir='ltr'><strong>natus</strong></span> <span class='ocrx_word' id='word_1_141' title='bbox 1175 702 1203 724; x_wconf 88' lang='lat' dir='ltr'><strong>et</strong></span> <span class='ocrx_word' id='word_1_142' title='bbox 1224 697 1369 731; x_wconf 87' lang='lat' dir='ltr'><strong>nutritus,</strong></span> <span class='ocrx_word' id='word_1_143' title='bbox 1397 698 1448 732; x_wconf 88' lang='lat' dir='ltr'><strong>qui</strong></span> <span class='ocrx_word' id='word_1_144' title='bbox 1467 707 1525 725; x_wconf 91' lang='lat' dir='ltr'><strong>non</strong></span> <span class='ocrx_word' id='word_1_145' title='bbox 1545 698 1643 725; x_wconf 90' lang='lat' dir='ltr'><strong>solum</strong></span> 
     </span>
     <span class='ocr_line' id='line_1_14' title="bbox 249 740 1642 777; baseline -0.003 -4"><span class='ocrx_word' id='word_1_146' title='bbox 249 751 369 777; x_wconf 86' lang='lat' dir='ltr'><strong>tangere</strong></span> <span class='ocrx_word' id='word_1_147' title='bbox 389 752 456 770; x_wconf 88' lang='lat' dir='ltr'><strong>eum</strong></span> <span class='ocrx_word' id='word_1_148' title='bbox 476 741 585 774; x_wconf 82' lang='lat' dir='ltr'><strong>debet,</strong></span> <span class='ocrx_word' id='word_1_149' title='bbox 613 741 666 768; x_wconf 83' lang='lat' dir='ltr'><strong>sed</strong></span> <span class='ocrx_word' id='word_1_150' title='bbox 686 740 763 767; x_wconf 81' lang='lat' dir='ltr'><strong>iutra</strong></span> <span class='ocrx_word' id='word_1_151' title='bbox 783 749 814 768; x_wconf 84' lang='lat' dir='ltr'><strong>se</strong></span> <span class='ocrx_word' id='word_1_152' title='bbox 833 740 977 776; x_wconf 85' lang='lat' dir='ltr'><strong>recipere.</strong></span> <span class='ocrx_word' id='word_1_153' title='bbox 1012 742 1110 768; x_wconf 82' lang='lat' dir='ltr'><strong>Debet</strong></span> <span class='ocrx_word' id='word_1_154' title='bbox 1137 741 1277 775; x_wconf 83' lang='lat' dir='ltr'>equidem</span> <span class='ocrx_word' id='word_1_155' title='bbox 1304 752 1371 769; x_wconf 84' lang='lat' dir='ltr'><strong>cum</strong></span> <span class='ocrx_word' id='word_1_156' title='bbox 1396 751 1502 775; x_wconf 82' lang='lat' dir='ltr'><strong>magua</strong></span> <span class='ocrx_word' id='word_1_157' title='bbox 1521 742 1642 770; x_wconf 88' lang='lat' dir='ltr'><strong>humili-</strong></span> 
     </span>
     <span class='ocr_line' id='line_1_15' title="bbox 249 785 1640 823; baseline -0.004 -5"><span class='ocrx_word' id='word_1_158' title='bbox 249 796 327 823; x_wconf 81' lang='lat' dir='ltr'><strong>tate,</strong></span> <span class='ocrx_word' id='word_1_159' title='bbox 345 789 406 816; x_wconf 79' lang='lat' dir='ltr'><strong>fide</strong></span> <span class='ocrx_word' id='word_1_160' title='bbox 425 792 455 814; x_wconf 91' lang='lat' dir='ltr'><strong>et</strong></span> <span class='ocrx_word' id='word_1_161' title='bbox 474 786 637 814; x_wconf 74' lang='lat' dir='ltr'><strong>devotione</strong></span> <span class='ocrx_word' id='word_1_162' title='bbox 657 785 757 812; x_wconf 78' lang='lat' dir='ltr'><strong>dicere</strong></span> <span class='ocrx_word' id='word_1_163' title='bbox 775 785 868 818; x_wconf 86' lang='lat' dir='ltr'><strong>illud,</strong></span> <span class='ocrx_word' id='word_1_164' title='bbox 889 785 971 819; x_wconf 85' lang='lat' dir='ltr'><strong>quod</strong></span> <span class='ocrx_word' id='word_1_165' title='bbox 990 785 1124 812; x_wconf 88' lang='lat' dir='ltr'><strong>centurio</strong></span> <span class='ocrx_word' id='word_1_166' title='bbox 1144 786 1264 813; x_wconf 87' lang='lat' dir='ltr'><strong>dicebat</strong></span> <span class='ocrx_word' id='word_1_167' title='bbox 1283 787 1421 819; x_wconf 87' lang='lat' dir='ltr'><strong>domino,</strong></span> <span class='ocrx_word' id='word_1_168' title='bbox 1439 787 1545 815; x_wconf 77' lang='lat' dir='ltr'><strong>Mattli.</strong></span> <span class='ocrx_word' id='word_1_169' title='bbox 1556 790 1640 813; x_wconf 80' lang='lat' dir='ltr'>VIII:</span> 
     </span>
     <span class='ocr_line' id='line_1_16' title="bbox 250 829 1642 867; baseline -0.003 -5"><span class='ocrx_word' id='word_1_170' title='bbox 250 835 388 867; x_wconf 83' lang='lat' dir='ltr'><strong>domiue,</strong></span> <span class='ocrx_word' id='word_1_171' title='bbox 414 841 475 860; x_wconf 90' lang='lat' dir='ltr'><strong>non</strong></span> <span class='ocrx_word' id='word_1_172' title='bbox 493 842 558 860; x_wconf 84' lang='lat' dir='ltr'><strong>suin</strong></span> <span class='ocrx_word' id='word_1_173' title='bbox 577 830 700 863; x_wconf 84' lang='lat' dir='ltr'><strong>dignus,</strong></span> <span class='ocrx_word' id='word_1_174' title='bbox 725 834 759 857; x_wconf 88' lang='lat' dir='ltr'><strong>ut</strong></span> <span class='ocrx_word' id='word_1_175' title='bbox 785 829 877 858; x_wconf 81' lang='lat' dir='ltr'><strong>intres</strong></span> <span class='ocrx_word' id='word_1_176' title='bbox 904 831 960 858; x_wconf 90' lang='lat' dir='ltr'><strong>sub</strong></span> <span class='ocrx_word' id='word_1_177' title='bbox 979 835 1092 858; x_wconf 86' lang='lat' dir='ltr'><strong>tectum</strong></span> <span class='ocrx_word' id='word_1_178' title='bbox 1110 840 1229 864; x_wconf 88' lang='lat' dir='ltr'><strong>meum,</strong></span> <span class='ocrx_word' id='word_1_179' title='bbox 1257 831 1311 858; x_wconf 89' lang='lat' dir='ltr'><strong>sed</strong></span> <span class='ocrx_word' id='word_1_180' title='bbox 1329 835 1430 858; x_wconf 87' lang='lat' dir='ltr'><strong>tamen</strong></span> <span class='ocrx_word' id='word_1_181' title='bbox 1448 831 1498 858; x_wconf 84' lang='lat' dir='ltr'><strong>dic</strong></span> <span class='ocrx_word' id='word_1_182' title='bbox 1514 831 1642 858; x_wconf 77' lang='lat' dir='ltr'><strong>verbum</strong></span> 
     </span>
     <span class='ocr_line' id='line_1_17' title="bbox 250 874 1642 912; baseline -0.004 -4"><span class='ocrx_word' id='word_1_183' title='bbox 250 886 279 908; x_wconf 82' lang='lat' dir='ltr'><strong>et</strong></span> <span class='ocrx_word' id='word_1_184' title='bbox 305 878 459 908; x_wconf 89' lang='lat' dir='ltr'><strong>sanabitur</strong></span> <span class='ocrx_word' id='word_1_185' title='bbox 483 886 558 912; x_wconf 86' lang='lat' dir='ltr'><strong>puer</strong></span> <span class='ocrx_word' id='word_1_186' title='bbox 583 884 681 908; x_wconf 87' lang='lat' dir='ltr'><strong>meus,</strong></span> <span class='ocrx_word' id='word_1_187' title='bbox 719 874 791 901; x_wconf 81' lang='lat' dir='ltr'><strong>item</strong></span> <span class='ocrx_word' id='word_1_188' title='bbox 817 874 917 902; x_wconf 87' lang='lat' dir='ltr'><strong>anima</strong></span> <span class='ocrx_word' id='word_1_189' title='bbox 942 885 1019 903; x_wconf 87' lang='lat' dir='ltr'><strong>mea.</strong></span> <span class='ocrx_word' id='word_1_190' title='bbox 1063 875 1164 902; x_wconf 86' lang='lat' dir='ltr'><strong>Sancti</strong></span> <span class='ocrx_word' id='word_1_191' title='bbox 1191 879 1291 902; x_wconf 88' lang='lat' dir='ltr'><strong>autem</strong></span> <span class='ocrx_word' id='word_1_192' title='bbox 1317 875 1455 903; x_wconf 85' lang='lat' dir='ltr'><strong>doctores</strong></span> <span class='ocrx_word' id='word_1_193' title='bbox 1486 881 1642 909; x_wconf 86' lang='lat' dir='ltr'><strong>quaerunt,</strong></span> 
     </span>
     <span class='ocr_line' id='line_1_18' title="bbox 249 919 1643 955; baseline -0.004 -2"><span class='ocrx_word' id='word_1_194' title='bbox 249 932 348 953; x_wconf 81' lang='lat' dir='ltr'><strong>utrum</strong></span> <span class='ocrx_word' id='word_1_195' title='bbox 367 922 516 951; x_wconf 84' lang='lat' dir='ltr'><strong>institutio</strong></span> <span class='ocrx_word' id='word_1_196' title='bbox 534 921 622 955; x_wconf 78' lang='lat' dir='ltr'><strong>hujus</strong></span> <span class='ocrx_word' id='word_1_197' title='bbox 641 919 809 952; x_wconf 72' lang='lat' dir='ltr'>dignissimi</span> <span class='ocrx_word' id='word_1_198' title='bbox 829 920 1008 948; x_wconf 73' lang='lat' dir='ltr'><strong>sacramenti</strong></span> <span class='ocrx_word' id='word_1_199' title='bbox 1025 919 1115 948; x_wconf 81' lang='lat' dir='ltr'><strong>suerit</strong></span> <span class='ocrx_word' id='word_1_200' title='bbox 1132 920 1309 949; x_wconf 84' lang='lat' dir='ltr'><strong>necessaria.</strong></span> <span class='ocrx_word' id='word_1_201' title='bbox 1345 920 1523 955; x_wconf 85' lang='lat' dir='ltr'><strong>Respondet</strong></span> <span class='ocrx_word' id='word_1_202' title='bbox 1537 920 1643 947; x_wconf 85' lang='lat' dir='ltr'><strong>doctor</strong></span> 
     </span>
     <span class='ocr_line' id='line_1_19' title="bbox 252 964 1643 998; baseline -0.004 0"><span class='ocrx_word' id='word_1_203' title='bbox 252 972 357 998; x_wconf 86' lang='lat' dir='ltr'><strong>beatus</strong></span> <span class='ocrx_word' id='word_1_204' title='bbox 384 969 517 995; x_wconf 82' lang='lat' dir='ltr'><strong>Thomas</strong></span> <span class='ocrx_word' id='word_1_205' title='bbox 543 966 575 992; x_wconf 89' lang='lat' dir='ltr'><strong>iu</strong></span> <span class='ocrx_word' id='word_1_206' title='bbox 600 967 651 993; x_wconf 85' lang='lat' dir='ltr'><strong>IV.</strong></span> <span class='ocrx_word' id='word_1_207' title='bbox 677 964 719 992; x_wconf 89' lang='lat' dir='ltr'><strong>di.</strong></span> <span class='ocrx_word' id='word_1_208' title='bbox 743 968 823 993; x_wconf 84' lang='lat' dir='ltr'>VIII.</span> <span class='ocrx_word' id='word_1_209' title='bbox 848 969 878 991; x_wconf 89' lang='lat' dir='ltr'><strong>et</strong></span> <span class='ocrx_word' id='word_1_210' title='bbox 902 969 957 992; x_wconf 85' lang='lat' dir='ltr'><strong>art.</strong></span> <span class='ocrx_word' id='word_1_211' title='bbox 984 968 1037 993; x_wconf 87' lang='lat' dir='ltr'>III.</span> <span class='ocrx_word' id='word_1_212' title='bbox 1064 969 1094 993; x_wconf 88' lang='lat' dir='ltr'><strong>et</strong></span> <span class='ocrx_word' id='word_1_213' title='bbox 1119 965 1260 992; x_wconf 87' lang='lat' dir='ltr'><strong>dominus</strong></span> <span class='ocrx_word' id='word_1_214' title='bbox 1287 969 1390 993; x_wconf 85' lang='lat' dir='ltr'><strong>Petrus</strong></span> <span class='ocrx_word' id='word_1_215' title='bbox 1410 965 1448 992; x_wconf 88' lang='lat' dir='ltr'><strong>de</strong></span> <span class='ocrx_word' id='word_1_216' title='bbox 1467 965 1643 993; x_wconf 89' lang='lat' dir='ltr'><strong>Tarentasia</strong></span> 
     </span>
     <span class='ocr_line' id='line_1_20' title="bbox 251 1009 1643 1052; baseline -0.004 -9"><span class='ocrx_word' id='word_1_217' title='bbox 251 1015 390 1052; x_wconf 69' lang='lat' dir='ltr'><strong>pontIt&#39;ex</strong></span> <span class='ocrx_word' id='word_1_218' title='bbox 412 1010 605 1040; x_wconf 82' lang='lat' dir='ltr'><strong>Innocentius</strong></span> <span class='ocrx_word' id='word_1_219' title='bbox 630 1009 751 1043; x_wconf 86' lang='lat' dir='ltr'><strong>quintus</strong></span> <span class='ocrx_word' id='word_1_220' title='bbox 777 1009 912 1044; x_wconf 79' lang='lat' dir='ltr'><strong>ejusdem</strong></span> <span class='ocrx_word' id='word_1_221' title='bbox 939 1009 1054 1036; x_wconf 80' lang='lat' dir='ltr'><strong>ordinis</strong></span> <span class='ocrx_word' id='word_1_222' title='bbox 1087 1010 1345 1045; x_wconf 86' lang='lat' dir='ltr'><strong>praedicatorum,</strong></span> <span class='ocrx_word' id='word_1_223' title='bbox 1376 1010 1460 1044; x_wconf 83' lang='lat' dir='ltr'><strong>quod</strong></span> <span class='ocrx_word' id='word_1_224' title='bbox 1486 1009 1546 1037; x_wconf 85' lang='lat' dir='ltr'><strong>suit</strong></span> <span class='ocrx_word' id='word_1_225' title='bbox 1574 1009 1643 1038; x_wconf 80' lang='lat' dir='ltr'><strong>talis</strong></span> 
     </span>
     <span class='ocr_line' id='line_1_21' title="bbox 252 1053 1644 1090; baseline -0.004 -2"><span class='ocrx_word' id='word_1_226' title='bbox 252 1059 401 1088; x_wconf 81' lang='lat' dir='ltr'><strong>institutio</strong></span> <span class='ocrx_word' id='word_1_227' title='bbox 420 1058 507 1090; x_wconf 82' lang='lat' dir='ltr'><strong>liujus</strong></span> <span class='ocrx_word' id='word_1_228' title='bbox 527 1053 706 1082; x_wconf 76' lang='lat' dir='ltr'><strong>sacramenti</strong></span> <span class='ocrx_word' id='word_1_229' title='bbox 723 1055 892 1081; x_wconf 83' lang='lat' dir='ltr'><strong>necessaria</strong></span> <span class='ocrx_word' id='word_1_230' title='bbox 911 1058 1036 1089; x_wconf 87' lang='lat' dir='ltr'><strong>propter</strong></span> <span class='ocrx_word' id='word_1_231' title='bbox 1054 1059 1114 1082; x_wconf 89' lang='lat' dir='ltr'><strong>tres</strong></span> <span class='ocrx_word' id='word_1_232' title='bbox 1135 1064 1249 1084; x_wconf 87' lang='lat' dir='ltr'><strong>causas.</strong></span> <span class='ocrx_word' id='word_1_233' title='bbox 1284 1055 1399 1088; x_wconf 89' lang='lat' dir='ltr'><strong>Primo,</strong></span> <span class='ocrx_word' id='word_1_234' title='bbox 1418 1060 1451 1082; x_wconf 89' lang='lat' dir='ltr'><strong>ut</strong></span> <span class='ocrx_word' id='word_1_235' title='bbox 1469 1054 1644 1082; x_wconf 78' lang='lat' dir='ltr'><strong>memoriam</strong></span> 
     </span>
     <span class='ocr_line' id='line_1_22' title="bbox 252 1097 1644 1139; baseline -0.002 -9"><span class='ocrx_word' id='word_1_236' title='bbox 252 1113 371 1139; x_wconf 76' lang='lat' dir='ltr'><strong>semper</strong></span> <span class='ocrx_word' id='word_1_237' title='bbox 388 1102 552 1129; x_wconf 84' lang='lat' dir='ltr'><strong>habeamus</strong></span> <span class='ocrx_word' id='word_1_238' title='bbox 571 1099 609 1126; x_wconf 90' lang='lat' dir='ltr'><strong>de</strong></span> <span class='ocrx_word' id='word_1_239' title='bbox 627 1097 786 1133; x_wconf 77' lang='lat' dir='ltr'><strong>passione,</strong></span> <span class='ocrx_word' id='word_1_240' title='bbox 805 1098 886 1125; x_wconf 89' lang='lat' dir='ltr'><strong>unde</strong></span> <span class='ocrx_word' id='word_1_241' title='bbox 904 1099 1012 1126; x_wconf 87' lang='lat' dir='ltr'><strong>Paulus</strong></span> <span class='ocrx_word' id='word_1_242' title='bbox 1031 1099 1086 1126; x_wconf 87' lang='lat' dir='ltr'><strong>ait:</strong></span> <span class='ocrx_word' id='word_1_243' title='bbox 1112 1099 1170 1127; x_wconf 87' lang='lat' dir='ltr'><strong>hoc</strong></span> <span class='ocrx_word' id='word_1_244' title='bbox 1188 1099 1279 1128; x_wconf 82' lang='lat' dir='ltr'><strong>facite</strong></span> <span class='ocrx_word' id='word_1_245' title='bbox 1298 1100 1328 1126; x_wconf 89' lang='lat' dir='ltr'><strong>in</strong></span> <span class='ocrx_word' id='word_1_246' title='bbox 1347 1110 1444 1128; x_wconf 86' lang='lat' dir='ltr'><strong>meam</strong></span> <span class='ocrx_word' id='word_1_247' title='bbox 1463 1109 1644 1128; x_wconf 88' lang='lat' dir='ltr'><strong>commemo-</strong></span> 
     </span>
     <span class='ocr_line' id='line_1_23' title="bbox 252 1142 1645 1177; baseline -0.003 -1"><span class='ocrx_word' id='word_1_248' title='bbox 252 1149 409 1177; x_wconf 73' lang='lat' dir='ltr'><strong>rationem.</strong></span> <span class='ocrx_word' id='word_1_249' title='bbox 445 1145 518 1172; x_wconf 88' lang='lat' dir='ltr'><strong>Ideo</strong></span> <span class='ocrx_word' id='word_1_250' title='bbox 537 1145 644 1170; x_wconf 87' lang='lat' dir='ltr'><strong>beatus</strong></span> <span class='ocrx_word' id='word_1_251' title='bbox 663 1142 795 1170; x_wconf 88' lang='lat' dir='ltr'><strong>Thomas</strong></span> <span class='ocrx_word' id='word_1_252' title='bbox 815 1143 905 1170; x_wconf 86' lang='lat' dir='ltr'><strong>dicit:</strong></span> <span class='ocrx_word' id='word_1_253' title='bbox 932 1143 1078 1170; x_wconf 87' lang='lat' dir='ltr'><strong>immensa</strong></span> <span class='ocrx_word' id='word_1_254' title='bbox 1103 1144 1225 1172; x_wconf 79' lang='lat' dir='ltr'><strong>divinae</strong></span> <span class='ocrx_word' id='word_1_255' title='bbox 1252 1144 1400 1177; x_wconf 82' lang='lat' dir='ltr'><strong>largitatis</strong></span> <span class='ocrx_word' id='word_1_256' title='bbox 1426 1145 1573 1173; x_wconf 84' lang='lat' dir='ltr'><strong>beneficia</strong></span> <span class='ocrx_word' id='word_1_257' title='bbox 1593 1155 1645 1172; x_wconf 83' lang='lat' dir='ltr'><strong>ex-</strong></span> 
     </span>
     <span class='ocr_line' id='line_1_24' title="bbox 252 1187 1645 1227; baseline -0.003 -6"><span class='ocrx_word' id='word_1_258' title='bbox 252 1194 348 1221; x_wconf 84' lang='lat' dir='ltr'><strong>hibita</strong></span> <span class='ocrx_word' id='word_1_259' title='bbox 374 1190 489 1227; x_wconf 86' lang='lat' dir='ltr'><strong>populo</strong></span> <span class='ocrx_word' id='word_1_260' title='bbox 516 1187 679 1216; x_wconf 82' lang='lat' dir='ltr'><strong>christiano</strong></span> <span class='ocrx_word' id='word_1_261' title='bbox 704 1187 958 1216; x_wconf 86' lang='lat' dir='ltr'><strong>inaestimabilem</strong></span> <span class='ocrx_word' id='word_1_262' title='bbox 983 1187 1011 1216; x_wconf 86' lang='lat' dir='ltr'><strong>ei</strong></span> <span class='ocrx_word' id='word_1_263' title='bbox 1037 1188 1195 1217; x_wconf 84' lang='lat' dir='ltr'><strong>conserunt</strong></span> <span class='ocrx_word' id='word_1_264' title='bbox 1221 1189 1414 1223; x_wconf 83' lang='lat' dir='ltr'><strong>dignitatem,</strong></span> <span class='ocrx_word' id='word_1_265' title='bbox 1441 1199 1539 1224; x_wconf 86' lang='lat' dir='ltr'><strong>neque</strong></span> <span class='ocrx_word' id='word_1_266' title='bbox 1565 1190 1645 1218; x_wconf 84' lang='lat' dir='ltr'><strong>enim</strong></span> 
     </span>
     <span class='ocr_line' id='line_1_25' title="bbox 253 1233 1644 1270; baseline -0.004 -4"><span class='ocrx_word' id='word_1_267' title='bbox 253 1244 297 1266; x_wconf 87' lang='lat' dir='ltr'><strong>est</strong></span> <span class='ocrx_word' id='word_1_268' title='bbox 322 1241 372 1265; x_wconf 91' lang='lat' dir='ltr'><strong>aut</strong></span> <span class='ocrx_word' id='word_1_269' title='bbox 397 1236 456 1264; x_wconf 82' lang='lat' dir='ltr'><strong>suit</strong></span> <span class='ocrx_word' id='word_1_270' title='bbox 480 1233 644 1267; x_wconf 84' lang='lat' dir='ltr'><strong>aliquando</strong></span> <span class='ocrx_word' id='word_1_271' title='bbox 671 1237 733 1259; x_wconf 87' lang='lat' dir='ltr'><strong>tam</strong></span> <span class='ocrx_word' id='word_1_272' title='bbox 757 1233 876 1264; x_wconf 85' lang='lat' dir='ltr'><strong>grandis</strong></span> <span class='ocrx_word' id='word_1_273' title='bbox 901 1233 999 1266; x_wconf 88' lang='lat' dir='ltr'><strong>natio,</strong></span> <span class='ocrx_word' id='word_1_274' title='bbox 1025 1244 1102 1267; x_wconf 87' lang='lat' dir='ltr'><strong>quae</strong></span> <span class='ocrx_word' id='word_1_275' title='bbox 1126 1234 1236 1261; x_wconf 86' lang='lat' dir='ltr'><strong>habeat</strong></span> <span class='ocrx_word' id='word_1_276' title='bbox 1263 1237 1343 1262; x_wconf 76' lang='lat' dir='ltr'><strong>Deos</strong></span> <span class='ocrx_word' id='word_1_277' title='bbox 1362 1234 1644 1270; x_wconf 64' lang='lat' dir='ltr'><strong>appropinquantes</strong></span> 
     </span>
     <span class='ocr_line' id='line_1_26' title="bbox 252 1277 1644 1312; baseline -0.004 -1"><span class='ocrx_word' id='word_1_278' title='bbox 252 1283 322 1312; x_wconf 79' lang='lat' dir='ltr'><strong>sihi.</strong></span> <span class='ocrx_word' id='word_1_279' title='bbox 357 1282 452 1310; x_wconf 86' lang='lat' dir='ltr'><strong>Adest</strong></span> <span class='ocrx_word' id='word_1_280' title='bbox 477 1279 565 1307; x_wconf 87' lang='lat' dir='ltr'><strong>nobis</strong></span> <span class='ocrx_word' id='word_1_281' title='bbox 591 1282 671 1305; x_wconf 86' lang='lat' dir='ltr'><strong>Deus</strong></span> <span class='ocrx_word' id='word_1_282' title='bbox 697 1282 799 1305; x_wconf 83' lang='lat' dir='ltr'><strong>noster</strong></span> <span class='ocrx_word' id='word_1_283' title='bbox 824 1277 1009 1311; x_wconf 82' lang='lat' dir='ltr'><strong>unigenitus,</strong></span> <span class='ocrx_word' id='word_1_284' title='bbox 1037 1278 1187 1312; x_wconf 84' lang='lat' dir='ltr'><strong>siquidem</strong></span> <span class='ocrx_word' id='word_1_285' title='bbox 1210 1278 1265 1306; x_wconf 89' lang='lat' dir='ltr'><strong>Dei</strong></span> <span class='ocrx_word' id='word_1_286' title='bbox 1283 1279 1363 1306; x_wconf 82' lang='lat' dir='ltr'><strong>filins</strong></span> <span class='ocrx_word' id='word_1_287' title='bbox 1382 1289 1453 1306; x_wconf 78' lang='lat' dir='ltr'><strong>snae</strong></span> <span class='ocrx_word' id='word_1_288' title='bbox 1473 1279 1644 1307; x_wconf 75' lang='lat' dir='ltr'><strong>divinitatis</strong></span> 
     </span>
     <span class='ocr_line' id='line_1_27' title="bbox 253 1323 1645 1359; baseline -0.004 -3"><span class='ocrx_word' id='word_1_289' title='bbox 253 1329 360 1356; x_wconf 72' lang='lat' dir='ltr'><strong>volens</strong></span> <span class='ocrx_word' id='word_1_290' title='bbox 379 1335 434 1354; x_wconf 86' lang='lat' dir='ltr'><strong>nos</strong></span> <span class='ocrx_word' id='word_1_291' title='bbox 453 1334 519 1353; x_wconf 86' lang='lat' dir='ltr'><strong>esse</strong></span> <span class='ocrx_word' id='word_1_292' title='bbox 537 1323 717 1359; x_wconf 83' lang='lat' dir='ltr'><strong>participes,</strong></span> <span class='ocrx_word' id='word_1_293' title='bbox 736 1327 869 1350; x_wconf 88' lang='lat' dir='ltr'><strong>nostram</strong></span> <span class='ocrx_word' id='word_1_294' title='bbox 888 1328 1024 1350; x_wconf 87' lang='lat' dir='ltr'><strong>naturam</strong></span> <span class='ocrx_word' id='word_1_295' title='bbox 1043 1323 1200 1356; x_wconf 80' lang='lat' dir='ltr'><strong>assumsit,</strong></span> <span class='ocrx_word' id='word_1_296' title='bbox 1219 1328 1252 1350; x_wconf 89' lang='lat' dir='ltr'><strong>ut</strong></span> <span class='ocrx_word' id='word_1_297' title='bbox 1270 1323 1407 1351; x_wconf 79' lang='lat' dir='ltr'><strong>homines</strong></span> <span class='ocrx_word' id='word_1_298' title='bbox 1425 1327 1505 1352; x_wconf 84' lang='lat' dir='ltr'><strong>Deos</strong></span> <span class='ocrx_word' id='word_1_299' title='bbox 1523 1324 1645 1357; x_wconf 81' lang='lat' dir='ltr'><strong>faceret,</strong></span> 
     </span>
     <span class='ocr_line' id='line_1_28' title="bbox 252 1367 1646 1403; baseline -0.004 -2"><span class='ocrx_word' id='word_1_300' title='bbox 252 1374 350 1401; x_wconf 86' lang='lat' dir='ltr'><strong>sactus</strong></span> <span class='ocrx_word' id='word_1_301' title='bbox 368 1373 458 1399; x_wconf 88' lang='lat' dir='ltr'><strong>homo</strong></span> <span class='ocrx_word' id='word_1_302' title='bbox 478 1374 508 1397; x_wconf 86' lang='lat' dir='ltr'><strong>et</strong></span> <span class='ocrx_word' id='word_1_303' title='bbox 525 1370 583 1397; x_wconf 89' lang='lat' dir='ltr'><strong>hoc</strong></span> <span class='ocrx_word' id='word_1_304' title='bbox 600 1369 740 1403; x_wconf 84' lang='lat' dir='ltr'><strong>insuper,</strong></span> <span class='ocrx_word' id='word_1_305' title='bbox 766 1367 849 1401; x_wconf 85' lang='lat' dir='ltr'><strong>quod</strong></span> <span class='ocrx_word' id='word_1_306' title='bbox 867 1368 905 1394; x_wconf 84' lang='lat' dir='ltr'><strong>de</strong></span> <span class='ocrx_word' id='word_1_307' title='bbox 924 1373 1026 1396; x_wconf 89' lang='lat' dir='ltr'><strong>nostro</strong></span> <span class='ocrx_word' id='word_1_308' title='bbox 1047 1368 1203 1401; x_wconf 80' lang='lat' dir='ltr'><strong>assumsit,</strong></span> <span class='ocrx_word' id='word_1_309' title='bbox 1230 1373 1328 1396; x_wconf 86' lang='lat' dir='ltr'><strong>totum</strong></span> <span class='ocrx_word' id='word_1_310' title='bbox 1353 1369 1442 1396; x_wconf 85' lang='lat' dir='ltr'><strong>nobis</strong></span> <span class='ocrx_word' id='word_1_311' title='bbox 1462 1369 1587 1396; x_wconf 84' lang='lat' dir='ltr'><strong>contulit</strong></span> <span class='ocrx_word' id='word_1_312' title='bbox 1607 1369 1646 1396; x_wconf 84' lang='lat' dir='ltr'><strong>ad</strong></span> 
     </span>
     <span class='ocr_line' id='line_1_29' title="bbox 254 1413 1645 1450; baseline -0.004 -5"><span class='ocrx_word' id='word_1_313' title='bbox 254 1418 392 1446; x_wconf 76' lang='lat' dir='ltr'><strong>salutem.</strong></span> <span class='ocrx_word' id='word_1_314' title='bbox 429 1419 542 1450; x_wconf 89' lang='lat' dir='ltr'><strong>Corpus</strong></span> <span class='ocrx_word' id='word_1_315' title='bbox 561 1422 689 1447; x_wconf 87' lang='lat' dir='ltr'><strong>namque</strong></span> <span class='ocrx_word' id='word_1_316' title='bbox 708 1421 792 1440; x_wconf 90' lang='lat' dir='ltr'><strong>suum</strong></span> <span class='ocrx_word' id='word_1_317' title='bbox 813 1422 867 1449; x_wconf 83' lang='lat' dir='ltr'><strong>pro</strong></span> <span class='ocrx_word' id='word_1_318' title='bbox 886 1418 988 1441; x_wconf 87' lang='lat' dir='ltr'><strong>nostra</strong></span> <span class='ocrx_word' id='word_1_319' title='bbox 1015 1414 1258 1441; x_wconf 81' lang='lat' dir='ltr'><strong>reconciliatione</strong></span> <span class='ocrx_word' id='word_1_320' title='bbox 1277 1414 1307 1441; x_wconf 92' lang='lat' dir='ltr'><strong>in</strong></span> <span class='ocrx_word' id='word_1_321' title='bbox 1333 1424 1382 1441; x_wconf 87' lang='lat' dir='ltr'><strong>ara</strong></span> <span class='ocrx_word' id='word_1_322' title='bbox 1402 1413 1497 1441; x_wconf 84' lang='lat' dir='ltr'><strong>crucis</strong></span> <span class='ocrx_word' id='word_1_323' title='bbox 1516 1413 1645 1441; x_wconf 86' lang='lat' dir='ltr'><strong>hostiam</strong></span> 
     </span>
     <span class='ocr_line' id='line_1_30' title="bbox 254 1458 1647 1495; baseline -0.004 -5"><span class='ocrx_word' id='word_1_324' title='bbox 254 1463 366 1491; x_wconf 85' lang='lat' dir='ltr'><strong>obtulit</strong></span> <span class='ocrx_word' id='word_1_325' title='bbox 392 1465 455 1488; x_wconf 89' lang='lat' dir='ltr'><strong>Deo</strong></span> <span class='ocrx_word' id='word_1_326' title='bbox 482 1458 562 1495; x_wconf 86' lang='lat' dir='ltr'><strong>patri</strong></span> <span class='ocrx_word' id='word_1_327' title='bbox 588 1463 618 1486; x_wconf 89' lang='lat' dir='ltr'><strong>et</strong></span> <span class='ocrx_word' id='word_1_328' title='bbox 644 1458 824 1490; x_wconf 62' lang='lat' dir='ltr'><strong>sanguinent</strong></span> <span class='ocrx_word' id='word_1_329' title='bbox 843 1467 930 1486; x_wconf 88' lang='lat' dir='ltr'><strong>suum</strong></span> <span class='ocrx_word' id='word_1_330' title='bbox 955 1459 1035 1486; x_wconf 80' lang='lat' dir='ltr'><strong>fudit</strong></span> <span class='ocrx_word' id='word_1_331' title='bbox 1061 1458 1092 1486; x_wconf 89' lang='lat' dir='ltr'><strong>in</strong></span> <span class='ocrx_word' id='word_1_332' title='bbox 1117 1459 1247 1494; x_wconf 83' lang='lat' dir='ltr'><strong>pretium</strong></span> <span class='ocrx_word' id='word_1_333' title='bbox 1266 1459 1354 1486; x_wconf 88' lang='lat' dir='ltr'><strong>simul</strong></span> <span class='ocrx_word' id='word_1_334' title='bbox 1374 1464 1402 1486; x_wconf 90' lang='lat' dir='ltr'><strong>et</strong></span> <span class='ocrx_word' id='word_1_335' title='bbox 1420 1459 1590 1491; x_wconf 76' lang='lat' dir='ltr'><strong>lavacrum,</strong></span> <span class='ocrx_word' id='word_1_336' title='bbox 1613 1463 1647 1486; x_wconf 90' lang='lat' dir='ltr'><strong>ut</strong></span> 
     </span>
     <span class='ocr_line' id='line_1_31' title="bbox 254 1503 1646 1539; baseline -0.004 -4"><span class='ocrx_word' id='word_1_337' title='bbox 254 1507 382 1535; x_wconf 84' lang='lat' dir='ltr'><strong>redemti</strong></span> <span class='ocrx_word' id='word_1_338' title='bbox 400 1516 417 1533; x_wconf 83' lang='lat' dir='ltr'><strong>a</strong></span> <span class='ocrx_word' id='word_1_339' title='bbox 435 1503 602 1532; x_wconf 83' lang='lat' dir='ltr'><strong>miserabili</strong></span> <span class='ocrx_word' id='word_1_340' title='bbox 621 1503 767 1531; x_wconf 74' lang='lat' dir='ltr'><strong>servitute</strong></span> <span class='ocrx_word' id='word_1_341' title='bbox 787 1514 803 1531; x_wconf 89' lang='lat' dir='ltr'><strong>a</strong></span> <span class='ocrx_word' id='word_1_342' title='bbox 823 1504 956 1539; x_wconf 86' lang='lat' dir='ltr'><strong>peccatis</strong></span> <span class='ocrx_word' id='word_1_343' title='bbox 976 1503 1115 1531; x_wconf 85' lang='lat' dir='ltr'><strong>omnibus</strong></span> <span class='ocrx_word' id='word_1_344' title='bbox 1134 1504 1356 1531; x_wconf 82' lang='lat' dir='ltr'><strong>mundaremur.</strong></span> <span class='ocrx_word' id='word_1_345' title='bbox 1392 1503 1529 1531; x_wconf 87' lang='lat' dir='ltr'><strong>Secunda</strong></span> <span class='ocrx_word' id='word_1_346' title='bbox 1548 1512 1646 1536; x_wconf 79' lang='lat' dir='ltr'><strong>causa,</strong></span> 
     </span>
     <span class='ocr_line' id='line_1_32' title="bbox 253 1548 1645 1585; baseline -0.004 -5"><span class='ocrx_word' id='word_1_347' title='bbox 253 1558 302 1585; x_wconf 89' lang='lat' dir='ltr'><strong>ut,</strong></span> <span class='ocrx_word' id='word_1_348' title='bbox 323 1552 398 1580; x_wconf 86' lang='lat' dir='ltr'><strong>sicut</strong></span> <span class='ocrx_word' id='word_1_349' title='bbox 417 1551 508 1578; x_wconf 88' lang='lat' dir='ltr'><strong>homo</strong></span> <span class='ocrx_word' id='word_1_350' title='bbox 526 1549 640 1584; x_wconf 85' lang='lat' dir='ltr'><strong>primus</strong></span> <span class='ocrx_word' id='word_1_351' title='bbox 659 1548 822 1576; x_wconf 85' lang='lat' dir='ltr'><strong>incurrerat</strong></span> <span class='ocrx_word' id='word_1_352' title='bbox 841 1553 968 1576; x_wconf 88' lang='lat' dir='ltr'><strong>mortem</strong></span> <span class='ocrx_word' id='word_1_353' title='bbox 987 1549 1102 1577; x_wconf 86' lang='lat' dir='ltr'><strong>ratione</strong></span> <span class='ocrx_word' id='word_1_354' title='bbox 1122 1549 1182 1576; x_wconf 87' lang='lat' dir='ltr'><strong>cibi</strong></span> <span class='ocrx_word' id='word_1_355' title='bbox 1200 1548 1287 1576; x_wconf 81' lang='lat' dir='ltr'><strong>vetiti</strong></span> <span class='ocrx_word' id='word_1_356' title='bbox 1307 1548 1398 1576; x_wconf 90' lang='lat' dir='ltr'><strong>sumti</strong></span> <span class='ocrx_word' id='word_1_357' title='bbox 1417 1554 1518 1576; x_wconf 85' lang='lat' dir='ltr'><strong>contra</strong></span> <span class='ocrx_word' id='word_1_358' title='bbox 1536 1548 1645 1576; x_wconf 84' lang='lat' dir='ltr'><strong>voluu-</strong></span> 
     </span>
     <span class='ocr_line' id='line_1_33' title="bbox 254 1593 1645 1629; baseline -0.004 -3"><span class='ocrx_word' id='word_1_359' title='bbox 254 1603 347 1626; x_wconf 86' lang='lat' dir='ltr'><strong>tatem</strong></span> <span class='ocrx_word' id='word_1_360' title='bbox 365 1596 438 1628; x_wconf 90' lang='lat' dir='ltr'><strong>Dei,</strong></span> <span class='ocrx_word' id='word_1_361' title='bbox 464 1599 572 1623; x_wconf 69' lang='lat' dir='ltr'><strong>(jencs.</strong></span> <span class='ocrx_word' id='word_1_362' title='bbox 590 1597 632 1626; x_wconf 90' lang='lat'><strong>11,</strong></span> <span class='ocrx_word' id='word_1_363' title='bbox 659 1603 738 1621; x_wconf 86' lang='lat' dir='ltr'><strong>nunc</strong></span> <span class='ocrx_word' id='word_1_364' title='bbox 757 1598 857 1621; x_wconf 84' lang='lat' dir='ltr'><strong>autem</strong></span> <span class='ocrx_word' id='word_1_365' title='bbox 875 1594 970 1621; x_wconf 78' lang='lat' dir='ltr'><strong>vitam</strong></span> <span class='ocrx_word' id='word_1_366' title='bbox 989 1599 1140 1621; x_wconf 83' lang='lat' dir='ltr'><strong>aeternam</strong></span> <span class='ocrx_word' id='word_1_367' title='bbox 1162 1593 1316 1628; x_wconf 81' lang='lat' dir='ltr'><strong>possideat</strong></span> <span class='ocrx_word' id='word_1_368' title='bbox 1336 1593 1451 1620; x_wconf 87' lang='lat' dir='ltr'><strong>ratione</strong></span> <span class='ocrx_word' id='word_1_369' title='bbox 1469 1594 1556 1629; x_wconf 80' lang='lat' dir='ltr'><strong>hujus</strong></span> <span class='ocrx_word' id='word_1_370' title='bbox 1575 1593 1645 1625; x_wconf 88' lang='lat' dir='ltr'><strong>cibi,</strong></span> 
     </span>
     <span class='ocr_line' id='line_1_34' title="bbox 254 1638 1646 1675; baseline -0.004 -5"><span class='ocrx_word' id='word_1_371' title='bbox 254 1644 286 1670; x_wconf 89' lang='lat' dir='ltr'><strong>id</strong></span> <span class='ocrx_word' id='word_1_372' title='bbox 305 1647 351 1670; x_wconf 85' lang='lat' dir='ltr'><strong>est</strong></span> <span class='ocrx_word' id='word_1_373' title='bbox 370 1640 504 1675; x_wconf 86' lang='lat' dir='ltr'><strong>corporis</strong></span> <span class='ocrx_word' id='word_1_374' title='bbox 524 1639 641 1672; x_wconf 87' lang='lat' dir='ltr'><strong>Christi,</strong></span> <span class='ocrx_word' id='word_1_375' title='bbox 660 1639 802 1672; x_wconf 89' lang='lat' dir='ltr'><strong>quoniam</strong></span> <span class='ocrx_word' id='word_1_376' title='bbox 821 1643 897 1666; x_wconf 88' lang='lat' dir='ltr'><strong>teste</strong></span> <span class='ocrx_word' id='word_1_377' title='bbox 917 1639 1102 1671; x_wconf 68' lang='lat' dir='ltr'><strong>evangelista</strong></span> <span class='ocrx_word' id='word_1_378' title='bbox 1121 1639 1256 1666; x_wconf 88' lang='lat' dir='ltr'><strong>Johanne</strong></span> <span class='ocrx_word' id='word_1_379' title='bbox 1271 1647 1295 1666; x_wconf 93' lang='lat' dir='ltr'><strong>c.</strong></span> <span class='ocrx_word' id='word_1_380' title='bbox 1312 1640 1369 1665; x_wconf 83' lang='lat' dir='ltr'><strong>VI:</strong></span> <span class='ocrx_word' id='word_1_381' title='bbox 1391 1638 1416 1666; x_wconf 90' lang='lat' dir='ltr'><strong>si</strong></span> <span class='ocrx_word' id='word_1_382' title='bbox 1435 1638 1501 1672; x_wconf 84' lang='lat' dir='ltr'><strong>quis</strong></span> <span class='ocrx_word' id='word_1_383' title='bbox 1520 1638 1646 1666; x_wconf 79' lang='lat' dir='ltr'><strong>inandu-</strong></span> 
     </span>
     <span class='ocr_line' id='line_1_35' title="bbox 254 1682 1646 1719; baseline -0.004 -4"><span class='ocrx_word' id='word_1_384' title='bbox 254 1687 367 1715; x_wconf 73' lang='lat' dir='ltr'><strong>caverit</strong></span> <span class='ocrx_word' id='word_1_385' title='bbox 384 1696 422 1713; x_wconf 83' lang='lat' dir='ltr'><strong>ex</strong></span> <span class='ocrx_word' id='word_1_386' title='bbox 436 1686 493 1712; x_wconf 88' lang='lat' dir='ltr'><strong>hoc</strong></span> <span class='ocrx_word' id='word_1_387' title='bbox 507 1694 595 1719; x_wconf 86' lang='lat' dir='ltr'><strong>pane,</strong></span> <span class='ocrx_word' id='word_1_388' title='bbox 614 1682 677 1711; x_wconf 86' lang='lat' dir='ltr'><strong>vita</strong></span> <span class='ocrx_word' id='word_1_389' title='bbox 695 1683 781 1711; x_wconf 62' lang='lat' dir='ltr'><strong>vivet</strong></span> <span class='ocrx_word' id='word_1_390' title='bbox 800 1688 828 1710; x_wconf 85' lang='lat' dir='ltr'><strong>et</strong></span> <span class='ocrx_word' id='word_1_391' title='bbox 848 1683 878 1711; x_wconf 89' lang='lat' dir='ltr'><strong>in</strong></span> <span class='ocrx_word' id='word_1_392' title='bbox 898 1689 1061 1713; x_wconf 86' lang='lat' dir='ltr'><strong>aeternum.</strong></span> <span class='ocrx_word' id='word_1_393' title='bbox 1098 1683 1210 1716; x_wconf 84' lang='lat' dir='ltr'><strong>Tertia,</strong></span> <span class='ocrx_word' id='word_1_394' title='bbox 1229 1687 1271 1716; x_wconf 89' lang='lat' dir='ltr'><strong>ut,</strong></span> <span class='ocrx_word' id='word_1_395' title='bbox 1291 1683 1367 1710; x_wconf 88' lang='lat' dir='ltr'><strong>sicut</strong></span> <span class='ocrx_word' id='word_1_396' title='bbox 1386 1683 1521 1716; x_wconf 83' lang='lat' dir='ltr'><strong>quotidie</strong></span> <span class='ocrx_word' id='word_1_397' title='bbox 1540 1693 1646 1718; x_wconf 84' lang='lat' dir='ltr'><strong>pecca</strong></span> 
     </span>
     <span class='ocr_line' id='line_1_36' title="bbox 254 1727 1646 1764; baseline -0.003 -4"><span class='ocrx_word' id='word_1_398' title='bbox 254 1742 320 1760; x_wconf 86' lang='lat' dir='ltr'><strong>mus</strong></span> <span class='ocrx_word' id='word_1_399' title='bbox 339 1731 446 1759; x_wconf 88' lang='lat' dir='ltr'><strong>saltem</strong></span> <span class='ocrx_word' id='word_1_400' title='bbox 464 1729 641 1761; x_wconf 83' lang='lat' dir='ltr'><strong>venialiter,</strong></span> <span class='ocrx_word' id='word_1_401' title='bbox 658 1728 702 1756; x_wconf 87' lang='lat' dir='ltr'><strong>ita</strong></span> <span class='ocrx_word' id='word_1_402' title='bbox 720 1728 856 1762; x_wconf 84' lang='lat' dir='ltr'><strong>quotidie</strong></span> <span class='ocrx_word' id='word_1_403' title='bbox 877 1738 944 1756; x_wconf 83' lang='lat' dir='ltr'><strong>euin</strong></span> <span class='ocrx_word' id='word_1_404' title='bbox 963 1729 1096 1764; x_wconf 83' lang='lat' dir='ltr'><strong>recipere</strong></span> <span class='ocrx_word' id='word_1_405' title='bbox 1115 1733 1165 1755; x_wconf 89' lang='lat' dir='ltr'><strong>aut</strong></span> <span class='ocrx_word' id='word_1_406' title='bbox 1184 1728 1309 1755; x_wconf 86' lang='lat' dir='ltr'><strong>adorare</strong></span> <span class='ocrx_word' id='word_1_407' title='bbox 1329 1727 1485 1761; x_wconf 85' lang='lat' dir='ltr'><strong>debemus,</strong></span> <span class='ocrx_word' id='word_1_408' title='bbox 1505 1728 1646 1762; x_wconf 84' lang='lat' dir='ltr'><strong>quoniam</strong></span> 
     </span>
     <span class='ocr_line' id='line_1_37' title="bbox 255 1773 1646 1809; baseline -0.001 -7"><span class='ocrx_word' id='word_1_409' title='bbox 255 1787 322 1804; x_wconf 67' lang='lat' dir='ltr'><strong>eum</strong></span> <span class='ocrx_word' id='word_1_410' title='bbox 349 1774 505 1803; x_wconf 88' lang='lat' dir='ltr'><strong>adorando</strong></span> <span class='ocrx_word' id='word_1_411' title='bbox 532 1775 644 1802; x_wconf 74' lang='lat' dir='ltr'><strong>devote</strong></span> <span class='ocrx_word' id='word_1_412' title='bbox 668 1779 792 1809; x_wconf 86' lang='lat' dir='ltr'><strong>peccata</strong></span> <span class='ocrx_word' id='word_1_413' title='bbox 810 1773 941 1802; x_wconf 85' lang='lat' dir='ltr'><strong>venialia</strong></span> <span class='ocrx_word' id='word_1_414' title='bbox 960 1773 1158 1802; x_wconf 83' lang='lat' dir='ltr'><strong>remittantur.</strong></span> <span class='ocrx_word' id='word_1_415' title='bbox 1192 1773 1266 1800; x_wconf 84' lang='lat' dir='ltr'><strong>Ideo</strong></span> <span class='ocrx_word' id='word_1_416' title='bbox 1285 1773 1462 1801; x_wconf 82' lang='lat' dir='ltr'><strong>Ambrosius</strong></span> <span class='ocrx_word' id='word_1_417' title='bbox 1483 1773 1520 1801; x_wconf 89' lang='lat' dir='ltr'><strong>de</strong></span> <span class='ocrx_word' id='word_1_418' title='bbox 1538 1773 1646 1809; x_wconf 88' lang='lat' dir='ltr'><strong>poeni-</strong></span> 
     </span>
     <span class='ocr_line' id='line_1_38' title="bbox 254 1818 1646 1853; baseline -0.002 -5"><span class='ocrx_word' id='word_1_419' title='bbox 254 1822 348 1848; x_wconf 71' lang='lat' dir='ltr'><strong>tentia</strong></span> <span class='ocrx_word' id='word_1_420' title='bbox 368 1821 437 1848; x_wconf 88' lang='lat' dir='ltr'><strong>dist.</strong></span> <span class='ocrx_word' id='word_1_421' title='bbox 456 1824 499 1847; x_wconf 78' lang='lat'><strong>11:</strong></span> <span class='ocrx_word' id='word_1_422' title='bbox 526 1819 781 1853; x_wconf 86' lang='lat' dir='ltr'><strong>quotiescunque,</strong></span> <span class='ocrx_word' id='word_1_423' title='bbox 808 1819 859 1852; x_wconf 89' lang='lat' dir='ltr'><strong>qui</strong></span> <span class='ocrx_word' id='word_1_424' title='bbox 885 1828 1004 1853; x_wconf 83' lang='lat' dir='ltr'><strong>semper</strong></span> <span class='ocrx_word' id='word_1_425' title='bbox 1028 1827 1138 1853; x_wconf 87' lang='lat' dir='ltr'><strong>pecco,</strong></span> <span class='ocrx_word' id='word_1_426' title='bbox 1164 1827 1283 1853; x_wconf 80' lang='lat' dir='ltr'><strong>semper</strong></span> <span class='ocrx_word' id='word_1_427' title='bbox 1306 1818 1486 1846; x_wconf 85' lang='lat' dir='ltr'><strong>medicinam</strong></span> <span class='ocrx_word' id='word_1_428' title='bbox 1512 1818 1646 1853; x_wconf 83' lang='lat' dir='ltr'><strong>recipere</strong></span> 
     </span>
     <span class='ocr_line' id='line_1_39' title="bbox 255 1863 1645 1896; baseline -0.001 -4"><span class='ocrx_word' id='word_1_429' title='bbox 255 1866 363 1894; x_wconf 75' lang='lat' dir='ltr'><strong>debeo.</strong></span> <span class='ocrx_word' id='word_1_430' title='bbox 399 1865 447 1892; x_wconf 80' lang='lat' dir='ltr'><strong>Ad</strong></span> <span class='ocrx_word' id='word_1_431' title='bbox 465 1865 542 1891; x_wconf 87' lang='lat' dir='ltr'><strong>hanc</strong></span> <span class='ocrx_word' id='word_1_432' title='bbox 561 1863 793 1891; x_wconf 84' lang='lat' dir='ltr'><strong>sacratissimam</strong></span> <span class='ocrx_word' id='word_1_433' title='bbox 812 1863 942 1891; x_wconf 85' lang='lat' dir='ltr'><strong>hostiam</strong></span> <span class='ocrx_word' id='word_1_434' title='bbox 961 1867 1180 1894; x_wconf 86' lang='lat' dir='ltr'><strong>consecratam,</strong></span> <span class='ocrx_word' id='word_1_435' title='bbox 1201 1863 1256 1889; x_wconf 87' lang='lat' dir='ltr'><strong>sub</strong></span> <span class='ocrx_word' id='word_1_436' title='bbox 1276 1872 1334 1896; x_wconf 85' lang='lat' dir='ltr'><strong>qua</strong></span> <span class='ocrx_word' id='word_1_437' title='bbox 1353 1863 1523 1890; x_wconf 86' lang='lat' dir='ltr'><strong>continetur</strong></span> <span class='ocrx_word' id='word_1_438' title='bbox 1539 1872 1645 1890; x_wconf 77' lang='lat' dir='ltr'><strong>verum</strong></span> 
     </span>
     <span class='ocr_line' id='line_1_40' title="bbox 255 1906 1645 1944; baseline -0.002 -8"><span class='ocrx_word' id='word_1_439' title='bbox 255 1918 363 1944; x_wconf 83' lang='lat' dir='ltr'><strong>corpus</strong></span> <span class='ocrx_word' id='word_1_440' title='bbox 383 1914 413 1935; x_wconf 79' lang='lat' dir='ltr'><strong>et</strong></span> <span class='ocrx_word' id='word_1_441' title='bbox 431 1909 550 1940; x_wconf 79' lang='lat' dir='ltr'><strong>sanguis</strong></span> <span class='ocrx_word' id='word_1_442' title='bbox 570 1911 641 1936; x_wconf 81' lang='lat' dir='ltr'><strong>Jesu</strong></span> <span class='ocrx_word' id='word_1_443' title='bbox 661 1907 768 1935; x_wconf 88' lang='lat' dir='ltr'><strong>Christi</strong></span> <span class='ocrx_word' id='word_1_444' title='bbox 787 1907 901 1934; x_wconf 88' lang='lat' dir='ltr'><strong>domini</strong></span> <span class='ocrx_word' id='word_1_445' title='bbox 927 1907 1037 1939; x_wconf 86' lang='lat' dir='ltr'><strong>nostri,</strong></span> <span class='ocrx_word' id='word_1_446' title='bbox 1064 1906 1259 1933; x_wconf 80' lang='lat' dir='ltr'><strong>devotionem</strong></span> <span class='ocrx_word' id='word_1_447' title='bbox 1285 1916 1344 1933; x_wconf 90' lang='lat' dir='ltr'><strong>non</strong></span> <span class='ocrx_word' id='word_1_448' title='bbox 1370 1907 1520 1935; x_wconf 73' lang='lat' dir='ltr'><strong>modicam</strong></span> <span class='ocrx_word' id='word_1_449' title='bbox 1545 1908 1645 1935; x_wconf 79' lang='lat' dir='ltr'><strong>Ludn-</strong></span> 
     </span>
     <span class='ocr_line' id='line_1_41' title="bbox 254 1950 1644 1985; baseline -0.001 -4"><span class='ocrx_word' id='word_1_450' title='bbox 254 1954 339 1981; x_wconf 79' lang='lat' dir='ltr'><strong>vicus</strong></span> <span class='ocrx_word' id='word_1_451' title='bbox 358 1957 426 1982; x_wconf 84' lang='grc' dir='ltr'><strong>.</strong></span> <span class='ocrx_word' id='word_1_452' title='bbox 443 1957 620 1980; x_wconf 86' lang='lat' dir='ltr'><strong>Francorum</strong></span> <span class='ocrx_word' id='word_1_453' title='bbox 641 1962 691 1979; x_wconf 69' lang='lat' dir='ltr'><strong>rex</strong></span> <span class='ocrx_word' id='word_1_454' title='bbox 710 1953 858 1984; x_wconf 86' lang='lat' dir='ltr'><strong>habebat,</strong></span> <span class='ocrx_word' id='word_1_455' title='bbox 883 1951 932 1985; x_wconf 86' lang='lat' dir='ltr'><strong>qui</strong></span> <span class='ocrx_word' id='word_1_456' title='bbox 953 1962 969 1978; x_wconf 91' lang='lat' dir='ltr'><strong>a</strong></span> <span class='ocrx_word' id='word_1_457' title='bbox 988 1950 1113 1978; x_wconf 82' lang='lat' dir='ltr'><strong>medicis</strong></span> <span class='ocrx_word' id='word_1_458' title='bbox 1132 1960 1186 1985; x_wconf 86' lang='lat' dir='ltr'><strong>per</strong></span> <span class='ocrx_word' id='word_1_459' title='bbox 1203 1951 1305 1985; x_wconf 85' lang='lat' dir='ltr'><strong>plures</strong></span> <span class='ocrx_word' id='word_1_460' title='bbox 1325 1951 1390 1978; x_wconf 90' lang='lat' dir='ltr'><strong>dies</strong></span> <span class='ocrx_word' id='word_1_461' title='bbox 1409 1951 1570 1980; x_wconf 78' lang='lat' dir='ltr'><strong>derelictus</strong></span> <span class='ocrx_word' id='word_1_462' title='bbox 1590 1953 1644 1980; x_wconf 81' lang='lat' dir='ltr'><strong>do-</strong></span> 
     </span>
     <span class='ocr_line' id='line_1_42' title="bbox 253 1995 1643 2030; baseline -0.001 -4"><span class='ocrx_word' id='word_1_463' title='bbox 253 1999 367 2026; x_wconf 84' lang='lat' dir='ltr'><strong>minum</strong></span> <span class='ocrx_word' id='word_1_464' title='bbox 387 2001 489 2026; x_wconf 79' lang='lat' dir='ltr'><strong>Jesum</strong></span> <span class='ocrx_word' id='word_1_465' title='bbox 507 1997 661 2024; x_wconf 66' lang='lat' dir='ltr'><strong>invocavit</strong></span> <span class='ocrx_word' id='word_1_466' title='bbox 680 2002 708 2024; x_wconf 90' lang='lat' dir='ltr'><strong>et</strong></span> <span class='ocrx_word' id='word_1_467' title='bbox 728 1997 764 2023; x_wconf 86' lang='lat' dir='ltr'><strong>ab</strong></span> <span class='ocrx_word' id='word_1_468' title='bbox 785 1996 943 2023; x_wconf 79' lang='lat' dir='ltr'><strong>incurabili</strong></span> <span class='ocrx_word' id='word_1_469' title='bbox 963 1995 1150 2028; x_wconf 72' lang='lat' dir='ltr'><strong>aegritudine</strong></span> <span class='ocrx_word' id='word_1_470' title='bbox 1175 1995 1327 2023; x_wconf 77' lang='lat' dir='ltr'><strong>convaluit</strong></span> <span class='ocrx_word' id='word_1_471' title='bbox 1356 1996 1584 2030; x_wconf 81' lang='lat' dir='ltr'><strong>ordinavitque,</strong></span> <span class='ocrx_word' id='word_1_472' title='bbox 1613 2002 1643 2024; x_wconf 90' lang='lat' dir='ltr'><strong>ut</strong></span> 
     </span>
     <span class='ocr_line' id='line_1_43' title="bbox 254 2040 1645 2076; baseline -0.001 -6"><span class='ocrx_word' id='word_1_473' title='bbox 254 2044 285 2070; x_wconf 89' lang='lat' dir='ltr'><strong>in</strong></span> <span class='ocrx_word' id='word_1_474' title='bbox 303 2051 394 2075; x_wconf 82' lang='lat' dir='ltr'><strong>regno</strong></span> <span class='ocrx_word' id='word_1_475' title='bbox 413 2042 552 2069; x_wconf 78' lang='lat' dir='ltr'><strong>Franciae</strong></span> <span class='ocrx_word' id='word_1_476' title='bbox 572 2042 610 2068; x_wconf 92' lang='lat' dir='ltr'><strong>ob</strong></span> <span class='ocrx_word' id='word_1_477' title='bbox 631 2041 830 2068; x_wconf 71' lang='lat' dir='ltr'><strong>reverentiam</strong></span> <span class='ocrx_word' id='word_1_478' title='bbox 849 2050 950 2068; x_wconf 86' lang='lat' dir='ltr'><strong>sacrae</strong></span> <span class='ocrx_word' id='word_1_479' title='bbox 969 2040 1086 2069; x_wconf 87' lang='lat' dir='ltr'><strong>hostiae</strong></span> <span class='ocrx_word' id='word_1_480' title='bbox 1105 2040 1135 2067; x_wconf 89' lang='lat' dir='ltr'><strong>in</strong></span> <span class='ocrx_word' id='word_1_481' title='bbox 1153 2040 1322 2067; x_wconf 75' lang='lat' dir='ltr'><strong>elevatione</strong></span> <span class='ocrx_word' id='word_1_482' title='bbox 1339 2042 1473 2076; x_wconf 86' lang='lat' dir='ltr'><strong>corporis</strong></span> <span class='ocrx_word' id='word_1_483' title='bbox 1489 2042 1596 2069; x_wconf 87' lang='lat' dir='ltr'><strong>Christi</strong></span> <span class='ocrx_word' id='word_1_484' title='bbox 1615 2043 1645 2069; x_wconf 86' lang='lat' dir='ltr'><strong>in</strong></span> 
     </span>
     <span class='ocr_line' id='line_1_44' title="bbox 254 2084 1645 2122; baseline 0 -8"><span class='ocrx_word' id='word_1_485' title='bbox 254 2088 344 2117; x_wconf 85' lang='lat' dir='ltr'><strong>missa</strong></span> <span class='ocrx_word' id='word_1_486' title='bbox 364 2087 476 2114; x_wconf 70' lang='lat' dir='ltr'><strong>devota</strong></span> <span class='ocrx_word' id='word_1_487' title='bbox 495 2087 591 2113; x_wconf 89' lang='lat' dir='ltr'><strong>oratio</strong></span> <span class='ocrx_word' id='word_1_488' title='bbox 610 2090 778 2112; x_wconf 84' lang='lat' dir='ltr'><strong>cantaretur</strong></span> <span class='ocrx_word' id='word_1_489' title='bbox 795 2085 956 2117; x_wconf 66' lang='lat' dir='ltr'><strong>videlicet:</strong></span> <span class='ocrx_word' id='word_1_490' title='bbox 983 2093 1002 2112; x_wconf 91' lang='lat' dir='ltr'><strong>o</strong></span> <span class='ocrx_word' id='word_1_491' title='bbox 1028 2084 1167 2112; x_wconf 84' lang='lat' dir='ltr'><strong>salutaris</strong></span> <span class='ocrx_word' id='word_1_492' title='bbox 1194 2085 1308 2118; x_wconf 87' lang='lat' dir='ltr'><strong>hostia,</strong></span> <span class='ocrx_word' id='word_1_493' title='bbox 1332 2095 1408 2119; x_wconf 84' lang='lat' dir='ltr'><strong>quae</strong></span> <span class='ocrx_word' id='word_1_494' title='bbox 1434 2086 1511 2114; x_wconf 89' lang='lat' dir='ltr'><strong>coeli</strong></span> <span class='ocrx_word' id='word_1_495' title='bbox 1536 2086 1645 2122; x_wconf 85' lang='lat' dir='ltr'><strong>pandis</strong></span> 
     </span>
     <span class='ocr_line' id='line_1_45' title="bbox 255 2129 1367 2167; baseline 0 -7"><span class='ocrx_word' id='word_1_496' title='bbox 255 2133 381 2165; x_wconf 72' lang='lat' dir='ltr'><strong>ostium,</strong></span> <span class='ocrx_word' id='word_1_497' title='bbox 401 2131 482 2159; x_wconf 87' lang='lat' dir='ltr'><strong>bella</strong></span> <span class='ocrx_word' id='word_1_498' title='bbox 501 2135 642 2167; x_wconf 83' lang='lat' dir='ltr'><strong>premunt</strong></span> <span class='ocrx_word' id='word_1_499' title='bbox 660 2130 800 2163; x_wconf 85' lang='lat' dir='ltr'><strong>hostilia,</strong></span> <span class='ocrx_word' id='word_1_500' title='bbox 819 2129 858 2157; x_wconf 86' lang='lat' dir='ltr'><strong>da</strong></span> <span class='ocrx_word' id='word_1_501' title='bbox 876 2130 985 2162; x_wconf 81' lang='lat' dir='ltr'><strong>robur,</strong></span> <span class='ocrx_word' id='word_1_502' title='bbox 1007 2129 1053 2158; x_wconf 83' lang='lat' dir='ltr'><strong>ser</strong></span> <span class='ocrx_word' id='word_1_503' title='bbox 1070 2129 1224 2160; x_wconf 62' lang='lat' dir='ltr'><strong>auxilium.</strong></span> <span class='ocrx_word' id='word_1_504' title='bbox 1261 2132 1367 2160; x_wconf 79' lang='lat' dir='ltr'><strong>Amen.</strong></span> 
     </span>
    </p>
   </div>
   <div class='ocr_carea' id='block_1_3' title="bbox 672 2415 1247 2480">
    <p class='ocr_par' dir='ltr' id='par_1_3' title="bbox 672 2415 1247 2480">
     <span class='ocr_line' id='line_1_46' title="bbox 672 2415 1247 2480; baseline 0.002 -2"><span class='ocrx_word' id='word_1_505' title='bbox 672 2416 798 2478; x_wconf 75' lang='lat' dir='ltr'><strong>cAP.</strong></span> <span class='ocrx_word' id='word_1_506' title='bbox 833 2416 1052 2478; x_wconf 78' lang='lat' dir='ltr'><strong>ccxxlv.</strong></span> <span class='ocrx_word' id='word_1_507' title='bbox 1089 2415 1247 2480; x_wconf 82' lang='lat'>(195.)</span> 
     </span>
    </p>
   </div>
   <div class='ocr_carea' id='block_1_4' title="bbox 421 2515 1476 2572">
    <p class='ocr_par' dir='ltr' id='par_1_4' title="bbox 421 2515 1476 2572">
     <span class='ocr_line' id='line_1_47' title="bbox 421 2515 1476 2572; baseline -0.003 -9"><span class='ocrx_word' id='word_1_508' title='bbox 421 2520 522 2563; x_wconf 79' lang='lat' dir='ltr'><strong>De</strong></span> <span class='ocrx_word' id='word_1_509' title='bbox 551 2518 775 2563; x_wconf 80' lang='lat' dir='ltr'><strong>nostra</strong></span> <span class='ocrx_word' id='word_1_510' title='bbox 818 2516 1081 2563; x_wconf 79' lang='lat' dir='ltr'><strong>(lomina</strong></span> <span class='ocrx_word' id='word_1_511' title='bbox 1111 2517 1190 2561; x_wconf 79' lang='lat' dir='ltr'><strong>le</strong></span> <span class='ocrx_word' id='word_1_512' title='bbox 1219 2515 1476 2572; x_wconf 78' lang='lat' dir='ltr'><strong>pietate.</strong></span> 
     </span>
    </p>
   </div>
   <div class='ocr_carea' id='block_1_5' title="bbox 255 2623 1643 2752">
    <p class='ocr_par' dir='ltr' id='par_1_5' title="bbox 255 2623 1643 2752">
     <span class='ocr_line' id='line_1_48' title="bbox 356 2623 1643 2661; baseline -0.002 -9"><span class='ocrx_word' id='word_1_513' title='bbox 356 2630 387 2652; x_wconf 87' lang='lat' dir='ltr'><strong>In</strong></span> <span class='ocrx_word' id='word_1_514' title='bbox 406 2626 548 2653; x_wconf 81' lang='lat' dir='ltr'><strong>laudibus</strong></span> <span class='ocrx_word' id='word_1_515' title='bbox 568 2626 692 2658; x_wconf 83' lang='lat' dir='ltr'><strong>virginis</strong></span> <span class='ocrx_word' id='word_1_516' title='bbox 712 2624 890 2653; x_wconf 85' lang='lat' dir='ltr'><strong>benedictae</strong></span> <span class='ocrx_word' id='word_1_517' title='bbox 910 2625 1026 2660; x_wconf 84' lang='lat' dir='ltr'><strong>aliquid</strong></span> <span class='ocrx_word' id='word_1_518' title='bbox 1044 2626 1195 2661; x_wconf 83' lang='lat' dir='ltr'><strong>loquimur</strong></span> <span class='ocrx_word' id='word_1_519' title='bbox 1221 2626 1428 2659; x_wconf 84' lang='lat' dir='ltr'><strong>dilectissimi,</strong></span> <span class='ocrx_word' id='word_1_520' title='bbox 1454 2625 1525 2653; x_wconf 81' lang='lat' dir='ltr'><strong>licet</strong></span> <span class='ocrx_word' id='word_1_521' title='bbox 1543 2623 1580 2651; x_wconf 81' lang='lat' dir='ltr'><strong>de</strong></span> <span class='ocrx_word' id='word_1_522' title='bbox 1600 2633 1643 2656; x_wconf 87' lang='lat' dir='ltr'><strong>ea,</strong></span> 
     </span>
     <span class='ocr_line' id='line_1_49' title="bbox 255 2669 1643 2705; baseline 0 -11"><span class='ocrx_word' id='word_1_523' title='bbox 255 2669 401 2702; x_wconf 76' lang='lat' dir='ltr'><strong>quidquid</strong></span> <span class='ocrx_word' id='word_1_524' title='bbox 422 2672 603 2703; x_wconf 78' lang='lat' dir='ltr'><strong>dixerimus,</strong></span> <span class='ocrx_word' id='word_1_525' title='bbox 623 2671 746 2699; x_wconf 82' lang='lat' dir='ltr'><strong>minoris</strong></span> <span class='ocrx_word' id='word_1_526' title='bbox 766 2671 804 2699; x_wconf 90' lang='lat' dir='ltr'><strong>sit</strong></span> <span class='ocrx_word' id='word_1_527' title='bbox 824 2671 932 2704; x_wconf 85' lang='lat' dir='ltr'><strong>laudis,</strong></span> <span class='ocrx_word' id='word_1_528' title='bbox 951 2681 1040 2705; x_wconf 84' lang='lat' dir='ltr'><strong>qnam</strong></span> <span class='ocrx_word' id='word_1_529' title='bbox 1060 2672 1191 2705; x_wconf 81' lang='lat' dir='ltr'><strong>dignitas</strong></span> <span class='ocrx_word' id='word_1_530' title='bbox 1211 2672 1274 2705; x_wconf 86' lang='lat' dir='ltr'><strong>ejus</strong></span> <span class='ocrx_word' id='word_1_531' title='bbox 1293 2675 1450 2699; x_wconf 84' lang='lat' dir='ltr'><strong>mereatur,</strong></span> <span class='ocrx_word' id='word_1_532' title='bbox 1485 2671 1555 2696; x_wconf 79' lang='lat' dir='ltr'><strong>Nam</strong></span> <span class='ocrx_word' id='word_1_533' title='bbox 1577 2678 1643 2703; x_wconf 85' lang='lat' dir='ltr'><strong>per-</strong></span> 
     </span>
     <span class='ocr_line' id='line_1_50' title="bbox 255 2714 1643 2752; baseline 0 -12"><span class='ocrx_word' id='word_1_534' title='bbox 255 2714 417 2743; x_wconf 73' lang='lat' dir='ltr'><strong>fectissima</strong></span> <span class='ocrx_word' id='word_1_535' title='bbox 432 2717 486 2744; x_wconf 81' lang='lat' dir='ltr'><strong>Dei</strong></span> <span class='ocrx_word' id='word_1_536' title='bbox 505 2717 608 2744; x_wconf 83' lang='lat' dir='ltr'><strong>inatris</strong></span> <span class='ocrx_word' id='word_1_537' title='bbox 628 2725 719 2752; x_wconf 86' lang='lat' dir='ltr'><strong>opera</strong></span> <span class='ocrx_word' id='word_1_538' title='bbox 731 2717 761 2744; x_wconf 90' lang='lat' dir='ltr'><strong>in</strong></span> <span class='ocrx_word' id='word_1_539' title='bbox 775 2725 901 2752; x_wconf 85' lang='lat' dir='ltr'><strong>operum</strong></span> <span class='ocrx_word' id='word_1_540' title='bbox 915 2721 1087 2744; x_wconf 77' lang='lat' dir='ltr'><strong>sanctorum</strong></span> <span class='ocrx_word' id='word_1_541' title='bbox 1100 2715 1232 2744; x_wconf 76' lang='lat' dir='ltr'><strong>omnium</strong></span> <span class='ocrx_word' id='word_1_542' title='bbox 1245 2715 1453 2751; x_wconf 84' lang='lat' dir='ltr'><strong>compassione</strong></span> <span class='ocrx_word' id='word_1_543' title='bbox 1468 2714 1643 2742; x_wconf 69' lang='lat' dir='ltr'><strong>excellentis</strong></span> 
     </span>
    </p>
   </div>
  </div>
 </body>
</html>
