1742 3005
334 65 431 120 Cap.
462 69 543 107 XC.
602 68 661 107 De
692 77 822 108 saneto
852 69 974 109 Paulo
1004 73 1192 123 apostolo,
1377 75 1454 116 381

70 180 104 210 et
129 176 395 220 exspiraverat,
421 177 607 210 suscitavit
635 179 669 210 et
694 176 802 211 multa
827 176 899 211 alia
930 178 1099 213 miracula
1123 178 1218 222 fecit,
1244 180 1336 226 apud
1360 181 1458 218 Miti-

70 242 181 276 lenem
214 241 363 275 insulam
396 243 519 286 vipera
549 251 684 276 manum
718 243 795 287 ejus
821 244 971 285 invasit,
1008 243 1072 278 sed
1105 244 1193 280 nihil
1227 257 1303 281 eum
1339 248 1457 293 laesit,

70 309 150 352 quin
177 308 294 352 potius
321 309 355 342 in
380 309 497 353 ignem
522 308 633 352 ipsam
662 310 827 342 excussit.
875 308 1010 343 Dicitur
1034 321 1184 356 quoque,
1212 314 1306 358 quod
1324 325 1457 357 omneS,

69 376 128 420 qui
155 374 198 410 de
224 376 395 421 progenie
423 374 517 408 illius
543 373 714 415 hominis,
750 375 809 419 qui
833 374 976 408 Paulum
1002 375 1157 420 hospitio
1183 380 1340 423 excepit,
1373 391 1457 416 nas-

67 444 201 483 cuntur,
225 441 446 475 avenenosis
461 439 924 480 ullatenusnonlaeduntur,
955 439 1045 474 unde
1059 451 1132 475 cum
1152 445 1252 486 pueri
1275 447 1347 479 nati
1366 451 1457 490 sunt,

67 508 101 540 in
131 508 228 541 cunis
257 517 374 541 eorum
408 509 526 549 patres
552 509 734 548 serpentes
762 509 905 549 ponunt,
932 510 968 538 ut
994 506 1156 550 probent,
1182 509 1212 542 si
1241 512 1313 543 veri
1341 522 1458 547 eorum

68 571 131 606 filii
155 574 235 607 sint.
283 572 459 606 Invenitur
482 574 594 604 autem
621 569 824 615 aliquando,
853 570 946 615 quod
969 570 1097 606 Paulus
1125 578 1179 607 est
1203 577 1316 610 minor
1339 577 1457 621 Petro,

68 638 278 684 quandoque
302 638 431 681 major,
457 635 666 681 quandoque
692 635 864 680 aequalis,
890 636 954 671 sed
982 649 1108 673 revera
1133 641 1246 675 minor
1272 642 1456 689 dignitate,

66 705 179 749 maJor
202 702 477 748 praedicatione,
502 700 662 746 aequalis
689 703 887 736 sanctitate.
938 702 1058 738 Refert
1081 704 1223 750 Haymo,
1250 710 1342 752 quod
1364 710 1456 745 Pau-

66 770 120 804 lus
141 780 163 804 a
187 769 360 814 pullorum
393 772 497 802 cantu
529 777 639 812 usque
671 767 716 801 ad
745 769 897 813 quintam
925 768 1046 803 horam
1077 771 1192 805 labori
1218 783 1375 810 manuum
1402 779 1455 811 in-

65 835 236 876 sistebat,
271 834 398 870 deinde
435 833 693 878 praedicationi
719 833 886 876 vacabat,
923 836 971 868 ita
997 836 1090 880 quod
1114 837 1318 884 plerumque
1344 852 1456 888 usque

65 902 110 937 ad
147 904 283 935 noctem
317 910 512 935 sermonem
545 898 795 944 protrahebat,
839 899 1017 934 residuum
1061 912 1144 936 vero
1186 907 1354 949 temporis
1393 918 1453 941 co-

64 969 245 1010 mestioni,
281 977 423 1008 somno,
459 966 611 999 orationi
642 966 728 999 satis
772 967 1008 1000 necessarium
1047 972 1133 1002 erat.
1182 969 1269 1004 Dum
1300 975 1456 1009 venisset

64 1046 146 1071 vero
175 1033 335 1075 Romam,
372 1042 447 1067 cum
471 1031 563 1066 Nero
598 1031 749 1065 nondum
784 1036 879 1066 esset
906 1033 941 1066 in
966 1034 1146 1078 imperium
1172 1036 1395 1073 confirmatus
1422 1044 1457 1074 et

66 1102 169 1136 etiam
196 1101 342 1135 audiens
358 1126 366 1141 ,
393 1097 486 1144 quod
513 1097 555 1132 de
580 1096 661 1143 lege
687 1097 899 1132 Judaeorum
928 1103 961 1132 et
987 1098 1054 1134 tide
1073 1100 1342 1138 christianorum
1365 1106 1456 1140 inter

61 1167 205 1203 Paulum
241 1170 276 1201 et
308 1164 461 1200 Judaeos
488 1165 648 1209 quaestio
673 1163 896 1207 vertebatur,
932 1175 1000 1198 non
1035 1166 1176 1201 multum
1211 1168 1291 1203 inde
1318 1173 1455 1205 curavit

62 1237 98 1269 et
120 1235 171 1268 sic
194 1232 342 1274 Paulus,
370 1241 438 1276 quo
464 1229 625 1271 volebat,
651 1229 763 1264 libere
787 1229 860 1263 ibat
887 1234 920 1264 et
944 1230 1057 1267 libere
1082 1233 1323 1277 praedicabat.
1371 1236 1455 1272 Hie-

60 1309 224 1345 ronymus
249 1307 387 1344 quoque
413 1298 448 1330 in
472 1294 565 1329 libro
592 1295 636 1330 de
660 1297 743 1330 viris
768 1295 963 1330 illustribus
991 1298 1058 1339 ait,
1093 1299 1186 1343 quod
1220 1299 1329 1336 XXV.
1361 1312 1454 1337 anno

61 1375 82 1399 a
107 1368 274 1409 passione
299 1363 442 1403 domini,
468 1362 536 1396 hoc
560 1366 615 1397 est
640 1360 788 1395 Neronis
814 1361 985 1405 secund0,
1007 1363 1135 1398 Paulus
1156 1364 1297 1400 Romam
1318 1368 1453 1403 vinctus

60 1432 206 1465 mittitur
239 1433 274 1464 et
308 1439 372 1474 per
403 1428 578 1464 biennium
613 1428 647 1461 in
681 1426 796 1462 libera
828 1437 971 1463 manens
1009 1430 1170 1465 custodia
1195 1431 1366 1468 adversus
1389 1433 1453 1469 Ju—

60 1496 169 1530 daeos
209 1494 423 1540 disputavit,
464 1493 590 1528 deinde
625 1503 646 1527 a
681 1492 820 1527 Nerone
853 1489 1017 1529 dimissus
1052 1497 1269 1543 evangelium
1297 1499 1332 1532 in
1358 1501 1454 1533 occi-

60 1561 175 1596 dentis
203 1560 363 1606 partibus
389 1559 629 1605 praedicavit,
666 1558 744 1593 XIV
776 1569 859 1593 vero
886 1559 1035 1595 Neronis
1062 1572 1173 1604 anno,
1211 1562 1333 1598 eodem
1361 1574 1452 1599 anno

61 1631 96 1662 et
119 1627 198 1669 die,
226 1636 294 1672 quo
320 1625 504 1661 crucifixus
533 1629 586 1660 est
609 1625 754 1666 Petrus,
782 1626 896 1669 capite
920 1629 1112 1662 truncatur.
1162 1628 1257 1664 Haec
1280 1629 1450 1676 Hierony-

59 1703 146 1728 mus.
194 1691 279 1740 Ejus
312 1696 426 1727 autem
462 1692 640 1737 sapientia
673 1694 707 1725 et
741 1691 869 1736 religio
901 1690 1033 1736 ubique
1069 1692 1321 1740 divulgabatur
1348 1700 1382 1731 et
1407 1696 1451 1731 ab

60 1758 218 1796 omnibus
252 1757 470 1793 admirabilis
506 1756 726 1800 habebatur,
769 1756 896 1792 multos
929 1758 1034 1792 etiam
1070 1758 1114 1794 de
1145 1759 1247 1795 domo
1286 1761 1451 1797 Caesaris

59 1825 129 1860 sibi
152 1826 188 1859 in
212 1825 398 1859 amicitiam
423 1823 603 1869 copulavit
629 1827 664 1858 et
687 1833 749 1858 eos
774 1822 818 1857 ad
846 1822 976 1858 Christi
1002 1824 1104 1859 fidem
1132 1828 1316 1871 convertit,
1342 1838 1451 1874 quae-

59 1891 137 1926 dam
166 1892 268 1926 etiam
293 1891 426 1935 scripta
453 1890 530 1935 ejus
557 1899 675 1924 coram
702 1888 856 1924 Caesare
883 1891 1033 1924 recitata
1058 1895 1139 1926 sunt
1165 1896 1200 1926 et
1223 1892 1266 1927 ab
1292 1893 1452 1929 omnibus

57 1956 268 1991 mirabiliter
292 1955 553 1997 commendata,
581 1960 724 1990 senatus
750 1956 854 1990 etiam
879 1954 923 1990 de
948 1955 1009 1990 illo
1037 1957 1110 1992 alta
1133 1968 1204 1992 non
1229 1959 1453 1995 mediocriter

58 2021 245 2057 sentiebat.
294 2020 451 2060 Quadam
476 2031 558 2055 vero
585 2020 643 2056 die
669 2021 748 2055 dum
773 2021 902 2055 Paulus
929 2023 1023 2056 circa
1047 2033 1217 2068 vesperas
1242 2026 1277 2058 in
1300 2024 1451 2070 quodam

57 2088 190 2122 solario
225 2085 466 2131 praedicaret,
511 2085 650 2131 quidam
678 2086 820 2130 juvenis
848 2088 986 2122 nomine
1020 2087 1247 2130 Patroculus‚
1282 2090 1452 2133 pincerna

55 2152 205 2188 Neronis
231 2155 265 2187 et
288 2152 357 2186 sibi
381 2150 566 2186 admodum
588 2151 760 2194 dilectus,
793 2155 831 2185 ut
860 2151 1003 2186 Paulum
1027 2157 1173 2198 propter
1198 2153 1450 2189 multitudinem

0 2240 1 2243 =
58 2217 272 2252 commodius
305 2216 466 2261 audiret,
511 2217 701 2253 fenestram
737 2217 925 2252 adscendit
959 2222 994 2252 et
1022 2218 1199 2263 paululum
1237 2218 1287 2253 ibi
1320 2219 1450 2254 dormi-

0 2308 1 2330 ,
56 2282 162 2317 tando
194 2282 363 2317 decidens
397 2285 600 2328 exspiravit.
650 2283 750 2323 Quod
781 2283 929 2318 audiens
963 2282 1054 2318 Nero
1086 2283 1269 2329 plurimum
1302 2284 1346 2320 de
1372 2287 1449 2330 ejus

57 2351 168 2382 morte
193 2346 305 2381 doluit
329 2352 364 2382 et
386 2350 503 2383 statim
527 2349 632 2383 alium
658 2350 694 2383 in
720 2350 796 2395 ejus
821 2348 972 2384 officium
999 2349 1186 2392 ordinavit,
1211 2350 1340 2386 Paulus
1364 2361 1448 2385 vero

56 2424 120 2458 per
144 2413 304 2458 spiritum
328 2411 398 2448 hoo
420 2422 640 2459 cognoscens
664 2414 752 2449 dixit
776 2414 1010 2456 adstantibus,
1035 2418 1072 2449 ut
1095 2415 1181 2449 illuc
1205 2417 1297 2450 irent
1323 2419 1358 2450 et
1380 2415 1448 2451 Pa-

56 2478 203 2513 troclum
228 2478 392 2514 Caesaris
418 2479 633 2513 carissimum
657 2479 702 2513 ad
727 2490 766 2514 se
791 2479 990 2514 defunctum
1017 2479 1206 2523 afferrent,
1234 2491 1335 2525 quem
1357 2481 1448 2517 alla-

56 2547 128 2578 tum
156 2543 285 2579 Paulus
319 2544 504 2579 suscitavit
538 2546 573 2578 et
606 2543 651 2578 ad
684 2544 870 2579 Gaesarem
899 2555 973 2579 cum
998 2546 1106 2579 sociis
1132 2546 1205 2580 suis
1231 2547 1336 2582 misit.
1380 2547 1446 2588 Qui

57 2618 134 2643 cum
160 2608 204 2644 de
229 2613 339 2645 morte
359 2610 435 2655 eJus
459 2608 718 2651 lamentaretur,
744 2619 825 2644 ecce
849 2608 1033 2644 Patroclus
1061 2612 1180 2646 vivens
1208 2611 1335 2647 adesse
1360 2623 1446 2658 prae

60 2673 194 2709 toribus
233 2676 422 2711 nuntiatur.
470 2674 627 2711 Audiens
670 2674 763 2710 Nero
799 2674 996 2711 Patroclum
1030 2677 1159 2719 vivum,
1198 2688 1298 2725 quem
1340 2678 1444 2724 paulo
