1742 3005
201 119 280 160 176
509 122 602 172 Cap.
637 121 755 159 XLll.
815 121 873 160 De
904 130 1034 160 sancto
1066 123 1284 161 Valentino.

199 224 252 260 llli
277 236 363 271 ergo
391 224 433 259 ad
460 226 604 270 propria
632 224 809 260 redierunt
833 230 867 261 et
888 230 1032 262 sanetus
1053 227 1231 263 Amandus
1257 227 1410 263 evadens
1432 231 1465 263 ct
1483 227 1589 261 inulta

198 290 267 325 alia
292 290 459 325 miracula
485 290 616 325 faciens
641 291 674 325 in
702 300 787 335 pace
814 293 956 337 quievit.
1026 291 1160 328 Floruit
1194 295 1287 328 eirca
1312 303 1436 328 annum
1460 292 1587 328 domini

199 355 333 391 DtILlIl
358 360 513 401 tempore
538 354 679 391 Eraclii.

735 681 862 744 cAP.
906 680 1040 743 xm.

506 781 606 825 De
645 781 868 826 saneto
909 780 1274 827 Valentino.

292 888 499 924 Valentinus
525 888 651 924 dicitur
670 891 770 935 quasi
797 889 951 925 valorem
978 894 1119 933 tenens,
1146 891 1211 926 hoe
1237 896 1307 934 est,
1347 893 1381 926 in
1405 893 1590 927 sanctitate

199 965 443 1001 perseverans.
488 955 551 990 Vel
578 955 704 990 dicitur
718 955 936 998 Valentinus,
965 959 1066 1002 quasi
1093 957 1214 992 valens
1230 961 1321 1002 tyro,
1344 957 1380 992 id
1401 962 1465 1001 est,
1484 952 1590 992 'miles

201 1021 342 1056 Christi.
379 1021 484 1056 Miles
511 1021 636 1056 dicitur
663 1022 796 1064 valens,
824 1023 880 1067 qui
907 1033 1080 1068 nunquam
1106 1022 1242 1065 cecidit,
1269 1022 1408 1069 sortiter
1436 1024 1528 1065 serit,
1552 1033 1590 1058 se

202 1087 358 1122 valenter
382 1086 550 1129 defendit,
575 1092 736 1132 potenter
763 1089 879 1123 vincit.
935 1088 993 1122 Sic
1018 1087 1223 1123 Valentinus
1247 1099 1314 1122 non
1339 1090 1446 1123 cessit
1470 1091 1590 1123 marti-

202 1155 287 1187 rium
312 1152 477 1195 vitando,
513 1155 687 1198 percussit
711 1153 957 1199 ydololatriam
982 1153 1206 1194 evacuando,
1241 1154 1398 1190 defendit
1422 1153 1521 1189 fidem
1554 1156 1588 1197 ¹)

201 1219 476 1261 communiendo,
503 1220 585 1252 vicit
612 1219 792 1264 patiendo.

289 1285 496 1319 Valentinus
520 1284 733 1320 reverendus
759 1283 934 1330 presbiter
965 1284 1050 1326 suit,
1085 1295 1184 1330 quem
1212 1284 1379 1320 Claudius
1403 1286 1592 1330 imperator

202 1351 246 1386 ad
273 1361 311 1386 se
337 1349 463 1384 adduci
491 1349 623 1384 faciens
652 1351 887 1396 interrogavit
919 1349 1057 1384 dicens:
1094 1350 1178 1396 quid
1201 1355 1255 1385 est
1279 1350 1490 1386 Valentine?
1529 1360 1591 1386 cur

202 1418 354 1452 amicitia
378 1420 498 1450 nostra
523 1426 592 1450 nou
618 1416 765 1458 frueris,
803 1420 839 1450 ut
862 1416 957 1451 Deos
985 1420 1126 1450 nostros
1155 1415 1282 1451 adores
1309 1420 1345 1451 et
1369 1417 1591 1462 superstitio-

202 1495 277 1519 nem
302 1488 384 1517 tuae
412 1481 560 1528 abjicias
587 1483 764 1517 vanitatis.
815 1482 1125 1517 Cui‘Valentinus:
1157 1483 1189 1517 si
1214 1484 1365 1529 gratiam
1380 1481 1444 1518 Dei
1468 1484 1590 1523 scires,

202 1551 271 1584 ista
295 1557 514 1594 nequaquam
540 1546 696 1591 diceres,
730 1548 792 1583 sed
819 1547 864 1582 ab
887 1547 1003 1593 5dolis
1027 1549 1176 1582 animum
1201 1558 1387 1583 revocares
1412 1552 1446 1583 et
1469 1548 1589 1585 Deum.

203 1617 260 1661 qui
286 1618 338 1650 est
362 1615 397 1647 in
420 1612 529 1648 coelis
545 1640 553 1651 ,
595 1613 778 1648 adorares,
836 1612 933 1647 Tunc
959 1613 1096 1658 quidam
1113 1641 1121 1655 ‚
1159 1616 1219 1659 qui
1239 1613 1387 1648 Claudio
1412 1613 1590 1653 adstabat.

203 1680 310 1714 dixit:
336 1678 418 1725 quid
445 1680 496 1712 vis
523 1677 652 1721 dicere,
680 1678 886 1716 Valentino.
912 1678 954 1713 de
980 1681 1166 1714 sanctitate
1188 1679 1339 1714 Deorum
1367 1680 1591 1714 nostrorum?

203 1746 266 1780 Cui
290 1745 517 1780 Valentinus:
544 1755 611 1790 ego
639 1745 682 1780 de
705 1746 747 1779 iis
773 1744 822 1778 nil
847 1744 946 1785 dico,
972 1746 1039 1778 nisi
1066 1745 1159 1790 quod
1185 1744 1322 1780 suerunt
1346 1743 1503 1780 homines
1528 1746 1591 1779 mi-

203 1813 274 1847 seri
300 1815 334 1846 et
359 1811 450 1844 omni
475 1810 690 1845 immunditia
715 1810 820 1856 pleni.
867 1809 923 1846 Ad
951 1821 1051 1856 quem
1078 1809 1263 1845 Claudius:
1289 1812 1320 1845 si
1346 1810 1505 1845 Christus
1531 1821 1590 1846 ve-

204 1889 262 1913 rus
287 1878 381 1913 Deus
406 1880 481 1918 est,
516 1886 578 1910 cur
605 1876 687 1911 milii
713 1887 781 1911 non
807 1876 915 1918 dicis,
957 1875 1051 1921 quod
1074 1887 1192 1911 verum
1217 1877 1298 1912 est?
1348 1875 1412 1910 Cui
1434 1875 1591 1910 Valenti-

202 1954 284 1979 nus:
333 1953 415 1978 vere
442 1941 601 1977 Christus
624 1943 720 1977 solus
746 1947 798 1977 est
820 1942 935 1984 Deus,
981 1943 1015 1976 in
1041 1952 1140 1987 quem
1169 1943 1199 1976 si
1224 1941 1437 1984 credideris,
1476 1943 1591 1975 anima

202 2014 261 2043 tua
284 2008 492 2049 salvabitur.
519 2008 718 2054 respublica
745 2007 953 2054 augebitur,
979 2010 1128 2042 omnium
1156 2009 1369 2042 inimicorum
1393 2007 1458 2041 tibi
1481 2009 1590 2041 victo-

203 2078 255 2110 ria
281 2074 502 2110 concedetur.
551 2073 780 2119 Respondeas
805 2078 920 2108 autem
944 2073 1110 2108 Claudius
1135 2072 1356 2108 adstantibus
1383 2072 1488 2107 dixit:
1526 2075 1590 2107 viri

202 2141 347 2176 Romani
372 2139 512 2176 audite.
563 2150 664 2185 qnam
689 2126 928 2186 sapienter-‘et
950 2144 1044 2174 recte
1063 2138 1166 2174 homo
1190 2139 1345 2184 loquitur
1367 2140 1445 2173 iste.
1493 2138 1591 2173 Tunc

202 2206 290 2241 dixit
314 2206 532 2251 praelectus:
557 2205 720 2240 seductus
746 2210 800 2240 est
824 2207 1032 2250 imperator:
1060 2203 1233 2250 quomodo
1256 2203 1470 2240 deseremus.
1499 2204 1590 2249 'quod

203 2272 247 2307 ab
273 2271 421 2306 infantia
448 2272 648 2306 tenuimus?
720 2270 765 2305 Et
787 2275 866 2305 tune
894 2281 955 2305 cor
979 2270 1114 2305 Claudii
1141 2271 1354 2303 imunitatum
1380 2274 1442 2303 est.
1500 2268 1589 2304 Tra-

203 2339 295 2374 ditur
328 2342 444 2372 autem
477 2335 612 2370 cuidam
651 2338 799 2381 principi
833 2338 866 2369 in
902 2336 1095 2370 custodiam
1128 2340 1160 2370 et
1196 2346 1270 2369 cum
1295 2336 1329 2368 in
1353 2333 1488 2368 domum
1514 2336 1590 2380 ejus

204 2405 324 2440 ‹luctns
352 2404 496 2444 suisset,
533 2401 642 2436 dixit:
682 2401 819 2436 domine
843 2401 928 2437 Jesn
953 2401 1112 2438 Christe.
1141 2411 1257 2436 verum
1285 2400 1410 2437 lumen.
1438 2400 1592 2434 illumina

205 2470 338 2504 (lonium
366 2470 489 2504 istam.
524 2472 560 2501 ut
586 2472 618 2502 te
646 2478 761 2502 verum
787 2467 895 2502 Deum
919 2472 1146 2513 cognoscant.
1195 2466 1259 2502 Cui
1283 2467 1502 2511 praelectus:
1528 2467 1589 2500 mi-

207 2546 263 2568 ror
286 2539 318 2570 te
343 2534 525 2575 dicentem,
552 2533 645 2579 quod
674 2533 832 2567 Clu-istus
858 2537 910 2567 est
938 2532 1071 2568 lumen:
1112 2532 1272 2578 equidem
1297 2534 1328 2567 si
1354 2532 1457 2566 liliam
1481 2520 1590 2565 melun

207 2599 263 2632 sliu
288 2609 425 2633 caecam
453 2599 720 2635 illuminaverit.
764 2598 907 2635 saciant,
942 2608 1168 2645 quaecunque
1193 2596 1426 2644 praeceperis.
1495 2594 1592 2630 Tunc

276 2746 300 2771 Ρ
322 2746 389 2771 Rnr,
410 2743 509 2775 legunt
528 2742 770 2769 confitendo.
