1742 3005
283 104 363 142 290
533 103 627 151 Cap.
661 100 798 137 LXlll.
856 99 912 136 De
943 106 1072 135 sancto
1107 99 1219 136 Petro
1259 97 1424 134 martire.

285 219 346 242 ore
375 208 510 240 nefario
538 202 802 244 commemlare,
851 190 1038 247 statimque
1067 206 1139 237 tres
1167 203 1355 237 daemones
1384 201 1573 244 affuerunt,
1620 203 1677 246 qui

285 276 459 308 lucernam
494 279 677 305 accensam
709 270 744 302 in
778 267 946 302 solarium
980 268 1206 312 projicientes
1242 278 1319 302 eum
1345 279 1408 312 per
1432 267 1557 303 collum
1588 268 1676 301 arri-

286 342 434 384 puerunt
467 342 536 371 tam
572 335 710 369 sortiter
736 335 847 378 ipsum
874 335 1109 379 stringentes,
1139 337 1176 366 ut
1200 333 1396 367 nullatenus
1423 334 1519 378 loqui
1546 337 1676 378 posset.

287 405 394 445 Quem
423 413 498 437 eum
524 401 708 447 plurimum
734 402 924 446 agitarent,
952 400 1011 444 qui
1036 403 1136 433 erant
1161 400 1194 432 in
1220 398 1321 432 domo
1342 398 1512 441 inferiori,
1538 398 1581 432 ad
1603 409 1678 433 eum

288 468 543 505 adscendentes
580 467 761 502 dixerunt:
797 465 880 511 quid
918 469 990 506 est,
1028 463 1121 510 quod
1153 465 1232 509 agis
1257 463 1384 499 Roha?
1434 464 1566 504 Quibus
1593 464 1677 499 dae-

289 546 408 571 mones
444 532 721 579 responderunt:
760 534 806 567 ite
843 533 875 565 in
911 540 998 576 pace
1030 533 1149 564 vestra
1183 535 1217 565 et
1242 530 1353 565 lectos
1379 534 1517 564 vestros
1541 531 1678 564 intrate.

289 603 343 638 llli
375 606 490 636 autem
521 610 641 634 vocem
677 609 756 633 esse
791 597 974 632 credentes
1007 594 1181 641 praedicti
1215 597 1280 630 viri
1306 597 1465 640 protinus
1490 595 1679 630 redierunt.

287 669 360 703 lllis
387 665 633 702 recedentibus
660 665 776 708 eoepit
801 663 907 696 multo
935 663 1060 696 fortius
1088 672 1109 696 a
1136 661 1364 696 daemonibus
1390 663 1532 708 agitari.
1583 660 1681 701 Quod

290 734 342 768 illi
378 734 631 777 cognoscentes
664 728 884 763 sacerdotem
919 729 1078 772 protinus
1105 727 1384 769 advocaverunt,
1423 728 1481 773 qui
1513 737 1587 761 eum
1621 737 1684 771 per

292 800 430 834 beatum
464 796 602 831 Petrum
635 793 825 828 daemones
861 792 1083 837 adjurasset,
1120 792 1187 826 duo
1215 794 1373 837 protinus
1401 794 1570 827 exierunt.
1620 792 1684 826 Se-

292 865 411 909 quenti
443 866 557 896 autem
591 860 646 894 die
682 859 727 893 ad
762 857 986 903 sepulchrum
1029 861 1143 891 saneti
1175 858 1270 892 Petri
1307 857 1480 892 adductus
1521 860 1595 898 est,
1639 857 1684 891 ad

292 940 392 975 quem
416 928 527 961 frater
554 924 768 960 Guilhelmus
795 924 1030 959 Vercellensis
1065 923 1236 958 accedens
1263 925 1380 968 eoepit
1404 923 1605 958 daemonem
1632 924 1685 957 in-

292 1004 458 1039 crepare,
508 993 567 1037 qui
601 1002 699 1033 eum,
736 1001 836 1035 quem
869 1000 1042 1034 nunquam
1081 989 1235 1031 viderat,
1275 991 1413 1024 nomine
1454 999 1582 1023 vocans
1620 991 1686 1023 ait:

294 1061 403 1094 frater
425 1057 619 1092 Guillielme
637 1067 699 1100 pro
720 1060 754 1090 te
783 1065 955 1100 nunquam
983 1056 1098 1098 exibo⁷
1126 1057 1208 1100 quia
1234 1055 1291 1089 hie
1316 1060 1436 1090 noster
1460 1061 1513 1090 est
1531 1060 1564 1091 et
1580 1066 1689 1100 opera

293 1128 413 1159 nostra
440 1123 534 1157 feeit.
585 1122 690 1160 Quem
716 1131 791 1154 eum
816 1122 1094 1166 interrogasset,
1121 1132 1188 1166 quo
1213 1123 1350 1156 nemine
1378 1126 1587 1165 vocaretur,
1619 1123 1687 1155 ait:

295 1200 401 1225 vocor
433 1187 608 1222 Balcesas.
667 1185 910 1220 Verumtamen
941 1196 1015 1220 eum
1055 1196 1117 1230 per
1147 1185 1301 1230 *beatum
1334 1187 1472 1222 Petrum
1506 1187 1688 1234 adjuratus

295 1257 441 1296 fuisset,
476 1254 587 1297 ipsum
624 1253 774 1287 interra
799 1252 993 1296 projiciens
1020 1262 1100 1285 mox
1125 1252 1252 1294 exivit,
1291 1253 1367 1296 ipse
1394 1257 1507 1287 autem
1532 1254 1689 1298 per-seete.

294 1331 400 1355 sanus
427 1319 595 1353 remansit
622 1323 655 1353 et
680 1319 931 1362 poenitentiarii
958 1316 1146 1351 salutarem
1173 1319 1373 1362 accepit.—-
1389 1339 1426 1344 —<
1442 1340 1485 1344 —
1510 1322 1587 1357 23,
1608 1318 1689 1353 Cum

297 1389 330 1420 in
354 1385 472 1421 Ramis
498 1385 701 1429 palmarum,
737 1383 814 1417 dum
843 1383 958 1416 adhue
984 1384 1136 1425 viveret,
1171 1383 1367 1418 Mediolani
1400 1384 1623 1430 praedicaret
1657 1389 1690 1420 et

297 1453 345 1487 ibi
373 1454 554 1496 utriusque
581 1460 686 1484 sexus
711 1442 807 1484 esset
832 1450 981 1483 maxima
1006 1450 1202 1489 multitudo,
1231 1450 1318 1484 dixit
1336 1451 1474 1495 publice
1494 1451 1567 1485 alta
1587 1461 1689 1486 voce:

296 1520 370 1553 scio
398 1529 461 1562 pro
489 1522 598 1559 certe,
627 1515 720 1561 quod
744 1515 913 1550 haeretici
938 1520 1091 1549 tractant
1118 1521 1261 1551 mortem
1287 1527 1408 1558 meam,
1437 1518 1485 1551 ita
1512 1517 1603 1562 quod
1627 1527 1691 1561 pro

298 1587 407 1617 morte
433 1592 510 1615 mea
531 1582 603 1626 ,iam
634 1583 783 1625 pecunia
809 1582 891 1616 data
919 1585 993 1623 est,
1043 1581 1106 1615 sed
1138 1581 1289 1625 faciunt,
1329 1582 1498 1628 quidquid
1532 1586 1691 1628 possunt,

298 1650 380 1694 quia
406 1649 518 1692 magis
543 1657 738 1692 persequar
763 1657 823 1680 eos
848 1651 1005 1680 mortuus
1029 1657 1130 1692 quam
1158 1649 1267 1682 vivus.
1318 1648 1416 1687 Quod
1440 1660 1555 1683 verum
1582 1649 1692 1683 fuisse

300 1714 520 1748 manifestum
547 1717 610 1747 est.
636 1733 679 1737 —
703 1732 746 1736 -—
769 1732 811 1737 -—
854 1715 934 1748 ⁴24.
962 1712 1062 1755 Apud
1090 1712 1301 1747 Florentiam
1331 1715 1365 1747 in
1391 1716 1605 1750 monasterio
1630 1714 1692 1748 Di-

298 1780 443 1824 scipulis
481 1778 756 1813 sanctimonialis
795 1777 965 1822 quaedam
1012 1780 1045 1812 in
1084 1780 1243 1812 oratione
1277 1781 1395 1822 posita
1429 1790 1471 1814 ea
1505 1781 1583 1822 (lie,
1625 1789 1693 1824 qua

299 1846 423 1880 beatus
449 1845 572 1880 Petrus
598 1848 741 1878 mortem
769 1845 954 1885 sustinuit,
991 1844 1076 1878 vidit
1108 1844 1247 1878 beatam
1281 1846 1450 1887 virginem
1489 1847 1522 1878 in
1550 1844 1692 1879 excelso

299 1911 426 1946 throno
462 1913 496 1944 in
531 1910 648 1955 gloria
682 1909 839 1944 residere
869 1914 901 1943 et
928 1909 1014 1943 duos
1040 1910 1166 1944 l'ratres
1197 1909 1239 1943 de
1265 1910 1387 1944 ordine
1413 1911 1692 1954 praedicatorum

301 1979 335 2011 in
360 1977 493 2011 eoelum
519 1975 738 2009 adscendere
777 1980 809 2009 et
846 1975 925 2009 hine
957 1975 1037 2009 inde
1062 1976 1165 2020 juxta
1193 1986 1267 2008 cam
1294 1975 1487 2009 collocatos
1513 1985 1604 2009 esse.
1652 1974 1695 2009 Et

301 2053 403 2087 quum
426 2043 637 2086 inquireret,
673 2042 811 2086 (prinam
843 2044 982 2082 essent,
1018 2041 1152 2075 audivit
1177 2051 1296 2075 vocem
1322 2040 1493 2075 dicentem
1520 2041 1606 2074 sihi:
1640 2040 1695 2074 liic

302 2112 357 2143 est
380 2108 489 2141 l'rater
514 2107 657 2149 Petrus,
684 2107 742 2151 qui
777 2108 811 2140 in
840 2111 1031 2151 conspeetu
1059 2106 1189 2140 domini
1212 2111 1385 2151 tamquam
1410 2107 1522 2140 sumus
1556 2116 1694 2140 aroma-

302 2178 371 2208 tum
400 2166 579 2219 gloriosus
608 2172 801 2207 adscendit.
850 2172 1107 2217 Repertumque
1141 2176 1195 2206 est
1219 2183 1281 2216 pro
1309 2176 1428 2213 certe,
1455 2171 1546 2216 quod
1573 2170 1696 2206 eodem

304 2238 360 2273 die
386 2243 529 2272 mortem
555 2238 683 2276 subiit,
720 2247 788 2281 qua
813 2237 907 2271 dicta
942 2236 1218 2270 sanctimonialis
1252 2238 1420 2271 visionem
1456 2236 1552 2270 vidit.
1601 2235 1696 2271 Unde

302 2315 378 2339 cum
404 2304 512 2349 longa
540 2308 574 2337 et
600 2304 701 2348 gravi
729 2303 924 2337 infirmitate
950 2302 1149 2344 laboraret,
1176 2302 1220 2336 ad
1246 2302 1438 2348 rogandum
1464 2301 1602 2336 beatum
1629 2301 1696 2337 Pe-

304 2376 392 2404 trum
416 2374 492 2403 tota
516 2380 554 2403 se
580 2368 766 2402 devotione
801 2367 947 2401 contulit
973 2372 1007 2402 et
1039 2369 1223 2403 sanitatem
1250 2370 1420 2413 integram
1448 2379 1527 2402 mox
1551 2368 1696 2412 recepit.

305 2457 348 2462 »ἢ
372 2457 415 2460 μ-
439 2455 484 2460 —
529 2436 609 2471 25.
643 2433 824 2467 Scholaris
858 2434 997 2479 quidam
1039 2444 1112 2467 cum
1151 2434 1193 2468 de
1229 2433 1423 2479 Mag-alana
1446 2433 1506 2478 *ad
1541 2433 1694 2468 Mentem

305 2501 531 2536 pessulanum
558 2500 707 2542 rediret,
743 2510 786 2534 ex
821 2499 969 2544 quodam
1003 2499 1095 2533 saltu
1130 2499 1222 2534 adeo
1256 2504 1310 2534 est
1335 2503 1457 2545 ruptus
1484 2498 1696 2542 ininguine,

306 2570 342 2599 ut
379 2567 500 2601 dolore
533 2567 635 2600 nimis
672 2570 861 2600 vexaretur
887 2569 920 2598 et
950 2565 1110 2600 incedere
1136 2576 1205 2600 non
1229 2565 1374 2600 valeret.
1422 2563 1483 2597 Hie
1507 2562 1695 2607 aliquando

305 2630 450 2664 audiens
486 2631 713 2675 praedicare,
749 2630 841 2676 quod
880 2631 1049 2676 quaedam
1087 2631 1212 2665 mulier
1244 2635 1370 2665 terram
1404 2630 1575 2673 sanguine
1600 2628 1697 2663 beati

305 2694 397 2730 Petri
432 2705 628 2739 respersam
663 2706 770 2740 super
804 2697 923 2731 cancri
962 2697 1199 2730 corrosionem
1232 2704 1365 2738 ponens
1394 2693 1507 2729 suerat
1534 2694 1693 2738 liberata,
