1742 3005
215 132 297 171 234
539 131 634 181 Cap.
665 128 767 166 Ltlt.
826 126 885 166 De
915 129 1094 179 passione
1124 126 1280 165 domini.

214 246 383 283 praesens
411 237 518 276 esset,
543 232 591 267 nil
617 234 649 267 ei
675 233 793 277 asperi
816 230 912 277 loqui
941 236 1074 277 posset.
1121 231 1280 267 Tandem
1304 230 1421 266 divino
1446 234 1530 265 nutu
1550 231 1605 266 vel

215 303 305 336 sorte
331 301 481 345 alicujus
514 298 699 333 christiani
725 308 831 332 suasu
859 298 973 342 ipsum
1005 297 1068 331 illa
1089 299 1209 332 tunica
1242 297 1434 342 exspoliari
1459 296 1543 331 feeit
1569 301 1604 331 et

215 370 337 401 contra
360 365 455 399 illum
478 365 660 409 pristinam
677 364 783 398 animi
803 363 1023 397 ferocitatem
1040 364 1213 404 resumsit,
1239 373 1382 406 cumque
1397 361 1439 396 de
1454 361 1521 397 hoc
1538 362 1601 396 im-

212 435 356 476 perator
378 430 560 475 plurimum
587 430 780 470 miraretur,
807 428 935 462 dictum
963 432 1016 462 est
1041 427 1122 469 sibi,
1149 426 1241 472 quod
1260 426 1319 460 illa
1337 428 1455 461 tunica
1475 427 1602 461 suisset

214 496 344 531 domini
368 495 462 531 Jesu.
504 495 603 529 Tunc
629 496 820 540 imperator
840 495 951 538 ipsum
978 495 1013 527 in
1041 503 1183 527 earcere
1214 493 1324 536 recipi
1344 492 1464 536 jussit,
1490 492 1601 527 donec

211 563 407 607 sapientum
434 561 582 596 consilio
605 561 830 601 deliberaret,
861 559 943 605 quid
965 559 1008 594 de
1035 570 1075 594 eo
1099 559 1173 593 fieri
1197 561 1386 602 oporteret.
1434 558 1524 592 Data
1549 562 1602 592 est

212 628 322 673 igitur
340 629 373 661 in
387 627 544 672 Pylatum
561 628 746 669 sententia,
773 630 809 659 ut
835 630 945 659 morte
960 625 1164 669 turpissima
1188 623 1420 658 damnaretur.
1442 622 1600 657 Audiens

208 693 275 727 hoc
289 692 428 737 Pylatus
445 692 584 726 cultello
600 693 743 737 proprio
758 702 796 726 se
816 692 956 725 necavit
971 694 1004 725 et
1020 689 1083 723 tali
1107 693 1216 723 morte
1233 690 1337 722 vitam
1356 688 1474 723 finivit.
1505 688 1598 734 Cog-

208 759 281 792 nita
310 758 441 791 Caesar
465 761 575 791 morte
600 757 712 800 P3·lati
737 756 844 790 dixit:
881 766 962 790 vere
987 759 1141 788 mortuus
1172 758 1225 788 est
1251 758 1360 788 morte
1384 755 1599 798 turpissima,

208 824 263 856 cui
288 832 408 855 manus
435 823 581 866 propria
614 832 683 855 non
716 823 884 866 pepercit.
943 819 1032 854 Moli
1067 820 1175 864 igitur
1206 820 1341 864 ingenti
1374 819 1541 864 alligatur
1565 823 1599 854 et

207 889 242 921 in
267 887 431 932 Tyberim
456 886 584 921 flumen
609 888 834 932 immergitur,
856 887 999 931 spiritus
1026 894 1108 918 vero
1134 883 1279 929 maligni
1303 888 1337 918 et
1360 884 1493 918 sordidi
1519 896 1597 919 cor-

205 954 284 998 pori
308 953 463 998 maligno
491 957 524 987 et
545 952 688 986 sordido
716 951 978 998 congaudentes
1007 955 1041 986 et
1065 960 1153 984 nunc
1178 951 1212 983 in
1231 951 1330 995 aquis
1356 962 1445 985 nuno
1464 952 1497 985 in
1516 955 1596 986 aere

206 1019 384 1063 rapientes
403 1017 582 1052 mirabiles
599 1017 843 1052 inundationes
859 1019 894 1051 in
912 1019 1012 1062 aquis
1030 1015 1216 1050 movebant
1241 1020 1274 1050 et
1289 1015 1441 1062 fulgura,
1461 1021 1595 1061 tempe-

205 1088 336 1125 states,
363 1085 517 1117 tonitrua
542 1088 575 1118 et
602 1083 792 1129 grandines
819 1084 854 1116 in
878 1086 959 1117 aere
984 1081 1191 1116 terribiliter
1215 1081 1451 1127 generabant,
1487 1083 1535 1118 ita
1560 1089 1597 1119 ut

205 1151 319 1184 cuncti
343 1150 466 1183 timore
492 1148 655 1183 horribili
680 1153 893 1184 tenerentur.
952 1148 1174 1194 Quapropter
1197 1147 1343 1184 Romani
1378 1159 1452 1184 euin
1478 1160 1499 1184 a
1522 1150 1593 1196 Ty-

203 1215 298 1251 beris
325 1215 430 1249 fluvio
452 1214 676 1249 extrahentes
703 1214 892 1249 derisionis
922 1225 1029 1250 causa
1047 1218 1156 1259 ipsum
1190 1215 1399 1259 1)Vieniiam
1425 1216 1592 1260 deporta—

202 1285 325 1317 verunt
351 1285 383 1316 et
407 1280 577 1316 Rhodano
612 1281 716 1315 fluvio
739 1282 991 1316 immerserunt.
1049 1280 1183 1315 Vienna
1214 1282 1301 1315 enim
1338 1281 1465 1315 dicitur
1492 1284 1593 1327 quasi

203 1348 260 1382 via
287 1346 488 1388 Gehennae,
516 1349 597 1392 quia
624 1351 699 1382 erat
723 1352 804 1381 tunc
826 1346 925 1380 locus
950 1345 1219 1388 maledictionis,
1246 1347 1301 1380 vel
1326 1349 1442 1391 potius
1465 1347 1594 1382 dieitur

200 1412 335 1447 Bienna
361 1423 402 1447 eo
429 1412 533 1458 quod,
561 1417 597 1447 ut
624 1412 760 1454 dicitur,
788 1412 930 1446 biennio
959 1413 1004 1446 sit
1028 1415 1228 1446 constructa
1274 1412 1345 1446 Sed
1370 1412 1419 1446 ibi
1444 1424 1590 1458 nequam

200 1480 344 1524 spiritus
370 1490 439 1513 non
467 1477 671 1519 defuerunt,
697 1478 827 1513 ibidem
853 1478 975 1513 eadem
1001 1482 1208 1523 operanteS,
1246 1476 1403 1513 homines
1430 1490 1514 1524 ergo
1541 1479 1590 1512 illi

197 1549 327 1579 tautam
355 1544 615 1579 infestationem
643 1544 847 1580 daemonum
870 1556 938 1578 non
963 1544 1116 1579 serentes
1141 1554 1201 1578 vas
1230 1543 1316 1578 illud
1336 1544 1591 1579 maledictionis

199 1621 221 1645 a
248 1620 286 1645 se
317 1615 537 1645 removerunt
575 1615 609 1644 et
635 1610 721 1644 illud
755 1609 993 1655 sepeliendum
1018 1609 1205 1644 Losannae
1237 1611 1388 1643 civitatis
1412 1611 1590 1644 territorio

198 1678 454 1711 commiserunt.
515 1675 580 1715 Qui
620 1685 695 1709 eum
732 1676 834 1708 nimis
869 1675 1041 1719 praefatis
1074 1675 1358 1709 infestationibus
1395 1685 1588 1721 gravaren-

196 1747 262 1784 tur,
290 1743 401 1786 ipsum
435 1751 456 1775 a
480 1751 518 1775 se
546 1744 765 1775 removerunt
791 1744 825 1774 et
857 1741 892 1773 in
921 1739 1069 1785 quodam
1106 1745 1210 1784 puteo
1245 1740 1419 1775 montibus
1444 1742 1588 1775 circum-

197 1812 298 1851 septo
325 1808 578 1844 immerserunt,
604 1806 663 1840 ubi
691 1805 805 1840 adhuc
825 1805 994 1839 relatione
1020 1806 1233 1850 quorundam
1257 1806 1427 1850 quaedam
1453 1806 1587 1851 dyabo-

196 1872 286 1906 licae
311 1872 586 1906 machinationes
624 1871 771 1906 ebullire
807 1871 978 1905 videntur.
1038 1870 1222 1915 Hucusque
1257 1872 1290 1903 in
1324 1871 1506 1914 praedicta
1531 1871 1586 1904 hi—

196 1940 307 1973 storia
333 1938 534 1983 apocrypha
559 1938 732 1979 leguntur.
784 1936 879 1976 Quae
904 1941 1017 1970 utrum
1042 1935 1221 1970 recitanda
1246 1937 1336 1977 sint,
1362 1935 1505 1970 lectoris
1526 1937 1585 1980 ju-

197 2004 287 2038 dicio
314 2004 539 2048 relinquatur.
582 2002 673 2036 Nota
696 2008 822 2043 tamen,
848 2001 940 2047 quod
967 2003 1000 2035 in
1027 2001 1184 2046 hystoria
1209 2000 1420 2035 scholastica
1444 2001 1586 2045 legitur,

196 2070 288 2115 quod
316 2068 459 2113 Pilatus
489 2079 508 2103 a
533 2068 678 2103 Judaeis
713 2072 898 2102 aecusatus
937 2072 989 2101 est
1015 2067 1108 2111 apud
1137 2066 1326 2111 T3berium
1362 2066 1405 2100 de
1432 2067 1586 2101 violenta

196 2135 424 2169 innocentium
440 2134 683 2168 intersectione
704 2137 737 2167 et
756 2118 990 2178 (111i21Judaeis
1012 2131 1280 2167 reclamantibus
1308 2133 1477 2177 imagines
1497 2143 1584 2177 gen-

193 2201 304 2234 tilium
327 2201 361 2233 in
386 2199 513 2243 templo
541 2198 695 2243 ponebat
721 2203 753 2232 et
779 2201 861 2243 quia
887 2200 1066 2243 pecuniam
1093 2199 1281 2241 repositam
1305 2198 1584 2241 inco1·1›ananr2)

196 2267 228 2299 in
254 2275 337 2299 suos
364 2265 543 2309 redigeret
566 2274 670 2305 usus,
709 2263 789 2299 inde
821 2265 956 2298 faciens
983 2262 1237 2308 aquaeductum
1264 2264 1299 2296 in
1327 2262 1462 2296 domum
1488 2272 1584 2296 suam

196 2335 229 2365 et
255 2341 317 2375 pro
346 2329 401 2363 his
426 2329 584 2362 omnibus
611 2329 816 2373 deportatus
845 2334 898 2363 est
924 2331 957 2362 in
983 2328 1122 2363 exilium
1148 2327 1368 2372 Lugdunum,
1394 2327 1485 2362 unde
1510 2329 1582 2361 ori-

193 2395 305 2429 undus
331 2394 464 2430 suerat,
505 2397 542 2427 ut
567 2393 614 2427 ibi
642 2395 674 2427 in
701 2394 925 2439 opprobrium
953 2395 1068 2438 gentis
1097 2404 1182 2427 suae
1215 2398 1419 2427 moreretur.
1468 2393 1585 2428 Potuit

196 2471 295 2501 esse,
333 2461 362 2493 si
396 2464 510 2493 tamen
545 2459 605 2493 illa
639 2459 797 2504 hystoria
829 2461 984 2494 continet
1015 2460 1217 2499 veritatem,
1261 2460 1343 2503 quia
1369 2461 1478 2503 primo
1508 2459 1581 2503 jam

195 2525 341 2558 edietum
369 2523 534 2566 dederat,
563 2529 599 2558 nt
624 2524 831 2569 Lugdunum
855 2526 927 2570 jam
958 2526 990 2558 in
1018 2524 1177 2559 exsilium
1203 2528 1402 2568 portaretur
1429 2528 1461 2558 et
1488 2522 1578 2567 quod

194 2593 273 2621 ante
301 2590 534 2623 reversionem
567 2589 748 2624 Volusiani
783 2589 826 2625 ad
865 2592 1106 2635 imperatorem
1121 2589 1156 2633 ³)
1195 2588 1242 2622 ibi
1267 2589 1332 2624 suit
1363 2589 1578 2632 deportatus.

263 2686 289 2719 Ι)
323 2686 398 2712 Atii:
419 2688 640 2718 vigs-unam,
728 2691 757 2723 2)
776 2690 835 2717 Atii
855 2690 971 2723 legunt:
991 2690 1080 2718 corb
1092 2698 1209 2716 onam.
1313 2688 1342 2720 3)
1361 2689 1580 2721 ¹¹⁴’l’¹¹l¹¹t¹¹S

194 2729 277 2756 ..dalit
299 2729 375 2756 male
398 2729 449 2756 l-Jcl.
469 2735 512 2757 t'r.
