1742 3005
402 90 503 141 Cap.
524 88 700 126 LXXIII.
757 88 815 126 De
846 93 976 124 sancto
1008 84 1157 136 spiritu.
1396 80 1473 119 331

87 195 168 231 ldeo
205 197 319 230 autem
353 196 388 230 ln
422 195 480 230 die
514 194 805 241 quinquagesimo
837 195 965 228 missus
992 195 1068 235 est,
1102 194 1140 225 ut
1177 189 1278 224 detur
1311 187 1477 233 intelligi,

87 262 249 306 quoniam
281 271 303 295 a
337 263 464 307 spiritu
490 265 613 295 sancto
641 263 695 295 est
718 259 810 306 legis
839 260 1033 304 perfectio,
1067 263 1210 294 aeterna
1244 256 1476 292 remuneratio

84 331 120 362 et
143 331 365 371 peccatorum
390 328 563 362 remissio.
611 326 721 370 Legis
748 324 938 370 perfectio,
974 324 1134 368 quoniam
1160 324 1346 360 secundum
1375 323 1477 358 Glos-

84 402 159 427 sam
195 403 216 427 a
252 392 309 428 die
343 395 427 439 agni
460 392 715 438 praeimmolati
751 389 1042 435 quinquagesimo
1078 384 1134 418 die
1171 383 1253 417 data
1277 386 1331 417 est
1356 381 1414 416 lex
1443 382 1477 415 in

83 459 167 504 igne
180 485 188 501 ,
217 460 253 492 in
278 457 376 493 Novo
404 460 509 493 etiam
526 458 752 492 Testamento
772 453 1062 500 quiuquagesimo
1082 449 1137 484 die
1153 459 1173 483 a
1192 449 1327 493 pascha
1348 449 1479 484 Christi

85 523 268 558 descendit
293 525 438 569 spiritus
464 525 497 557 in
523 524 629 568 igne,
662 521 720 555 lex
753 521 788 554 in
813 520 927 553 monte
960 516 1094 560 Synay,
1125 516 1272 560 spiritus
1303 516 1337 549 in
1361 521 1478 551 monte

85 589 200 634 Syon,
229 590 286 625 lex
318 590 352 623 in
387 588 546 623 sublimiS
582 587 709 621 montis
743 584 848 626 Ioco,
886 583 1031 627 spiritus
1064 581 1166 616 datus
1201 582 1236 615 in
1273 582 1477 623 coenaculo,

84 654 174 690 unde
199 665 264 699 per
289 654 355 688 hoc
380 655 596 695 insinuatur,
634 650 728 698 quod
761 652 838 695 ipse
870 651 1017 695 spiritus
1051 652 1194 683 sanctus
1228 652 1282 683 est
1306 649 1479 693 perfectio

83 721 191 754 totius
217 719 332 765 legis,
372 721 456 766 quia
488 718 670 764 plenitudo
704 717 821 762 legum
852 720 906 751 est
942 714 1098 749 dilectio.
1148 714 1309 750 Secundo
1334 720 1480 750 aeterna

83 787 340 829 remuneratio,
380 785 472 820 unde
506 784 652 819 Glossa:
684 784 775 817 sicut
810 782 1047 828 quadraginta
1083 780 1184 824 dies,
1235 782 1362 826 quibus
1397 788 1479 827 post

83 853 378 887 resurrectionem
402 862 477 886 cum
504 850 688 896 discipulis
711 853 938 883 conversatus
967 852 1031 890 est,
1056 853 1275 892 praesentem
1293 850 1479 884 ecclesiam

83 916 292 963 designant,
333 919 381 952 ita
417 918 729 963 quinquagesimus
755 914 853 956 dies,
897 924 965 958 quo
1003 915 1148 958 spiritus
1187 918 1330 949 sanctus
1364 915 1479 959 datur,

84 981 262 1016 denarium
289 987 457 1018 aeternae
484 982 774 1017 remunerationis
801 981 974 1025 exprimit.
1023 979 1148 1014 Tertio
1176 986 1396 1024 peccatorum
1423 994 1479 1017 re—

83 1049 226 1091 missio,
258 1048 350 1084 unde
387 1048 515 1083 Glossa
548 1047 698 1082 ibidem:
734 1046 816 1081 ideo
855 1047 887 1080 in
929 1047 1222 1092 quinquagesimo
1247 1057 1336 1081 anno
1365 1048 1478 1082 indul-

84 1116 206 1159 gentia
231 1114 338 1150 fiebat
362 1116 395 1149 in
417 1114 579 1160 jubilaeo
612 1118 647 1148 et
671 1124 735 1158 per
760 1115 919 1158 spiritum
944 1117 1100 1146 sanetum
1128 1117 1274 1158 peecata
1299 1115 1479 1148 remittun-

82 1183 158 1222 tur3
186 1184 220 1215 et
245 1182 404 1226 sequitur
428 1182 464 1214 in
489 1180 636 1215 Glossa:
662 1182 696 1214 in
722 1179 897 1224 spirituali
919 1178 1080 1224 jubilaeo
1107 1181 1159 1214 rei
1185 1180 1388 1225 solvuntur,
1416 1181 1477 1216 de-

84 1245 158 1279 bita
184 1245 420 1289 dimittuntur,
455 1247 577 1282 exules
608 1249 642 1281 in
677 1248 826 1291 patriam
859 1251 1089 1288 revocantur,
1136 1245 1317 1281 hereditas
1349 1249 1481 1282 amissa

87 1310 256 1355 redditur,
283 1315 389 1355 servi,
414 1312 450 1347 id
475 1318 529 1347 est
552 1312 710 1347 homines
736 1316 883 1356 pec-cato
909 1311 1110 1345 venumdati
1135 1322 1156 1346 a
1178 1314 1269 1357 jugo
1300 1315 1480 1348 servitutis

86 1376 290 1413 liberantur.
339 1378 524 1424 Hucusque
562 1378 700 1413 Glossa.
749 1378 813 1413 Rei
849 1379 970 1412 mortis
1003 1377 1187 1412 solvuntur
1214 1383 1247 1412 et
1272 1378 1479 1423 liberantur,

85 1442 178 1477 unde
202 1441 301 1479 Rom.
326 1443 420 1479 VIII:
455 1444 512 1479 lex
548 1445 693 1489 spiritns
727 1445 819 1479 vitae
847 1446 881 1478 in
909 1443 1050 1478 Christo
1086 1444 1251 1478 liberavit
1275 1456 1328 1479 me
1354 1456 1375 1479 a
1398 1446 1480 1491 lege

87 1510 223 1552 peceati
266 1514 300 1544 et
345 1511 479 1545 mortis.
528 1510 656 1546 Debita
690 1514 913 1554 peecatorum
949 1509 1186 1551 dimittuntur,
1227 1511 1310 1555 quia
1350 1513 1480 1546 caritas

88 1577 204 1620 operit
237 1575 493 1611 multitudinem
525 1580 759 1622 peccatorum.
816 1573 946 1609 Exules
987 1576 1022 1608 in
1063 1576 1212 1620 patriam
1254 1582 1479 1621 revocantur,

86 1641 233 1685 psalm:
265 1643 410 1686 spiritus
435 1638 515 1677 tuus
541 1642 654 1677 bonus
681 1641 829 1677 deducet
853 1652 906 1676 me
930 1643 965 1676 in
990 1646 1118 1677 terram
1144 1648 1285 1677 rectam.
1334 1643 1481 1679 Heredi-

87 1710 142 1741 tas
177 1708 308 1742 amissa
331 1708 510 1751 redditur,
534 1708 640 1744 Rom.
669 1707 762 1744 VIII:
801 1709 877 1754 ipse
913 1710 1059 1754 spiritus
1094 1711 1330 1744 testimonium
1365 1710 1482 1745 reddit

88 1774 227 1817 spiritui
261 1778 405 1816 nostro,
441 1774 534 1820 quod
569 1785 687 1809 sumus
724 1775 786 1809 lilii
813 1761 889 1810 D-ei.
939 1775 976 1809 Si
1001 1779 1115 1809 antem
1142 1775 1223 1818 lilii,
1258 1780 1292 1811 et
1317 1776 1479 1812 heredes.

88 1838 190 1873 Servi
212 1849 235 1873 a
258 1844 406 1885 peccato
430 1840 640 1885 liberantur,
663 1841 705 1876 ΙΙ.
735 1842 815 1877 Cor.
839 1841 907 1876 IV:
938 1841 998 1876 ubi
1023 1843 1168 1886 spiritus
1194 1841 1336 1885 domitii,
1364 1843 1412 1897 ibi
1436 1844 1480 1878 li-

46 1904 220 1953 Vrsslrhertas.
269 1905 374 1942 Circa
420 1911 599 1953 quartum,
642 1907 780 1943 seilicet
822 1909 985 1954 quotiens
1030 1908 1204 1952 apostolis
1247 1911 1374 1944 missus
1417 1915 1483 1954 est,

89 1971 267 2006 sciendum
296 1976 367 2015 est,
396 1973 488 2018 quod
514 1973 702 2008 secundum
729 1973 890 2008 Glossam
914 1974 1027 2008 tribus
1053 1973 1188 2008 vicibus
1212 1976 1256 2009 iis
1284 1976 1386 2010 datus
1417 1981 1484 2020 est,

89 2036 227 2071 scilieet
251 2041 333 2072 ante
358 2039 560 2082 passionem
575 2065 583 2081 ‚
610 2044 692 2083 post
719 2042 1012 2075 resurrectionem
1041 2045 1075 2076 et
1099 2045 1180 2086 post
1203 2041 1481 2076 adscensionem.

89 2101 203 2136 Primo
230 2102 275 2136 ad
301 2102 496 2137 faciendum
522 2104 701 2147 miracula,
727 2105 881 2139 seeundo
908 2106 953 2140 ad
978 2106 1204 2140 relaxandum
1228 2111 1385 2150 peccata,
1411 2111 1483 2141 ter-

89 2169 140 2203 tio
165 2168 212 2203 ad
245 2168 515 2204 confirmandum
550 2170 669 2205 corda.
718 2170 833 2205 Primo
864 2172 1026 2216 quoniam
1052 2182 1112 2206 eos
1140 2171 1186 2206 ad
1212 2172 1484 2216 praedicandum

91 2236 185 2268 misit
202 2238 237 2270 et
253 2245 359 2280 super
385 2237 500 2270 omnia
525 2236 711 2270 daemonia
738 2240 772 2270 et
795 2243 832 2270 ut
854 2236 1047 2283 languores
1074 2241 1248 2279 curarent,
1275 2243 1484 2283 potestatem

91 2299 189 2334 dedit
216 2301 272 2335 iis.
319 2300 414 2336 Haec
439 2303 528 2336 enim
552 2302 725 2337 miracula
758 2313 823 2348 per
856 2304 1016 2348 spiritum
1041 2308 1195 2338 sanctum
1221 2303 1324 2347 fiunt,
1358 2315 1484 2339 secun-

93 2365 172 2399 dum
200 2365 292 2411 quod
317 2365 445 2400 dieitur
468 2366 580 2402 Math.
604 2367 688 2402 XII:
714 2370 745 2402 si
771 2373 884 2404 autem
909 2370 945 2402 in
968 2370 1094 2413 spiritu
1118 2369 1184 2404 Dei
1209 2370 1314 2414 ejicio
1340 2369 1485 2404 daemo-

92 2433 151 2465 nia
178 2435 242 2466 ete.
290 2430 367 2465 Non
391 2436 507 2466 tamen
531 2442 751 2478 consequens
780 2438 855 2475 est,
891 2438 929 2467 ut
962 2436 1160 2479 quicunque
1192 2435 1301 2469 habet
1325 2437 1486 2480 spiritum

93 2501 274 2540 sanctum,
309 2497 418 2532 faeiat
439 2497 631 2539 miracula,
669 2500 832 2543 quoniam
864 2500 956 2533 sicut
990 2499 1184 2546 Gregorius
1217 2502 1287 2544 ait,
1318 2503 1486 2537 miracula

93 2562 266 2598 hominem
291 2568 448 2598 sanctum
474 2574 544 2598 non
569 2562 721 2606 faciunt,
756 2563 819 2598 sed
843 2565 1052 2608 ostendunt,
1086 2576 1153 2600 nec
1182 2567 1377 2613 quicunque
1400 2568 1486 2608 facit

94 2628 280 2672 miracula,
305 2628 413 2665 habet
435 2631 595 2675 spiritum
620 2635 794 2674 sanctum,
829 2632 992 2677 quoniam
1017 2635 1051 2666 et
1075 2631 1155 2666 mali
1181 2637 1343 2668 asserunt
1366 2644 1405 2669 se
1433 2635 1484 2670 se-

94 2695 187 2730 cisse
212 2695 380 2730 miracula
406 2696 579 2732 dicentes:
606 2696 756 2742 domine,
781 2707 895 2734 nonne
916 2699 951 2732 in
967 2699 1104 2734 nomine
1118 2701 1176 2734 tuo
1195 2699 1483 2745 prophetavimus
