1742 3005
181 92 256 130 1ϋῆ
476 95 570 143 Cap.
603 92 811 128 xxxvul.
870 93 929 129 De
960 98 1089 129 saneto
1124 90 1269 129 Blasio.

180 198 277 234 reddi
305 199 436 233 saeeret
462 208 557 231 snum
583 207 744 242 porcum,
773 198 830 242 qui
857 195 1039 231 subridens
1064 196 1171 230 dixit:
1198 196 1319 231 nmlier
1347 196 1415 229 noli
1442 199 1569 231 contri-

181 265 279 304 stari,
308 262 472 297 reddetur
497 261 560 296 tibi
585 262 710 308 porcus
736 266 825 296 tuus.
861 261 1031 296 Continuo
1056 260 1158 306 lupus
1186 263 1278 296 venit
1293 265 1326 296 et
1352 271 1493 306 porcum
1521 263 1569 295 vi-

184 328 273 362 duae
302 327 465 362 reddidit.
530 327 735 374 ingrediens
761 327 899 362 Blasius
926 327 1099 360 civitatem
1120 327 1223 371 jussu
1248 328 1414 371 principis
1439 329 1569 361 carceri

183 395 423 438 mancipatur,
477 393 547 428 alia
584 404 665 428 vero
701 393 756 429 die
788 395 897 439 jussit
928 402 1073 438 praeses
1107 392 1219 435 ipsum
1245 391 1312 425 sibi
1339 394 1569 436 praesentari,

185 470 283 504 quem
313 458 432 493 videns
458 458 596 494 blandis
622 448 839 494 sermonibus
867 458 1034 493 salutavit
1056 456 1192 491 dicens:
1219 457 1335 503 gaude
1351 457 1448 492 Blasi
1464 460 1572 492 amice

185 523 339 559 deorum.
390 523 452 558 Cui
478 524 636 559 Blasius:
686 525 802 571 gaude
831 529 864 559 et
889 529 927 558 tn
952 524 1080 568 optime
1106 532 1274 567 praeses,
1324 522 1386 558 sed
1409 534 1452 558 ne
1477 523 1572 557 dicas

184 601 246 624 eos
274 590 366 625 Deos
394 590 456 625 sed
481 590 690 633 daemones,
718 592 800 636 quia
828 594 971 625 aeterno
999 589 1071 634 igni
1096 599 1169 622 cum
1198 588 1264 632 bis,
1293 590 1351 634 qui
1377 599 1437 624 eos
1463 588 1571 623 bono-

185 660 275 698 rant,
301 655 493 690 traduntur.
540 655 654 690 Iratus
680 666 826 701 praeses
852 665 927 690 eum
955 653 1104 688 fustibus
1130 653 1229 688 caedi
1250 655 1359 699 jussit
1382 658 1416 689 et.
1442 656 1474 688 in
1497 665 1573 689 car-

185 731 296 755 cerem
325 720 456 755 retrudi
481 720 582 764 feeit,
619 723 674 756 cui
702 722 839 756 Blasius
865 720 969 753 dixit:
1003 721 1180 754 insensate
1206 730 1329 764 speras
1356 732 1418 765 per
1443 731 1574 766 poenas

185 790 263 819 tuas
289 785 352 819 Dei
378 787 441 819 mei
470 795 491 820 a
517 796 569 821 me
594 786 733 821 auferre
758 796 929 827 amorem,
955 786 1012 830 qui
1042 785 1151 828 ipsum
1179 787 1213 818 in
1239 795 1291 819 me
1317 785 1429 821 habeo
1454 797 1573 821 corro-

185 851 413 886 borator-em?
459 851 613 886 Audiens
639 851 725 887 haec
751 851 856 887 vidua
882 851 964 893 illa,
999 851 1053 884 eui
1078 860 1218 894 porcum
1244 850 1462 893 reddiderat,
1493 863 1573 896 por-

185 928 260 951 cum
285 918 396 962 ipsum
425 916 551 960 occidit
576 922 610 952 et
634 921 739 962 caput
761 928 836 952 eum
860 915 1029 963 pedibus,
1079 915 1226 950 candela
1251 920 1285 951 et
1308 926 1397 961 pane
1423 917 1468 951 ad
1493 926 1575 952 san-

185 986 273 1016 ctum
299 982 453 1017 Blasium
481 981 700 1027 deportavit;
748 984 807 1018 ille
835 984 971 1029 gratias
997 991 1108 1027 agens
1134 981 1283 1016 comedit
1308 981 1445 1028 sibique
1468 983 1575 1018 dixit:

187 1047 337 1094 singulis
372 1048 472 1082 annis
505 1047 685 1083 candelam
712 1050 746 1082 in
771 1049 920 1085 ecclesia
945 1048 1093 1082 nominis
1119 1048 1183 1082 mei
1212 1048 1363 1091 offeras,
1397 1052 1431 1084 et
1453 1049 1517 1083 tibi
1544 1057 1576 1085 et

189 1114 394 1159 quicumque
418 1112 484 1147 hoc
505 1113 648 1155 fecerit,
694 1113 782 1150 bene
808 1115 884 1149 erit.
934 1112 1034 1154 Quod
1061 1123 1198 1158 semper
1224 1115 1297 1159 egit
1324 1118 1358 1148 et
1383 1113 1449 1148 sibi
1475 1125 1576 1160 pros-

189 1181 322 1224 peritas
349 1179 456 1213 multa
483 1178 557 1214 suit.
630 1179 714 1215 Post
746 1180 811 1215 bo(-
844 1190 918 1214 cnm
953 1178 1111 1213 eductum
1149 1189 1292 1224 praeses
1319 1190 1339 1214 a
1364 1190 1505 1215 carcere
1531 1181 1576 1215 ad

187 1243 280 1279 Deos
305 1243 472 1279 inclinare
497 1255 564 1279 non
591 1250 733 1291 posset,
771 1246 880 1290 jussit
905 1255 979 1279 eum
1005 1245 1037 1277 in
1073 1244 1169 1290 ligno
1206 1245 1372 1290 suspendi
1397 1250 1431 1280 et
1455 1256 1578 1281 earnes

189 1312 266 1354 ejus
290 1320 365 1344 cum
394 1309 518 1345 ferreis
542 1310 738 1356 pectinibus
762 1310 888 1344 laniari
915 1313 949 1345 et
973 1311 1023 1344 sic
1049 1310 1170 1344 iteruin
1198 1312 1231 1343 in
1256 1320 1429 1346 carcerem
1456 1322 1577 1357 repor-

192 1377 270 1410 tari.
320 1376 461 1421 Septem
487 1387 573 1422 ergo
599 1376 759 1412 mulieres
786 1380 974 1421 sequentes
1001 1378 1119 1421 guttas
1145 1377 1326 1421 sanguinis
1351 1376 1578 1423 colligebant,

192 1452 282 1487 quae
318 1453 397 1476 mox
433 1446 595 1478 tenentur
623 1446 656 1477 et
689 1442 733 1477 ad
764 1442 914 1477 Deorum
939 1441 1143 1476 sacrificium
1171 1442 1433 1487 compelluntur.
1483 1443 1580 1483 Quae

191 1507 373 1542 dixerunt:
420 1510 450 1542 si
478 1510 529 1544 vis
555 1512 592 1542 ut
615 1508 708 1543 Deos
731 1512 810 1542 tuos
835 1507 1040 1549 adoremus,
1076 1518 1150 1540 eum
1179 1510 1375 1544 reverentia
1399 1509 1495 1543 mitte
1519 1519 1579 1543 eos

193 1573 238 1607 ad
263 1577 446 1619 stagnum,
487 1578 524 1608 ut
551 1574 707 1609 faciebus
735 1574 863 1608 ablutis
892 1572 1050 1607 mundius
1075 1572 1225 1607 adorare
1252 1575 1439 1619 possimus.
1486 1574 1578 1609 Lae-

191 1642 247 1673 tus
282 1649 427 1684 praeses
461 1639 609 1675 eflicitur
641 1645 675 1675 et
701 1641 802 1674 citius
828 1639 920 1684 qued
954 1638 1092 1672 dixerat
1126 1638 1346 1683 adimpletur:
1416 1639 1472 1674 Illi
1498 1651 1581 1675 vero

192 1703 285 1739 Deos
311 1706 533 1750 arripuerimt
560 1709 593 1740 et
619 1716 679 1741 eos
705 1707 738 1739 in
763 1707 880 1751 stagni
908 1704 1055 1739 medium
1081 1705 1305 1750 projecerunt
1329 1704 1503 1741 dicentes:
1550 1708 1580 1740 si

192 1770 255 1806 Dei
280 1774 377 1813 sunt,
415 1770 618 1806 videbimus.
693 1770 791 1812 Quod
816 1780 961 1816 praeses
986 1769 1131 1804 audiens
1157 1774 1191 1804 et
1215 1780 1300 1815 prae
1324 1773 1378 1805 ira
1403 1772 1582 1806 insaniens

195 1839 229 1870 et
252 1846 290 1870 se
316 1837 426 1881 ipsum
453 1838 650 1881 percutiens
676 1837 764 1871 dixit
787 1837 973 1870 ministris:
1017 1846 1077 1870 cur
1104 1846 1172 1869 non
1197 1837 1356 1870 tenuistis
1381 1837 1474 1872 Deos
1500 1847 1579 1871 nos-

195 1905 289 1944 tros,
316 1906 352 1936 ut
377 1912 445 1936 non
473 1904 688 1938 mitterentur
715 1904 748 1936 in
774 1886 985 1948 profundum
1007 1901 1101 1936 laci?
1155 1903 1208 1935 cui
1234 1901 1410 1937 dixerunt:
1459 1902 1582 1937 dolose

194 1970 306 2002 tecum
338 1967 475 2003 locutae
508 1971 588 2003 sunt
619 1968 782 2003 mulieres
814 1971 849 2003 et
883 1978 944 2002 eos
980 1968 1012 2001 in
1044 1971 1204 2014 stagnum
1238 1968 1470 2014 projecerimt..
1520 1967 1581 2003 Cui

195 2033 377 2068 mulieres:
403 2033 494 2069 Deus
518 2045 620 2069 verus
646 2034 746 2069 dolos
772 2044 839 2068 non
865 2035 1008 2081 patitur,
1036 2033 1098 2069 sed
1126 2039 1159 2069 et
1177 2036 1206 2069 si
1225 2033 1453 2076 Diisuissent,
1479 2043 1581 2079 prae-

195 2100 383 2134 scivissent
419 2101 558 2145 utique,
614 2099 694 2146 quid
737 2101 780 2134 iis
818 2099 933 2134 facere
972 2098 1195 2142 volebamus3
1251 2103 1285 2135 et
1327 2101 1438 2134 iratus
1479 2109 1582 2144 prae-

197 2174 254 2198 ses
284 2165 390 2209 jussit
433 2165 606 2210 plumbum
652 2164 876 2210 liquesaetmn
911 2168 944 2199 et
975 2167 1130 2209 pectines
1171 2165 1305 2200 ferreos
1341 2168 1376 2199 et
1403 2163 1464 2199 Vll
1497 2165 1581 2199 lori-

196 2239 255 2264 cas
289 2231 370 2275 igne
404 2230 594 2265 candentes
627 2241 669 2263 ex
697 2240 762 2264 nna
796 2233 895 2274 parte
931 2231 1048 2274 parari
1084 2234 1186 2265 etex
1220 2230 1289 2264 alia
1328 2230 1386 2266 Vll
1421 2232 1582 2266 camisias

197 2295 314 2329 afferri
344 2295 466 2330 lineas.
526 2296 600 2335 Quo
627 2295 781 2336 dicente,
822 2299 857 2328 nt
885 2306 926 2329 ex
955 2295 1029 2337 bis,
1074 2296 1165 2341 quod
1190 2296 1350 2338 mallent,
1400 2296 1581 2343 eligerent,

197 2370 262 2395 nna
289 2361 422 2395 illarum
452 2361 538 2396 duos
567 2361 732 2406 parvulos
760 2360 890 2394 babens
917 2361 1082 2396 audacter
1107 2364 1256 2396 cucurrit
1281 2366 1314 2396 et
1340 2362 1451 2397 lineas
1477 2364 1582 2396 cami-

197 2429 267 2461 sias
295 2428 470 2472 accipiens
499 2429 530 2461 in
557 2428 723 2461 caminum
752 2427 912 2472 projecit.
939 2429 1035 2471 pueri
1065 2438 1146 2461 vero
1171 2430 1271 2462 nnttri
1298 2428 1475 2463 dixerunt:
1516 2438 1581 2462 non

199 2504 259 2526 nos
285 2496 394 2528 mater
422 2493 619 2527 dulcissima
650 2496 727 2536 post
756 2496 787 2527 te
815 2493 1012 2538 relinquas,
1046 2493 1108 2528 sed
1135 2495 1224 2528 sicut
1247 2504 1310 2528 nos
1337 2493 1480 2538 replesti
1506 2492 1576 2526 dul-

196 2558 314 2591 redine
340 2558 453 2601 lactis,
480 2560 528 2592 sie
556 2569 618 2593 nos
644 2558 739 2603 reple
766 2558 946 2594 dulcedine
973 2560 1070 2606 regni
1094 2558 1266 2594 coelestis.
1317 2558 1413 2592 Tune
1439 2567 1582 2602 praeses

192 2624 296 2667 jussit
326 2632 384 2655 eas
412 2623 575 2668 suspendi
603 2629 632 2657 et
661 2635 783 2659 rar-nes
811 2635 926 2659 earum
953 2623 1146 2669 pectinibus
1175 2624 1296 2658 ferreis
1325 2623 1469 2664 laniari,
1499 2633 1580 2668 qna-

197 2698 266 2721 rnm
300 2698 421 2721 carnes
459 2693 489 2721 nt
528 2691 583 2722 nix
618 2690 818 2724 albissimae
853 2695 950 2725 erant
985 2695 1017 2724 et
1053 2701 1114 2734 pro
1142 2689 1310 2733 sanguin«-
1338 2687 1389 2722 lae
1418 2687 1581 2723 fluebant.
