1742 3005
310 43 405 93 Cap.
442 42 560 78 CVH.
621 43 680 79 De
710 50 841 79 sancto
873 45 1067 80 Germano
1099 44 1296 95 episcopo.
1418 45 1494 82 451

100 146 182 182 ‹zida
208 150 242 181 et
266 145 337 180 filio
363 156 427 180 suo
454 146 699 182 Valentiniano
726 146 916 181 honorifice
949 152 1133 193 susceptus
1169 152 1242 190 est,
1286 148 1376 182 hora
1413 160 1495 184 vero

102 222 234 247 coenae
258 213 382 258 regina
407 213 436 246 ei
465 213 559 246 misit
584 222 645 245 vas
671 214 810 257 argenti
836 213 1083 257 amplissimum
1116 213 1380 251 delicatioribus
1407 215 1496 250 cibis

100 278 262 322 plenum,
297 277 389 323 quod
417 277 476 312 ille
505 279 555 311 sie
582 279 760 321 suscepit,
800 281 837 311 ut
867 277 966 311 cibos
1000 278 1137 313 famulis
1170 280 1327 315 traderet
1360 285 1394 315 et
1425 281 1495 315 sibi

99 353 164 388 pro
206 342 421 388 pauperibus
464 345 574 388 ipsum
608 353 670 377 vas
701 347 903 388 argenteum
947 345 1125 378 retineret.
1174 344 1269 379 Loco
1303 357 1385 381 vero
1422 359 1495 382 mu-

99 409 195 442 neris
222 409 316 442 misit
340 409 486 454 reginae
511 409 689 443 scutellam
716 407 870 452 ligneam
901 418 1025 451 panem
1050 408 1284 444 hordeaceum
1311 415 1492 448 continen-

97 479 177 516 tem,
214 474 307 520 quod
342 474 403 508 illa
433 473 583 508 libenter
616 474 749 516 recepit
795 476 829 506 et
864 482 924 506 vas
959 472 1045 506 illud
1087 475 1306 518 postmodum
1343 484 1491 523 argento

98 541 196 574 texit,
247 538 401 579 Quadam
429 542 543 572 autem
569 538 643 571 vice
668 536 746 571 dum
772 537 953 581 praedicta
980 539 1104 583 regina
1132 550 1206 573 eum
1232 541 1275 575 ad
1298 545 1489 579 convivium

95 606 295 645 invitasset,
320 603 380 636 ille
405 603 558 649 benigne
585 612 741 637 annuens
769 602 813 637 ab
841 602 995 647 hospitio
1021 614 1084 638 suo
1110 615 1221 650 usque
1243 607 1286 641 ad
1309 609 1490 652 palatium.

95 680 138 704 eo
173 668 266 714 quod
295 669 445 713 jejuniis
481 673 517 703 et
551 667 770 702 orationihus
808 673 903 703 esset
936 670 1139 712 consectus,
1175 673 1276 706 asino
1309 673 1490 711 deserente

95 739 256 780 portatus
284 737 358 776 est,
400 733 463 768 sed
490 733 568 768 dum
596 734 814 777 comederet,
853 736 974 768 asinus
1008 738 1120 769 sancti
1149 736 1309 772 Germani
1334 746 1490 776 mortuns

94 804 159 835 est.
209 799 308 839 Quod
354 801 479 845 regina
514 799 662 833 audiens
708 810 831 844 equum
870 802 977 834 mirae
1011 803 1285 837 mansuetudinis
1321 807 1489 851 episcopo

93 866 317 911 praesentari
343 865 438 906 fecit,
466 876 565 910 quem
596 867 732 899 intuens
758 866 826 899 ait:
855 876 951 900 meus
977 866 1059 900 mihi
1085 868 1205 902 asinus
1231 876 1488 915 praesentetur,

95 933 190 978 quia,
217 932 274 976 qui
299 940 352 965 me
380 930 447 964 huc
466 930 593 972 attulit,
620 930 826 975 reportabit.
854 931 1081 978 Pergensque
1101 934 1143 967 ad
1163 934 1338 970 cadaver:
1367 948 1487 983 surge,

92 998 225 1043 inquit,
258 997 392 1030 muscio
416 1000 633 1030 revertamur
657 995 835 1042 hospitio,
872 999 1060 1043 statimque
1097 999 1287 1038 subsiliens
1313 1012 1352 1037 se
1376 1004 1488 1048 ipsum

94 1064 271 1098 concussit
295 1065 330 1096 et
353 1062 454 1106 quasi
481 1061 567 1095 nihil
592 1062 674 1096 mali
699 1073 828 1107 passus
855 1068 970 1104 esset,
998 1063 1201 1099 Germanum
1229 1066 1272 1100 ad
1300 1067 1488 1113 hospitium

94 1128 305 1173 deportavit.
356 1126 425 1162 Sed
458 1131 645 1172 antequam
690 1128 732 1162 de
768 1128 935 1163 Ravenna
972 1130 1104 1171 exiret,
1144 1131 1346 1176 praedixit,
1392 1135 1487 1179 quod

91 1204 310 1240 nequaquam
336 1195 371 1228 in
395 1191 461 1226 hoc
488 1193 629 1226 saeculo
658 1193 788 1228 diutius
813 1199 1020 1228 moraretur.
1070 1194 1155 1229 Post
1190 1197 1358 1233 modicum
1387 1200 1487 1235 febre

93 1261 283 1305 corripitur
308 1264 343 1294 et
370 1257 426 1292 die
453 1256 511 1292 vll
537 1260 571 1291 iu
597 1258 735 1292 domino
762 1262 907 1293 moritur
943 1264 977 1295 et
1008 1270 1135 1304 corpus
1162 1263 1238 1306 eJus
1266 1264 1310 1297 ad
1339 1264 1486 1310 Gallias,

91 1328 181 1360 sicut
215 1335 236 1359 a
266 1326 392 1370 regina
428 1326 601 1368 petierat,
634 1329 907 1369 transportatur.
959 1325 1055 1359 Obiit
1090 1328 1184 1361 circa
1215 1337 1325 1363 annos
1358 1331 1487 1366 domini

94 1390 322 1426 CCCCXXX.
371 1388 498 1424 Verum
539 1399 613 1423 cum
651 1395 794 1424 sanctus
833 1390 1023 1425 Germanus
1066 1391 1171 1426 beato
1206 1392 1361 1429 Eusebio
1400 1396 1487 1432 Ver-

91 1457 238 1492 cellensi
265 1457 434 1500 episcopo
469 1456 709 1499 promisisset,
749 1455 842 1501 quod
881 1458 916 1490 in
950 1466 1014 1490 sua
1049 1459 1252 1493 reversione
1287 1461 1485 1504 ecclesiam,

90 1533 194 1569 quam
221 1521 442 1564 fundaverat,
468 1522 537 1557 sibi
563 1520 754 1562 dedicaret,
782 1532 855 1555 cum
885 1521 1117 1556 intellexisset
1143 1530 1285 1558 sanctus
1311 1525 1486 1562 Eusebius

88 1588 230 1623 beatum
259 1586 463 1622 Germanum
491 1588 623 1621 exiisse
653 1585 695 1621 de
722 1596 882 1631 corpore,
923 1588 1105 1622 ecclesiam
1131 1600 1229 1624 suam
1259 1589 1485 1628 dedicaturus

88 1652 378 1688 cereosaccendi
401 1653 530 1698 jussit,
568 1651 631 1686 sed
667 1656 796 1697 quanto
833 1652 910 1697 plus
938 1654 1242 1698 accendebantur,
1283 1661 1380 1692 tanto
1406 1659 1485 1703 plus

89 1718 416 1765 exstinguebantur.
466 1717 566 1758 Quod
593 1717 716 1752 videns
740 1716 914 1753 Eusebius
941 1720 1114 1755 intellexit
1141 1721 1397 1758 dedicationem
1427 1729 1487 1759 aut

87 1784 158 1819 alio
198 1789 356 1829 tempore
394 1782 468 1818 fieri
511 1788 678 1828 oportere
721 1787 781 1817 aut
821 1784 925 1818 alteri
961 1786 1131 1831 episcopo
1165 1791 1351 1823 reservari.
1402 1790 1486 1824 Cum

86 1852 196 1896 igitur
237 1850 333 1885 beati
368 1848 529 1885 Germani
564 1859 692 1893 corpus
727 1848 908 1884 Vercellas
951 1850 1104 1886 delatum
1146 1852 1291 1895 suisset,
1334 1866 1413 1890 mox
1450 1858 1484 1891 in

86 1915 303 1960 praedictam
328 1915 513 1950 ecclesiam
549 1914 725 1949 inducitur
756 1919 791 1949 et
824 1917 939 1949 statim
970 1919 1062 1951 cerei
1090 1928 1208 1952 omnes
1236 1919 1402 1955 divinitus
1430 1923 1482 1956 in-

87 1981 315 2014 flammantur.
364 1979 465 2014 Tunc
509 1984 651 2014 sanctus
687 1978 861 2015 Eusebius
902 1984 1148 2025 promissionis
1186 1984 1283 2018 beati
1320 1985 1484 2020 Germani

87 2045 241 2079 meminit
272 2048 308 2079 et
344 2043 438 2089 quod
474 2045 594 2078 vivens
626 2054 664 2078 se
690 2044 858 2078 facturum
884 2048 1108 2088 promiserat,
1143 2053 1315 2082 mortuum
1351 2050 1482 2085 secisse

87 2111 264 2156 cognovit.
313 2109 386 2143 Hoc
422 2110 472 2142 ita
504 2112 645 2153 oportet
671 2110 804 2152 accipi,
840 2113 878 2143 ut
910 2120 980 2143 non
1018 2111 1238 2157 intelligatur
1271 2113 1315 2148 de
1355 2125 1483 2160 magno

86 2155 240 2210 Eusebio
266 2174 500 2217 Vercellensi,
527 2173 619 2220 quod
646 2178 802 2218 tempore
827 2174 921 2208 illius
951 2174 1077 2209 factum
1107 2178 1154 2210 sit
1180 2177 1266 2220 hoc,
1301 2189 1379 2214 nam
1406 2181 1482 2225 ipse

86 2239 151 2273 sub
186 2239 334 2274 Valente
365 2240 577 2284 imperatore
611 2244 766 2273 mortuus
801 2239 866 2273 suit
896 2243 931 2273 et
966 2250 988 2274 a
1025 2246 1136 2276 morte
1163 2243 1273 2287 ipsius
1299 2255 1410 2290 usque
1436 2245 1480 2278 ad

86 2296 231 2339 mortem
255 2305 368 2338 sancti
395 2303 557 2339 Germani
580 2304 673 2338 ultra
697 2307 809 2338 annos
835 2304 864 2338 L
891 2304 1113 2342 effluxerant.
1160 2306 1241 2342 Fuit
1275 2319 1361 2353 ergo
1393 2309 1483 2343 alius

86 2368 281 2411 Eusebius,
307 2369 372 2404 sub
399 2380 467 2414 quo
493 2369 606 2413 istud,
634 2369 728 2414 quod
753 2374 939 2411 narratur,
967 2372 1093 2406 evenit.

151 2518 177 2528 e

1113 2694 1200 2727 29*
