1742 3005
219 100 301 140 518
359 104 456 153 Cap.
489 103 623 139 CXlX.
673 102 731 139 De
762 103 994 140 assumtione
1023 110 1178 141 sauctae
1209 103 1354 141 Mariae
1385 104 1550 153 virginis.

219 209 303 242 riam
323 207 604 249 inenarrabilem,
630 206 674 240 ad
698 216 750 241 me
776 207 888 252 ipsum
912 211 1005 241 tuum
1033 208 1139 242 fillum
1165 210 1405 244 universitatis
1431 209 1607 243 factorem.

219 272 294 318 Ego
321 274 409 306 enini
436 283 510 306 sum
541 273 612 306 vita
637 276 803 314 aeterna,
841 272 984 307 dilectio
1020 273 1324 318 incomparabilis,
1357 274 1530 308 habitatio
1557 276 1609 307 in—

219 338 384 380 effabilis,
412 338 528 372 lumen
553 339 715 372 nesciens
741 338 925 381 tenebras,
952 339 1223 375 inaestimabilis
1249 339 1401 374 bonitas.
1456 340 1509 375 Ba
1535 341 1611 374 sine

217 405 454 449 trepidatione
477 409 605 447 terrae,
634 404 725 450 quod
746 414 842 438 suum
870 408 935 438 est.
983 404 1061 439 Non
1087 408 1122 439 te
1152 406 1335 450 quisquam
1354 405 1397 440 de
1416 415 1516 439 mann
1535 415 1612 440 mea

218 471 344 515 rapiet,
371 472 534 515 quoniam
555 471 587 503 in
613 481 714 504 manu
741 480 817 505 mea
842 475 922 504 sunt
949 481 1068 505 omnes
1099 470 1184 505 lines
1210 475 1339 513 terrae,
1371 470 1508 515 depone
1530 470 1613 504 milii

219 546 347 580 corpus
372 540 488 579 tuum,
516 538 599 582 quia
625 537 659 570 in
683 541 783 571 utero
805 540 864 570 tuo
892 538 993 581 posui
1019 536 1237 572 divinitatem
1263 546 1385 572 meam.
1434 536 1511 571 Non
1533 536 1613 582 glo·

219 601 369 636 tiabitur
401 613 507 646 super
537 607 572 637 te
610 613 721 644 morS,
756 604 839 648 quia
875 604 980 637 vitam
1014 604 1190 648 genuisti,
1238 614 1307 637 non
1345 602 1547 637 obfuscabit
1578 606 1614 637 te

219 668 384 713 caliginis
417 669 558 710 umbra,
605 669 689 713 quia
721 668 836 702 lumen
870 670 1062 713 peperisti,
1096 680 1164 702 non
1201 670 1413 703 concisionis
1449 669 1614 702 contritio

218 739 254 768 te
279 735 448 777 attinget,
483 736 565 778 quia
591 744 699 768 meum
730 744 787 769 vas
818 733 893 767 fieri
919 736 1088 769 meruisti.
1137 735 1225 769 Veni
1247 736 1320 780 jam
1349 735 1393 768 ad
1422 745 1518 776 eum,
1555 735 1615 779 qui

220 810 262 833 ex
285 803 321 833 te
345 803 447 832 natus
475 803 548 841 est,
573 803 757 844 receptura
781 801 927 833 materni
952 801 1042 834 uteri
1068 802 1240 845 pignora,
1276 801 1493 835 educationis
1521 810 1613 835 mer-

222 865 352 906 cedem,
380 864 482 898 lactis
510 869 544 899 et
571 875 672 900 escae
701 865 988 908 vicissitudinem,
1015 865 1137 900 habita
1167 876 1241 899 cum
1266 867 1459 911 unigenito,
1487 866 1616 900 festina.

221 931 415 966 adhaerere
450 930 533 965 lilio.
593 931 683 965 Novi
716 933 826 973 enim,
873 931 966 976 quod
1008 933 1153 966 alterius
1186 931 1315 966 affectu
1350 930 1413 965 {ilii
1447 941 1516 964 nou
1552 940 1616 964 an-

221 999 402 1044 gustieris.
447 997 512 1037 Qui
548 1001 583 1032 te
609 998 779 1042 virginem
812 1002 954 1033 matrem
983 997 1147 1040 exhibui,
1186 999 1295 1032 totius
1322 997 1439 1031 mundi
1466 996 1617 1032 exhibeo

221 1069 256 1099 te
281 1074 425 1106 murum,
451 1063 590 1097 arellam
618 1063 886 1105 salvandorum,
914 1068 1053 1109 pontem
1079 1064 1338 1106 fluctuantium,
1366 1063 1526 1097 baculum
1553 1063 1616 1096 im-

222 1129 420 1170 becillium,
452 1129 582 1162 scalam
609 1129 654 1162 ad
679 1129 798 1163 coelos
824 1129 1129 1172 adscendentium,
1163 1131 1441 1175 propitiatricem
1467 1138 1617 1174 peccan-

223 1197 319 1230 tium.
368 1194 547 1230 Adducam
574 1199 688 1229 autem
715 1195 897 1239 apostolos
923 1195 967 1229 ad
993 1199 1049 1238 te,
1079 1206 1240 1241 quorum,
1277 1205 1316 1229 ac
1352 1197 1381 1229 si
1417 1196 1524 1236 meis,
1561 1204 1617 1228 se-

225 1261 371 1306 peliaris
404 1260 578 1298 manibus.
631 1260 743 1295 Decet
776 1270 944 1306 namque,
984 1265 1021 1295 ut
1053 1262 1248 1306 spiritualis
1281 1272 1379 1307 meae
1413 1261 1502 1295 lucis
1543 1260 1618 1302 filii,

225 1327 351 1373 quibus
377 1331 532 1361 sanetum
562 1326 692 1361 tradidi
717 1327 897 1372 spiritum,
933 1331 1026 1361 tuum
1063 1337 1190 1372 corpus
1226 1328 1400 1372 sepeliant
1424 1331 1458 1361 et
1486 1327 1555 1372 ipsi
1584 1328 1618 1360 in

224 1398 285 1427 tuo
312 1393 512 1427 admirabili
539 1393 661 1427 funere
690 1403 799 1428 meam
819 1404 1003 1438 personam
1024 1393 1201 1438 impleant..
1250 1393 1335 1428 Post
1352 1392 1474 1427 horum
1493 1402 1617 1426 narra-

225 1460 353 1494 tionem
387 1459 446 1493 dat
477 1459 626 1505 angelus
658 1460 786 1505 virgini
821 1458 980 1493 bravium
1019 1459 1156 1504 palmae
1194 1460 1337 1494 missum
1375 1470 1419 1494 ex
1461 1457 1620 1503 paradisi

226 1526 423 1569 propagine
459 1525 502 1558 ad
535 1525 776 1559 certitudinem
813 1525 983 1560 adversus
1018 1526 1278 1571 corruptionem
1302 1526 1424 1559 mortis
1452 1525 1620 1558 victoriae

227 1594 261 1624 et
287 1592 493 1625 vestimenta
521 1590 682 1625 funebria
707 1601 748 1625 ac
773 1591 926 1633 eoelum,
955 1602 997 1627 ex
1025 1602 1092 1637 quo
1122 1595 1288 1634 venerat,
1314 1592 1454 1636 repetit.
1509 1589 1622 1624 Beata

226 1654 342 1689 Maria
366 1666 562 1690 convocans
591 1657 723 1690 amicos
751 1660 785 1690 et
810 1662 982 1702 cognatos
1008 1657 1117 1691 dixit:
1153 1661 1270 1691 notum
1299 1657 1400 1692 vobis
1431 1656 1538 1697 facio,
1567 1664 1622 1689 me

227 1732 248 1755 a
280 1721 465 1766 temporali
500 1723 572 1755 vita
607 1721 682 1756 fore
719 1721 823 1756 hodie
855 1725 1104 1764 transituram,
1149 1727 1289 1767 oportet
1329 1733 1416 1768 ergo
1458 1720 1621 1767 vigilare,

228 1789 310 1832 quia
335 1798 545 1832 unoquoque
572 1791 773 1822 transeunte
800 1787 919 1821 divina
945 1789 1053 1822 virtus
1079 1789 1285 1833 angelorum
1318 1793 1352 1822 et
1376 1787 1521 1832 maligni
1546 1787 1620 1829 spi-

228 1854 315 1886 ritus
343 1852 387 1885 ad
413 1854 592 1886 morientis
618 1853 743 1887 lectum
771 1854 922 1887 veniunt.
971 1852 1031 1887 llis
1059 1853 1164 1887 dictis
1185 1863 1303 1886 omnes
1327 1852 1410 1887 llere
1431 1854 1623 1895 coeperunt

228 1927 270 1952 ac
297 1917 434 1952 dicere:
459 1922 496 1951 tu
521 1919 622 1952 times
649 1918 772 1952 faciem
799 1920 1002 1963 spirituum,
1038 1928 1127 1963 quae
1153 1919 1309 1952 auctoris
1337 1918 1485 1951 omnium
1511 1920 1624 1950 mater

228 1983 323 2018 effici
348 1985 528 2024 meruisti,
569 1994 658 2029 quae
686 1984 898 2028 praedonem
924 1984 1051 2019 inferni
1077 1985 1255 2029 genuisti,
1291 1993 1380 2028 quae
1407 1993 1514 2027 super
1537 1981 1621 2016 clie-

228 2048 329 2083 rubin
355 2053 389 2083 et
413 2049 579 2093 seraphin
596 2053 842 2094 praeparatum
865 2049 988 2083 solium
1014 2049 1148 2084 habere
1170 2049 1357 2083 meruisti?
1406 2047 1494 2087 Quid
1514 2049 1623 2093 igitur

229 2125 292 2149 nos
323 2115 490 2149 faciemus
525 2119 585 2148 aut
619 2115 770 2160 qualiter
806 2115 1008 2161 fugiemus?
1055 2115 1191 2150 Aderat
1223 2113 1406 2149 multitudo
1443 2113 1623 2148 mulierum

229 2180 381 2215 flentium
408 2185 441 2215 et
465 2180 671 2223 dicentium,
705 2192 747 2216 ne
776 2191 814 2216 se
842 2181 1020 2226 orphanas
1047 2181 1319 2226 derelinqueret.
1369 2179 1482 2214 Beata
1507 2183 1622 2214 autem

228 2247 328 2291 virgo
355 2255 415 2280 eas
444 2246 630 2281 consolans
659 2248 726 2281 ait:
759 2248 790 2280 si
817 2257 880 2283 vos
910 2246 1187 2291 corruptibilium
1213 2250 1373 2280 natorum
1400 2249 1528 2280 matres
1554 2255 1622 2279 non

228 2311 390 2346 toleratis
416 2311 459 2345 ab
495 2313 537 2345 iis
563 2312 735 2347 modicum
771 2313 951 2356 separari,
990 2311 1163 2356 quomodo
1203 2322 1270 2357 ego
1310 2315 1420 2346 mater
1453 2315 1489 2346 et
1520 2312 1622 2357 virgo

230 2376 436 2412 desiderare
458 2388 525 2411 non
546 2377 657 2413 debeo
676 2378 719 2412 ad
738 2388 847 2412 meum
867 2388 1017 2422 pergere
1036 2377 1141 2411 lilium
1159 2378 1221 2412 Dei
1239 2378 1349 2422 patris
1376 2377 1623 2423 unigenitum?

229 2443 265 2476 Si
293 2443 473 2488 quaelibet
499 2447 650 2477 vestrum
677 2444 795 2489 aliquo
823 2444 1008 2477 orbabitur
1033 2443 1122 2485 tilio,
1158 2442 1401 2477 consolabitur
1433 2442 1622 2487 superstite

232 2508 283 2541 vel
305 2511 495 2551 nascituro,
522 2520 589 2553 ego
609 2513 734 2551 autem,
762 2518 852 2554 quae
870 2509 1005 2542 unicum
1023 2507 1190 2553 possideo
1211 2511 1245 2543 et
1264 2509 1465 2552 incorrupta
1484 2517 1620 2547 maneo,

231 2574 403 2617 ‹piomodo
448 2574 491 2608 ad
532 2585 607 2609 eum
651 2586 718 2609 uon
752 2585 937 2620 properem
971 2575 1097 2616 anxia,
1144 2575 1203 2619 qui
1247 2574 1394 2607 omnium
1442 2574 1496 2606 est
1536 2573 1618 2605 vita.

233 2637 314 2671 l)um
341 2643 453 2672 autem
480 2639 569 2675 liaeo
594 2644 806 2686 agerentur,
844 2639 968 2675 beatus
993 2638 1172 2675 Joliannes
1196 2637 1407 2678 adveniens,
1446 2636 1620 2682 quomodo

231 2713 348 2738 seres
376 2701 520 2741 lrabeat,
552 2709 789 2747 percontatur.
850 2705 914 2739 (lui
953 2716 1026 2739 cuni
1064 2706 1163 2749 virgo
1201 2712 1297 2738 suam
1332 2702 1520 2738 coelestem
1555 2703 1617 2736 mi-
