1742 3005
292 78 374 118 864
524 79 622 127 Cap.
655 75 911 113 CLXxxvn.
969 74 1028 111 De
1060 80 1191 112 sancto
1225 76 1449 124 Hylarioue.

292 189 319 209 te
340 184 368 209 in
388 183 442 208 huc
461 179 602 208 cathedra
622 179 755 211 sedebit,
774 178 919 206 videlicet
938 178 1128 208 Gamelonus.
1165 181 1290 207 Sanctus
1317 179 1406 207 etiam
1431 179 1583 207 conradus
1602 179 1678 206 infra

292 228 448 253 missarum
476 224 633 251 sollemnia
659 228 729 259 post
757 224 1011 250 consecrationem
1038 222 1171 258 corporis
1198 227 1227 250 et
1253 223 1403 255 sanguinis
1437 223 1551 250 domini
1585 224 1681 250 nostri

290 274 359 297 jesu
387 268 495 295 Christi
521 268 552 295 in
578 268 627 295 die
654 272 757 295 sancto
785 268 912 302 paschae
940 277 1078 294 araneam
1103 267 1220 302 lapsam
1246 266 1277 292 in
1303 266 1426 294 calicem
1452 277 1519 294 cum
1537 269 1680 300 sanguine

289 314 404 340 domiui
423 313 603 340 fiducialiter
621 312 745 345 sumsit,
773 322 899 345 cumque
925 312 1091 339 terminatis
1117 312 1173 339 rite
1199 311 1358 339 missarum
1383 311 1564 344 sollemniis,
1591 317 1679 347 prout

290 359 499 389 dignissimum
528 362 586 389 est,
612 357 679 391 ipsa
704 357 752 384 die
779 357 817 383 ad
843 357 1011 392 prandium
1030 357 1230 389 consedisset,
1264 359 1434 382 attenuatus
1468 364 1592 390 corpore
1626 366 1680 391 per

290 408 423 430 sanctam
443 402 701 436 quadragesimam
719 411 779 429 non
799 402 939 430 comedit.
975 405 1176 433 Interrogatus
1196 411 1213 427 a
1232 400 1310 433 suis,
1338 410 1389 427 cur
1414 409 1475 427 non
1501 402 1680 434 comederet,

289 449 347 473 ait:
368 452 510 482 exspecto
530 447 680 481 hospitem
699 446 730 473 in
748 447 886 481 proximo
905 445 1075 473 venientem
1087 466 1093 477 ‚
1113 450 1142 472 et
1160 445 1303 472 inclinato
1323 445 1421 480 capite
1440 454 1530 480 super
1548 455 1681 473 mensam

290 493 402 519 exitum
422 502 547 519 araneae
566 492 691 527 praebet
711 497 814 526 aperto
834 500 893 520 ore.
932 494 1048 526 Quanta
1068 490 1105 516 de
1124 490 1178 516 tali
1197 490 1349 522 adventu,
1374 489 1446 522 quin
1472 490 1573 525 potius
1591 490 1681 517 inira—

290 537 366 569 culo,
385 537 463 563 iuter
482 541 603 563 cunctos
624 536 737 563 ibidem
757 537 936 563 exsistentes
955 535 1045 562 suerit
1064 533 1187 566 laetitia,
1206 534 1308 561 nullus
1328 543 1417 560 sanae
1430 535 1538 561 mentis
1555 535 1682 566 ignorat.

289 582 372 608 obiit
397 586 497 607 autem
523 582 630 609 beatus
656 581 808 608 Conradus
836 581 996 615 episcopus
1023 583 1091 614 post
1118 579 1280 605 multarum
1307 579 1449 606 exercitia
1471 579 1618 606 virtutum
1642 581 1684 604 VI

289 626 344 654 cal,
370 626 525 652 Decembr.
551 635 628 653 anno
656 626 771 652 domini
795 625 1023 658 nongentesimo
1042 627 1149 656 LXVI,
1175 623 1369 658 episcopatus
1394 633 1467 651 vero
1493 628 1573 652 XLII
1592 633 1683 651 senex

288 675 317 697 et
336 670 443 704 plenus
463 669 589 698 dierum,

672 989 800 1052 cAP.
837 989 1118 1051 CLXXXVII.
1153 990 1304 1052 (186.)

453 1092 575 1135 De
629 1090 943 1134 sancto
1001 1089 1515 1144 Hylai-ione.

389 1199 532 1233 Hylarion
557 1203 677 1226 sanctus
703 1200 866 1226 monachus
891 1198 962 1232 fnit,
999 1200 1082 1232 cuius
1113 1199 1208 1225 vitam
1237 1199 1402 1226 virtutibus
1431 1198 1553 1233 plenam
1580 1198 1683 1226 sci-ibit

288 1246 496 1279 Hieronymus.
539 1246 632 1278 Hujus
658 1248 797 1279 parentes
824 1243 923 1278 ydolis
950 1243 1062 1276 dediti,
1090 1243 1155 1278 ipse
1180 1245 1231 1277 (ut
1258 1242 1386 1277 dicitur)
1420 1252 1487 1270 rosa
1517 1243 1554 1269 de
1589 1243 1684 1277 spinis

288 1290 398 1317 floruit.
434 1290 648 1317 Alexandriam
674 1289 784 1316 missus
812 1294 841 1316 et
864 1288 908 1315 ibi
935 1289 1157 1320 grammaticam
1184 1288 1303 1316 discens
1330 1287 1445 1314 ibidem
1468 1288 1557 1315 etiam
1584 1288 1684 1322 bapti—

289 1340 375 1362 zatus
406 1340 450 1361 est
482 1339 605 1368 totaque
634 1333 682 1361 illi
714 1333 856 1360 voluntas
889 1334 921 1360 in
956 1333 1101 1360 ecclesiae
1134 1333 1417 1365 congregationibus
1448 1332 1514 1361 suit.
1550 1333 1684 1360 Audiens

289 1389 398 1406 nomen
417 1379 557 1412 Antonii,
584 1380 615 1405 in
643 1382 812 1413 Aegyptum
830 1377 962 1413 perrexit
982 1378 1022 1404 ad
1039 1378 1206 1405 videndum
1225 1388 1303 1406 eum.
1340 1380 1435 1413 Quem
1453 1381 1484 1404 ut
1504 1377 1596 1410 vidit,
1623 1383 1683 1405 sta-

290 1425 343 1451 tim
369 1424 507 1451 habitum
533 1424 661 1451 mutavit
687 1428 716 1450 et
742 1423 860 1450 duobus
886 1422 1040 1449 mensibus
1063 1423 1118 1449 vix
1145 1432 1211 1449 cum
1238 1432 1273 1449 eo
1300 1422 1420 1449 mansit.
1459 1422 1683 1457 Contemplatus

289 1474 333 1495 est
354 1469 433 1495 enim
453 1469 590 1495 ordinem
610 1468 692 1494 vitae
711 1477 799 1500 suae,
817 1466 1004 1499 'gravitatem
1029 1476 1161 1500 morum,
1189 1477 1278 1500 quam
1305 1468 1409 1493 creber
1434 1467 1464 1493 in
1489 1467 1684 1500 orationibus,

288 1524 377 1547 qnam
397 1514 520 1541 humilis
539 1513 569 1539 in
589 1512 791 1547 suscipiendis
814 1510 974 1544 fratribus,
994 1522 1083 1545 quam
1103 1521 1226 1539 severus
1246 1511 1277 1538 in
1297 1511 1513 1547 corripiendis,
1539 1512 1637 1539 alacer
1654 1513 1705 1539 in‘

289 1557 495 1585 exhortandis.
532 1558 637 1584 Talem
657 1558 747 1584 etiam
767 1557 871 1584 habuit
891 1556 1124 1589 continentiam,
1150 1561 1183 1583 ut
1210 1556 1271 1584 cibi
1295 1558 1358 1591 ejus
1386 1557 1578 1591 asperitatem
1603 1557 1686 1584 nulla

288 1605 352 1637 ejus
378 1602 534 1630 infirmitas
558 1603 718 1635 frangeret.
755 1602 807 1629 His
831 1602 996 1629 virtutibus
1024 1601 1165 1635 Hylarion
1191 1601 1354 1629 instructus
1380 1601 1470 1628 rediit
1496 1601 1534 1628 ad
1558 1603 1685 1636 patriam

290 1659 356 1675 cuin
381 1648 562 1681 quibusdam
587 1648 752 1674 monachis.
796 1648 971 1674 Parentibus
999 1647 1060 1674 suis
1086 1657 1145 1681 Jam
1172 1646 1322 1674 defunctis
1352 1651 1468 1682 partem
1500 1647 1686 1675 substantiae

288 1693 447 1725 iratribus,
473 1697 590 1727 partem
617 1693 708 1720 etiam
735 1692 919 1727 pauperibus
947 1692 1048 1724 (ledit,
1079 1692 1139 1719 sibi
1167 1692 1241 1719 nihil
1268 1691 1389 1719 omnino
1415 1701 1581 1719 reservans.
1617 1696 1686 1720 Erat

289 1743 389 1765 autem
417 1747 561 1764 annorum
584 1741 641 1765 XV
668 1742 697 1764 et
723 1737 919 1764 solitudinem
947 1736 1097 1769 ingressus
1124 1741 1169 1763 est
1195 1745 1281 1764 sacco
1315 1740 1430 1763 tantum
1463 1741 1622 1771 coopertus
1656 1741 1686 1764 et

290 1792 392 1815 sagum
411 1782 570 1814 rusticum,
596 1782 678 1815 quod
703 1782 810 1809 beatus
834 1781 981 1808 Antonius
1009 1781 1036 1808 ei
1060 1781 1161 1814 dedit,
1189 1791 1254 1807 cum
1282 1781 1319 1807 ab
1339 1789 1375 1807 eo
1402 1781 1558 1814 discessit,
1585 1791 1685 1809 secum

290 1828 368 1856 tulit.
404 1826 543 1853 Tandem
570 1830 622 1853 XV
651 1826 764 1853 caricas
790 1831 860 1861 post
886 1825 959 1853 solis
983 1834 1121 1852 occasum
1147 1825 1307 1852 comedens
1340 1825 1397 1851 hoc
1429 1825 1496 1852 cibo
1528 1831 1685 1853 contentus

290 1871 364 1903 suit,
391 1881 407 1897 a
433 1873 498 1897 XV.
518 1879 612 1903 usque
631 1872 669 1897 ad
688 1874 753 1900 XX.
780 1871 886 1897 aetatis
913 1879 984 1897 suae
1012 1879 1121 1896 annum
1148 1874 1248 1895 aestus
1266 1873 1295 1895 et
1314 1869 1433 1903 pluvias
1453 1870 1539 1896 brevi
1558 1871 1685 1904 tugurio,

288 1916 374 1950 quod
394 1917 481 1950 junco
501 1919 530 1941 et
551 1915 654 1942 caricis
674 1919 802 1947 texerat,
830 1914 1005 1942 declinavit.
1042 1913 1158 1940 Deinde
1177 1914 1301 1939 brevem
1321 1913 1426 1940 cellam
1446 1914 1562 1948 paravit
1584 1915 1684 1942 latitu-

292 1960 362 1987 dine
383 1960 493 1994 pedum
513 1962 562 1990 1V,
583 1959 771 1991 longitudine
790 1968 863 1986 vero
883 1959 994 1994 pedum
1013 1961 1054 1991 V,
1074 1963 1105 1984 ut
1125 1957 1315 1992 sepulchrum
1334 1958 1435 1992 potius
1455 1969 1542 1992 quain
1562 1960 1685 1988 domum

292 2005 438 2033 crederes,
476 2004 608 2038 Capillos
628 2004 718 2031 semel
740 2004 769 2030 in
789 2013 882 2037 anno,
910 2003 1021 2031 scilicet
1044 2003 1092 2029 die
1112 2003 1256 2037 paschae,
1284 2003 1433 2035 totondit,
1461 2013 1549 2039 super
1574 2006 1685 2032 nudam

291 2054 400 2076 terram
426 2048 455 2074 in
483 2048 569 2075 initio
597 2057 690 2081 usque
718 2049 756 2074 ad
776 2053 902 2075 mortem
928 2047 1061 2075 cubavit.
1097 2049 1234 2080 Saevum,
1268 2056 1326 2081 quo
1355 2048 1447 2074 semel
1474 2048 1595 2075 indutus
1620 2049 1686 2082 fuit,

292 2103 443 2127 nimquam
469 2093 574 2119 lavans
602 2102 656 2119 nec
683 2098 801 2119 mutans
826 2093 936 2126 altero,
964 2091 1021 2119 nisi
1048 2101 1114 2119 cum
1133 2091 1230 2126 primo
1256 2091 1366 2119 scissus
1394 2097 1482 2119 esset.
1519 2093 1685 2128 Scripturas

293 2148 391 2165 sacras
418 2137 503 2171 quasi
530 2137 701 2164 memoriter
719 2133 833 2165 'tenens
861 2142 930 2172 post
957 2137 1122 2164 orationem
1154 2137 1287 2171 psalmos
1321 2137 1407 2170 quasi
1433 2141 1496 2164 Deo
1528 2143 1686 2172 praesente

294 2183 417 2215 cecinit,
444 2192 459 2208 a
479 2185 558 2210 XXI.
579 2192 657 2209 anno
676 2192 770 2216 usque
790 2182 827 2209 ad
846 2185 953 2211 XXVI.
973 2182 1068 2209 tribus
1088 2181 1173 2208 aunis
1192 2181 1296 2216 primis
1317 2182 1459 2209 dimidiae
1480 2182 1568 2209 lentis
1588 2188 1686 2210 sexta-

292 2228 368 2254 rium
388 2226 590 2254 madefactum
609 2237 685 2260 aqna
704 2227 813 2259 [rigida
832 2228 978 2260 comedit,
1005 2227 1072 2254 aliis
1100 2226 1195 2253 tribus
1224 2227 1418 2260 soquentitnis
1442 2237 1550 2262 panem
1570 2229 1685 2255 aridum

293 2283 359 2299 cum
380 2272 442 2299 sale
462 2276 490 2299 et
512 2282 588 2305 aqua
608 2272 724 2301 sumsit.
759 2274 784 2299 A
811 2276 934 2301 xxvu.
961 2282 1055 2306 usque
1084 2272 1122 2298 ad
1145 2274 1239 2299 XXX.
1265 2271 1365 2299 herbis
1393 2273 1559 2304 agrestibus
1578 2278 1607 2300 et
1624 2274 1685 2301 vir—

294 2318 443 2350 gultorum
463 2316 614 2343 radicibus
635 2316 734 2343 crudis
754 2322 937 2344 sustentatus
958 2323 1019 2351 est,
1047 2327 1062 2343 a
1082 2320 1175 2343 XXX.
1196 2316 1313 2343 unciam
1332 2316 1419 2351 panis
1439 2321 1467 2344 et
1487 2322 1602 2345 coctum
1622 2327 1686 2345 mo-

294 2363 394 2388 dicum
415 2361 480 2388 olus
501 2361 614 2393 absque
635 2361 702 2387 oleo
719 2361 859 2388 comedit.
897 2363 1033 2389 Sentivns
1049 2367 1147 2388 antem
1163 2361 1289 2393 caligare
1304 2361 1406 2389 oculos
1420 2367 1448 2389 et
1464 2366 1562 2390 totum
1579 2371 1685 2398 corpus

294 2407 324 2434 in
344 2406 548 2441 impetiginem
567 2405 646 2432 verti
665 2410 692 2432 et
715 2406 840 2440 punicea
860 2406 1022 2433 scabedinv
1042 2406 1186 2438 conti-ahi,
1206 2406 1244 2432 ad
1263 2406 1446 2441 superiorem
1459 2407 1557 2434 cibum
1578 2408 1685 2443 adjecit

295 2462 401 2486 parum
421 2450 490 2478 oloi.
527 2453 561 2477 Et
582 2451 637 2477 hoc
663 2460 758 2483 usque
785 2451 822 2476 ad
843 2454 944 2479 LXIV.
965 2461 1073 2477 anuum
1092 2451 1173 2477 vitae
1193 2460 1263 2478 suae
1283 2451 1336 2477 tali
1355 2452 1481 2478 cucurrit
1501 2453 1592 2485 gradu
1611 2452 1685 2478 nihil

296 2501 417 2528 gustans
438 2504 594 2530 pomorum
615 2500 663 2521 ant
685 2495 866 2527 leguminum
886 2505 939 2522 seu
957 2498 1159 2529 cujuscunque
1187 2495 1310 2523 alterius
1336 2496 1526 2524 delectabilis
1545 2497 1594 2523 rei.
1631 2496 1685 2523 llic

297 2542 366 2567 «lum
392 2541 526 2572 videret,
562 2549 592 2566 se
620 2549 744 2574 corpore
775 2539 947 2572 fatigatum,
986 2545 1015 2566 et
1043 2541 1154 2567 exitum
1181 2540 1314 2567 crs-deret
1340 2540 1509 2573 imminere,
1542 2550 1558 2567 a
1582 2543 1684 2568 LXIV.

298 2595 390 2617 nsque
410 2585 446 2610 :ul
468 2588 556 2613 Lxx.
577 2594 653 2619 pano
674 2585 816 2611 abstinuit
838 2585 1008 2611 incredibili
1034 2584 1154 2611 sorvoro
1174 2585 1296 2617 mentis,
1321 2590 1353 2612 ut
1380 2595 1415 2612 eo
1440 2590 1573 2619 tempore
1600 2585 1686 2617 quasi

298 2638 394 2653 novus
414 2630 564 2655 acnvilvrvt
587 2629 625 2655 ad
645 2629 819 2655 servitutem
841 2630 907 2662 nei,
935 2640 993 2663 quo
1020 2631 1127 2657 cai-teri
1148 2630 1245 2657 solent
1264 2630 1415 2657 remissius
1434 2629 1546 2656 vivere.
1583 2630 1685 2657 Fit-hat

299 2677 397 2699 antem
423 2673 449 2700 ei
476 2674 691 2701 sorbitiuncula
711 2674 749 2701 de
773 2673 867 2701 farina
893 2679 921 2702 et
949 2685 1014 2702 cum
1041 2674 1164 2702 minimo
1184 2675 1256 2708 olei,
1283 2675 1335 2702 vix
1353 2683 1408 2709 pro
1428 2673 1495 2702 cibo
1516 2678 1542 2700 et
1566 2680 1639 2709 potu
1659 2678 1685 2703 V
