1742 3005
270 96 365 145 Cap.
400 95 620 133 CLXXXll.
690 95 748 132 De
779 94 1020 132 dedicatione
1051 94 1246 140 ecclesiae.
1370 93 1449 132 847

66 199 173 235 refert
199 198 392 245 Gregorius
421 201 452 234 in
483 199 653 246 dyfflogo,
682 200 796 246 quod,
828 210 900 235 eum
928 199 1098 245 quaedam
1126 199 1276 234 ecclesia
1300 198 1451 233 Ariano-

65 276 136 299 rum
173 265 336 300 fidelibus
371 265 508 300 reddita
542 271 810 301 consecraretur
843 271 877 301 et
910 266 1081 311 reliquiae
1112 267 1223 299 saneti
1251 264 1453 299 Sebastiaui

63 336 99 366 et
125 331 251 366 beatae
277 331 440 377 Agatliae
468 331 549 365 illue
575 331 713 366 delatae
749 332 919 373 fuissent,
956 332 1106 375 populus
1138 331 1265 364 ibidem
1301 342 1451 376 congre—

62 402 168 443 gatus
202 407 346 441 porcum
385 397 502 431 subito
538 398 630 431 intra
663 407 745 430 suos
772 396 880 441 pedes
908 396 974 429 huc
1001 396 1080 429 illue
1105 396 1303 430 discurrere
1329 407 1451 431 sensen

63 467 160 505 runt,
196 464 254 508 qni
288 462 382 497 fores
417 463 588 497 ecclesiae
622 468 786 507 repetens
818 461 957 494 anullo
985 460 1095 495 videri
1121 463 1234 505 potuit
1261 472 1449 507 omnesque

62 530 95 562 in
132 528 396 563 admirationem
431 530 627 562 commovit.
686 527 784 566 Quod
825 526 956 560 idcirco
998 526 1155 560 dominus
1196 526 1369 568 ostendit,
1416 532 1452 561 ut

61 596 194 628 cunctis
222 594 422 639 patefieret,
461 593 553 637 quod
582 593 624 627 de
651 593 727 627 loco
756 592 876 627 eodem
904 591 1096 626 immundus
1123 591 1302 626 habitator
1328 594 1449 626 exiret.

61 660 227 705 Sequenti
254 663 368 692 autem
395 663 495 693 nocte
521 669 668 704 magnus
699 660 733 692 in
766 658 921 703 ejusdem
958 658 1130 692 ecclesiae
1154 659 1257 692 tectis
1283 660 1450 702 strepitus

61 725 172 758 sactus
215 729 286 766 est,
335 734 376 758 ac
419 725 448 758 si
491 726 524 758 in
557 724 623 758 hoe
655 725 782 770 aliquis
824 723 972 758 errando
1010 723 1233 758 discurreret.
1293 724 1452 758 Secunda

60 791 183 824 iterum
211 794 313 825 nocte
336 791 482 836 gravior
506 800 613 824 sonus
642 791 806 833 increvit,
841 795 938 824 tauto
978 801 1060 824 vero
1094 794 1228 824 terrore
1260 791 1367 824 tertia
1399 792 1450 824 in-

59 857 196 899 sonuit,
240 866 281 890 ao
321 858 351 890 si
392 857 503 890 omnis
544 856 605 890 illa
640 857 789 891 ecclesia
831 867 852 890 a
886 855 1119 889 fundamentis
1154 856 1279 889 suisset
1315 866 1448 889 eversa.

59 923 254 967 Statimque
280 923 427 957 recessit
452 932 514 956 nee
539 922 687 966 amplius
714 922 774 955 illa
800 923 933 966 antiqui
968 921 1079 954 hostis
1105 920 1310 965 inquietudo
1338 931 1449 965 appa-

58 989 146 1030 ruit,
173 988 234 1022 sed
264 999 327 1033 per
350 990 495 1023 terroris
521 989 688 1030 sonitum,
717 998 817 1032 quem
844 988 945 1029 fecit,
974 988 1143 1027 innotuit,
1172 996 1192 1020 a
1217 986 1313 1027 loco,
1349 997 1449 1031 quem

59 1053 117 1088 diu
154 1059 333 1096 tenuerat,
376 1064 477 1099 quam
517 1057 659 1087 coaetus
706 1055 835 1088 exibat.
894 1053 985 1087 llaec
1021 1052 1226 1097 Gregorius.
1288 1052 1450 1086 Secundo

59 1124 302 1160 consecratur,
330 1124 366 1154 ut
391 1120 434 1154 ad
461 1130 535 1154 eam
564 1120 738 1165 fugientes
764 1120 954 1154 salventur.
1003 1117 1099 1153 Unde
1119 1118 1259 1163 aliquae
1277 1119 1450 1153 ecclesiae

58 1190 139 1231 post
176 1186 432 1221 dedicationem
466 1196 487 1221 a
524 1187 739 1232 principibus
774 1186 1064 1230 priuilegiantur,
1107 1189 1163 1226 ut,
1198 1187 1255 1229 qui
1290 1184 1334 1218 ad
1375 1195 1448 1219 eam

57 1253 299 1298 confugerint,
326 1252 516 1287 salventur.
564 1252 661 1287 Unde
687 1252 773 1286 dicit
801 1261 930 1285 canon:
967 1261 1047 1284 reos
1073 1252 1256 1296 sanguinis
1285 1251 1451 1286 desendet

56 1319 228 1361 ecclesia,
267 1329 309 1354 ne
343 1320 444 1353 vitam
479 1319 628 1363 perdant
661 1323 695 1353 et
728 1318 899 1359 membra,
945 1321 978 1352 et
1012 1317 1055 1351 ol)
1090 1317 1155 1351 hoe
1185 1317 1275 1352 Joab
1313 1319 1346 1351 in
1378 1318 1449 1352 tale

55 1385 318 1419 tabernaculum
351 1385 512 1431 confugit
544 1390 578 1420 et
608 1395 716 1418 cornu
751 1384 874 1418 altaris
910 1384 1155 1429 apprehendit.
1207 1384 1330 1418 Tertio
1365 1394 1448 1418 con-

57 1455 236 1493 secratur,
279 1455 316 1485 ut
349 1450 477 1485 ibidem
521 1454 700 1485 orationes
744 1451 995 1493 exaudiantur,
1040 1451 1132 1496 quod
1179 1452 1352 1495 signatum
1395 1456 1449 1486 est

54 1515 111 1554 Ill.
137 1516 224 1563 Reg.
251 1516 357 1559 Vlll.,
392 1517 452 1551 ubi
479 1517 643 1552 Salomon
671 1517 833 1552 dedicato
860 1516 988 1561 templo
1015 1518 1083 1550 ait:
1120 1519 1314 1562 quicunque
1340 1528 1449 1563 roga>

57 1584 145 1617 verit
170 1584 204 1617 in
231 1583 310 1618 loeo
339 1585 427 1627 isto,
462 1585 628 1619 exaudies
656 1586 687 1618 iu
715 1583 792 1617 loco
819 1582 1011 1616 habitaculi
1039 1583 1088 1616 tui
1117 1584 1148 1617 in
1174 1583 1286 1624 coelo,
1314 1589 1347 1617 et
1372 1596 1445 1618 cum

56 1648 278 1692 exaudieris,
314 1652 488 1695 propitius
528 1652 610 1685 eris.
660 1650 855 1684 Adoramus
888 1654 1002 1683 autem
1035 1651 1068 1683 in
1105 1652 1191 1694 ipsis
1218 1650 1375 1684 ecclesiis
1403 1652 1446 1685 ad

55 1717 244 1757 orientem,
283 1715 377 1761 quod
413 1715 450 1750 fit
482 1717 612 1761 triplici
646 1717 782 1751 ratione
814 1715 1003 1750 secuudum
1038 1716 1289 1750 Damaseenum
1324 1717 1363 1751 L.
1388 1717 1444 1752 lv.

55 1792 84 1817 c,
110 1781 150 1817 V.
198 1782 335 1825 Primo,
372 1786 409 1816 ut
441 1785 590 1827 patriam
625 1787 779 1817 nostram
806 1793 869 1816 nos
895 1785 1076 1827 requirere
1104 1782 1349 1825 ostendamus,
1386 1794 1444 1818 se-

53 1848 184 1891 cundo,
210 1852 248 1883 ut
272 1849 316 1883 ad
342 1848 516 1884 Christum
544 1850 741 1884 crucifixum
772 1851 1016 1894 respiciamus,
1045 1852 1161 1892 tertio,
1189 1855 1225 1885 ut
1252 1853 1443 1886 venientem

48 1914 201 1960 judicem
228 1925 291 1950 nos
318 1919 524 1960 exspectare
551 1921 790 1951 monstremus.
838 1917 898 1951 Ait
923 1918 1010 1950 enim
1037 1918 1106 1951 sie:
1134 1916 1225 1952 Deus
1243 1919 1442 1963 paradisum

52 1982 87 2014 in
114 1980 221 2016 Edem
247 1981 291 2016 ad
316 1983 484 2017 orientem
505 1982 710 2027 -plantavit,
746 1982 836 2017 unde
872 1982 1043 2017 hominem
1080 1995 1259 2030 egressum
1289 1987 1441 2021 exsulem

53 2046 139 2081 feeit
155 2050 190 2080 et
209 2050 289 2081 ante
306 2047 507 2090 paradisum
531 2059 572 2082 ex
592 2049 770 2083 occidente
796 2048 957 2082 babitare
984 2049 1078 2083 fecit.
1126 2051 1313 2095 Antiquam
1336 2053 1444 2096 igitur

51 2113 199 2157 patriam
233 2113 455 2157 exquirentes
487 2115 521 2146 et
553 2112 598 2146 ad
631 2114 740 2157 ipsam
783 2113 1020 2157 adspicientes
1056 2114 1160 2149 Deum
1199 2116 1243 2149 ad
1271 2118 1441 2152 orientem

52 2178 250 2216 adoramus.
300 2177 370 2212 Sed
397 2182 430 2212 et
454 2177 611 2212 domiuus
640 2179 823 2213 crucifixus
858 2178 903 2212 ad
930 2179 1142 2214 occidentem
1170 2183 1383 2227 respiciebat
1407 2189 1441 2218 et

51 2246 101 2279 ita
125 2243 311 2278 adoramus
338 2243 382 2278 ad
408 2245 520 2289 ipsum
547 2245 778 2289 respicientes
807 2250 840 2280 et
858 2250 1032 2280 assumtus
1053 2246 1096 2281 ad
1115 2249 1282 2284 orientem
1302 2260 1439 2284 sursum

52 2310 232 2345 serebatur
259 2314 294 2345 et
321 2311 370 2344 ita
395 2311 505 2354 ipsum
533 2311 684 2355 apostoli
712 2310 949 2346 adoraverunt
976 2317 1009 2347 et
1034 2315 1083 2347 ita
1106 2315 1232 2356 veniet,
1263 2315 1438 2360 quomodo

51 2374 213 2410 viderunt
243 2380 378 2410 euntem
415 2376 450 2409 in
483 2376 630 2412 eoelum.
676 2376 790 2421 lpsum
824 2379 932 2423 igitur
965 2384 1211 2424 exspectantes
1245 2380 1290 2414 ad
1318 2383 1437 2415 orien-

48 2445 116 2476 tem
142 2440 341 2476 adoramus.
390 2441 484 2476 Haec
510 2441 758 2477 DamaseenuS.
810 2443 940 2483 Quarto
968 2450 1218 2486 consecratur,
1244 2450 1281 2479 ut
1309 2445 1437 2482 ibidem

49 2506 170 2541 laudes
198 2506 269 2541 Deo
296 2506 496 2541 reddantur.
546 2507 646 2547 Quod
673 2508 809 2553 quidem
836 2508 873 2543 lit
899 2511 931 2544 in
959 2515 1092 2555 septem
1126 2510 1224 2545 horis
1258 2514 1437 2547 canonicis

48 2573 125 2606 sive
149 2574 346 2615 matutinis,
372 2574 502 2618 prima,
528 2575 651 2615 tertia,
678 2578 792 2616 sexta,
819 2585 929 2617 nona,
956 2586 1106 2620 vespera
1132 2581 1167 2611 et
1191 2578 1435 2622 completorio.

46 2636 91 2672 Et
123 2637 205 2673 lieet
237 2639 270 2672 in
306 2639 464 2684 qualibet
495 2638 583 2673 hora
608 2639 677 2673 diei
703 2639 795 2674 Deus
822 2640 917 2676 es‘sct
948 2642 1164 2684 laudandus,
1201 2647 1326 2685 tamen,
1351 2645 1434 2688 quia

47 2702 93 2737 ad
117 2702 183 2738 hoc
209 2704 389 2740 infirmitas
415 2709 537 2740 nostra
563 2716 631 2740 uon
657 2705 808 2751 suflicit,
843 2707 1036 2742 ordinatum
1072 2713 1142 2751 est,
1178 2712 1214 2743 ut
1246 2707 1299 2743 bis
1333 2707 1432 2742 horis
