1742 3005
224 109 306 150 478
529 110 626 159 Cap.
656 108 798 146 CXllL
856 109 914 146 De
946 115 1076 146 sancto
1107 107 1320 145 Dominico.

227 215 309 261 quid
328 213 397 248 sibi
415 213 482 248 hoc
504 211 622 254 vellet,
649 212 905 257 interrogaret,
930 212 990 246 ait:
1016 211 1187 257 quosdam
1203 212 1331 247 fratres
1347 214 1456 253 tento,
1483 214 1518 246 ut
1538 211 1615 257 plus

224 279 408 315 comedant
442 282 475 313 et
507 279 558 312 sic
589 287 632 312 ex
665 278 772 311 nimia
797 275 867 310 cibi
893 278 1066 311 sumtione
1092 277 1318 322 delinquant,
1351 276 1542 323 quosdam,
1578 282 1617 312 ut

225 349 336 381 minus
371 348 508 379 sumant
540 348 576 378 et
611 344 662 377 sic
694 344 729 377 iu
759 341 825 377 Dei
858 343 1003 377 servitio
1037 346 1073 377 et
1107 343 1162 376 sui
1195 342 1329 377 ordinis
1366 343 1616 378 observatione

224 411 417 446 debiliores
456 407 551 443 fiant.
598 407 683 444 Inde
717 407 816 442 duxit
849 418 925 443 eum
959 406 1003 442 ad
1038 407 1270 450 locutorium,
1306 407 1349 442 de
1384 419 1452 454 quo
1486 409 1615 445 ibidem

225 478 354 512 fratres
388 479 561 517 tentaret,
604 475 796 520 inquirens.
846 473 947 509 Tune
990 474 1051 508 ille
1085 472 1209 508 crebro
1244 473 1399 519 linguam
1431 475 1616 509 revolvens

225 543 397 577 mirabilis
425 540 643 575 confusionis
670 550 791 574 sonum
816 539 1010 584 promebat.
1059 539 1166 580 Quem
1192 550 1266 574 eum
1294 544 1437 574 sanetus
1460 539 1617 574 Domini-

224 620 307 652 eus,
345 608 428 654 quid
460 607 530 641 sibi
564 606 632 640 hoe
657 606 780 647 vellet,
807 607 1020 651 inquireret,
1061 607 1129 640 ait:
1171 604 1226 640 hic
1261 605 1360 640 locus
1393 610 1488 640 totus
1519 616 1616 641 meus

225 679 290 715 est,
315 684 391 708 eum
416 674 505 708 enim
532 673 660 706 fratres
686 672 733 705 ad
759 671 969 716 loquendum
995 672 1215 713 conveniunt,
1242 681 1303 706 eos
1323 675 1459 706 tentare
1476 671 1615 713 studeo,

224 744 261 774 ut
284 738 430 773 confuse
455 738 662 782 loquantur,
696 747 775 771 sese
802 735 983 769 inutilibus
1008 736 1126 770 verbis
1152 738 1398 772 commisceant
1424 741 1459 771 et
1488 739 1616 778 ¹)unus

223 805 329 840 alium
354 814 423 838 non
447 806 640 847 exspectet.
686 801 866 836 Postremo
903 801 1002 835 duxit
1032 812 1106 835 eum
1133 801 1176 836 ad
1205 802 1414 846 capitulum,
1450 801 1514 836 sed
1539 811 1615 836 cum

223 876 304 906 ante
332 871 458 905 ostium
483 868 628 913 capituli
654 866 801 909 suisset,
828 866 976 901 daemon
1002 867 1201 901 nullatenus
1231 868 1362 901 intrare
1387 867 1519 909 voluit,
1552 866 1615 902 sed

223 939 291 972 ait:
325 936 391 970 hue
422 944 596 980 nunquam
631 933 834 979 ingrediar,
874 934 957 978 quia
988 932 1088 967 loeus
1114 932 1373 967 maledictionis
1401 936 1434 967 et
1458 932 1615 966 infernus

223 1003 306 1038 mihi
332 1006 403 1043 est,
431 1005 464 1035 et
487 1004 596 1034 totum
621 999 670 1033 ibi
695 1001 828 1041 amitto,
855 998 949 1044 quod
975 1000 1009 1033 in
1036 999 1116 1032 aliis
1140 998 1227 1032 loeis
1252 998 1380 1032 lucror.
1429 997 1515 1031 Nam
1541 1008 1616 1033 cum

223 1069 375 1114 aliquem
411 1067 551 1101 fratrem
588 1076 651 1110 per
675 1064 827 1109 aliquam
855 1064 1107 1110 negligentiam
1134 1063 1337 1109 delinquere
1364 1063 1503 1106 fecero,
1536 1073 1615 1097 mox

222 1136 256 1168 in
291 1134 368 1168 loeo
393 1132 459 1166 hoc
489 1131 745 1165 maledictionis
780 1129 823 1163 de
858 1131 936 1174 ipsa
969 1129 1190 1175 negligentia
1221 1140 1259 1164 se
1284 1133 1414 1175 purgat
1439 1134 1475 1164 et
1499 1138 1615 1163 eoram

224 1198 384 1234 omnibus
418 1208 457 1232 se
493 1196 698 1241 proclamat.
748 1194 833 1229 Nam
867 1194 923 1229 hie
955 1200 1156 1237 monentur,
1197 1194 1253 1229 luc
1289 1196 1514 1237 confitentur,
1556 1194 1616 1228 hie

223 1267 445 1306 accusantur,
471 1262 528 1296 hie
553 1261 794 1303 verberantur,
826 1260 885 1295 hie
909 1260 1150 1302 absolvuntur,
1183 1265 1218 1296 et
1242 1263 1294 1295 sio
1317 1265 1426 1296 totum
1452 1261 1615 1294 amisisse

222 1342 276 1366 me
298 1330 414 1372 doleo,
441 1327 534 1374 quod
560 1326 645 1361 alibi
669 1337 723 1361 me
747 1326 916 1361 lucratum
941 1325 1151 1372 gaudebam.
1199 1325 1242 1360 Et
1258 1326 1312 1361 liis
1333 1326 1435 1360 dictis
1462 1327 1614 1362 evanuit.

223 1396 383 1432 Tandem
415 1394 720 1440 appropinquante
751 1394 1050 1438 peregrinationis
1095 1394 1242 1427 termino
1277 1394 1486 1427 constitutus
1520 1391 1615 1437 apud

221 1462 416 1497 Bononiam
457 1461 557 1506 gravi
586 1459 905 1504 coepit.001·poris
940 1457 1139 1493 infirmitate
1174 1458 1355 1504 languere.
1404 1457 1468 1492 Sui
1501 1461 1616 1492 autem

222 1529 382 1572 corporis
407 1525 593 1560 dissolutio
620 1524 689 1559 sibi
714 1526 749 1558 in
774 1525 909 1559 visione
933 1528 1127 1559 monstrata
1154 1528 1219 1560 est.
1267 1524 1365 1560 Vidit
1399 1525 1488 1558 enim
1509 1526 1615 1569 juve-

222 1604 298 1628 nem
314 1591 581 1638 pulcherrimum
600 1590 655 1625 his
681 1591 798 1626 verbis
824 1600 863 1625 se
891 1594 1071 1625 vocantem
1096 1593 1130 1625 et
1155 1590 1344 1625 dicentem:
1370 1591 1461 1631 veni,
1488 1589 1615 1624 dilecte

223 1661 288 1701 mi,
315 1659 393 1692 veni
419 1657 463 1690 ad
487 1656 641 1702 gaudia,
669 1657 760 1690 veni.
809 1656 1019 1690 Convocatis
1045 1657 1154 1702 igitur
1185 1655 1354 1690 fratribus
1380 1655 1616 1690 Bononiensis

225 1728 417 1760 conventus
442 1722 518 1760 ΧΠ.
544 1733 588 1757 ne
615 1732 676 1756 eos
704 1721 922 1756 exhaeredes
948 1726 982 1756 et
1007 1721 1184 1766 orphanos
1209 1721 1480 1767 derelinqueret,
1505 1725 1617 1756 testa-

224 1795 374 1825 mentum
400 1788 559 1823 condidit
582 1787 718 1821 dicens:
745 1786 832 1820 llaec
855 1791 956 1827 sunt,
990 1797 1080 1831 quae
1107 1787 1206 1820 vobis
1233 1791 1398 1832 tanquam
1423 1787 1504 1820 liliis
1528 1785 1615 1820 hae-

225 1855 404 1891 reditariis
425 1855 505 1899 jure
532 1851 751 1897 possidenda
776 1852 954 1896 relinquo,
990 1853 1170 1886 caritatem
1205 1851 1351 1894 habete,
1386 1851 1615 1886 humilitatem

226 1924 385 1961 servate,
420 1922 661 1964 paupertatem
688 1918 919 1951 voluntariam
951 1917 1144 1962 possidete.
1192 1916 1281 1951 Illud
1314 1928 1416 1960 vero,
1448 1927 1518 1962 qua
1550 1928 1615 1962 po-

225 1988 311 2028 tuit,
338 1986 556 2019 districtione
582 1982 780 2028 prohibuit,
807 1985 941 2028 nequis
962 1994 1110 2029 unquam
1138 1984 1171 2017 in
1193 1993 1257 2017 suo
1277 1982 1399 2017 ordine
1415 1983 1618 2027 possessio-

228 2063 289 2086 nes
315 2051 496 2085 induceret
521 2048 750 2093 temporales,
783 2049 1062 2084 maledictionem
1096 2049 1160 2083 Dei
1186 2049 1432 2093 omnipotentis
1462 2052 1496 2083 et
1520 2058 1617 2083 suam

227 2117 435 2152 terribiliter
460 2117 654 2159 imprecans
681 2116 724 2156 ei,
751 2115 810 2159 qui
837 2106 1119 2159 praedicatorum
1145 2113 1299 2149 ordinem
1326 2118 1541 2149 terrenarum
1564 2114 1618 2148 di-

229 2185 389 2218 vitiarum
422 2182 564 2226 pulvere
602 2184 845 2225 praesumeret
879 2180 1064 2215 maculare.
1113 2179 1295 2214 Fratribus
1337 2190 1421 2214 vero
1458 2179 1502 2214 de
1540 2183 1618 2225 ejus

230 2249 456 2283 destitutione
494 2245 801 2282 inconsolabiliter
833 2245 1034 2280 dolentibus
1068 2245 1218 2280 dulciter
1250 2255 1313 2281 eos
1338 2245 1526 2280 consolans
1552 2247 1619 2280 ait:

231 2326 273 2350 ne
289 2325 350 2348 vos
366 2323 453 2354 mea,
481 2312 555 2354 lilii,
585 2312 824 2356 ²)eorporalis
839 2312 957 2347 turbet
977 2311 1170 2354 discessio,
1194 2311 1394 2346 nullatenus
1419 2311 1620 2347 dubitantes

230 2381 403 2416 utiliorem
417 2390 469 2414 me
484 2388 544 2413 vos
557 2382 724 2412 mortuum
737 2376 920 2412 habituros
932 2387 1032 2422 quam
1051 2379 1174 2412 vivum.
1201 2377 1353 2412 Proinde
1371 2376 1416 2411 ad
1433 2381 1620 2413 extremam

232 2447 353 2481 horam
386 2446 528 2481 veniens
563 2454 654 2477 anno
690 2442 819 2477 domini
851 2442 1031 2478 MCGXXI
1065 2443 1229 2478 dormivit
1254 2444 1288 2477 in
1313 2442 1464 2478 domino.
1513 2443 1620 2487 Cujus

234 2512 370 2557 quidem
390 2511 558 2546 transitus
577 2509 696 2544 eadem
715 2509 772 2543 die
789 2509 980 2555 eademque
998 2509 1087 2544 liora
1107 2509 1207 2543 fratri
1235 2510 1269 2553 ³)
1283 2508 1383 2543 Guali
1406 2509 1516 2554 priori
1539 2511 1621 2542 tunc

236 2578 379 2611 fratrum
425 2575 708 2621 praedicatorum
754 2574 797 2610 de
838 2575 960 2611 Brixia
1000 2574 1219 2621 postmodum
1270 2574 1427 2620 eJusdem
1470 2574 1621 2608 civitatis

305 2675 331 2704 1)
352 2673 404 2705 Ed,
424 2677 465 2699 rr.
486 2684 597 2702 unum
617 2674 720 2702 alind
742 2674 820 2707 legit.
924 2675 952 2706 2)
973 2672 1024 2703 Ed.
1046 2677 1087 2701 t’r.
1107 2671 1294 2701 carnalis.
1381 2671 1409 2702 3)
1429 2670 1619 2698 nocentiore<

236 2717 361 2744 nllvruni
382 2720 404 2744 Α
419 2718 424 2743 l
438 2719 454 2742 l·
466 2728 480 2743 ‹·
492 2728 503 2743 r
514 2722 521 2744 t
533 2728 559 2745 (¹.
