1742 3005
215 88 289 127 142.
546 91 641 138 Cap.
677 89 794 125 XXX.
854 90 911 126 De
944 99 1071 127 sancto
1104 91 1268 128 Juliano.

212 195 360 240 pemur?
387 193 637 239 dixeruntque:
661 194 883 239 projiciamus
909 203 1010 227 unum
1038 205 1080 229 ex
1110 194 1212 229 nobis
1239 196 1272 228 in
1300 195 1597 241 plaustrumsupi

211 271 288 295 num
313 264 347 293 et
373 269 447 293 eum
483 259 607 303 pannis
636 259 877 303 cooperiamus
905 257 1128 304 dicemusque
1145 288 1152 301 ,
1196 259 1289 305 quod
1317 260 1487 296 hominem
1512 273 1602 296 mor>

211 333 301 360 tuum
330 327 364 358 in
390 323 548 358 vehiculo
582 323 749 358 habemus
785 326 819 358 et
849 324 898 357 sic
925 322 1026 358 liberi
1052 325 1202 359 transire
1228 327 1429 369 poterimus,
1502 329 1601 364 Arri-

211 393 416 436 pientesque
443 389 612 425 bominem
639 400 740 424 uuum
770 390 802 422 in
830 389 1021 434 plaustrum
1049 390 1274 434 projecerunt
1297 392 1399 436 eique
1422 392 1601 428 dixerunt:

210 462 246 491 tu
271 456 336 491 sile
372 460 407 491 et
439 456 559 490 oculos
589 455 712 490 claude
738 459 773 490 et
797 464 978 500 quousque
1002 456 1264 499 transierimus,
1317 458 1419 501 quasi
1447 462 1600 493 mortuus

206 525 298 567 jace.
368 521 521 567 Cumque
548 522 717 556 hominem
744 524 921 566 tamquam
949 524 1119 555 mortuum
1145 523 1411 567 cooperuissent
1434 527 1468 558 et
1492 534 1601 569 usque

211 587 256 622 ad
282 587 430 622 famulos
455 587 518 622 Dei
542 587 717 623 Julianum
745 590 779 621 et
801 586 929 622 Julium
955 588 1146 630 venissent,
1172 587 1335 623 dixerunt
1360 589 1392 623 ei
1409 591 1502 624 servi
1517 589 1600 624 Dei:

212 654 309 687 tilioli
343 663 530 698 parumper
562 652 724 687 subsitite
760 657 794 687 et
817 663 881 687 nos
912 654 945 687 in
980 652 1046 687 hoc
1083 663 1189 697 opere
1225 653 1392 688 modicum
1422 654 1598 699 adjuva-te.

213 721 277 761 Qui
303 718 578 762 responderunt:
606 727 675 751 non
700 728 884 762 possumus
912 718 967 752 hic
992 722 1100 760 stare,
1127 721 1289 763 quoniam
1314 719 1485 754 hominem
1510 731 1601 754 mor-

213 790 304 819 tuum
333 785 365 817 in
390 783 548 828 plaustro
573 782 752 818 habemus.
824 783 956 823 Quibus
982 787 1123 818 sanctus
1153 784 1313 819 Julianus
1339 785 1444 819 dixit:
1503 787 1538 831 ¹)
1564 791 1599 820 ut

213 850 293 896 quid
320 851 368 883 ita
394 849 583 883 mentimini
609 848 698 884 tilii?
770 848 814 883 Et
836 848 908 883 illi:
958 859 1026 882 non
1052 851 1233 885 mentimur
1264 849 1422 893 domine,
1463 850 1525 886 sed
1551 853 1600 886 sie

212 920 278 958 est,
305 919 342 949 ut
364 914 549 959 loquimur.
622 913 665 949 Et
692 918 832 949 sanetus
864 914 1024 950 Julianus
1051 915 1157 949 dixit:
1208 915 1395 951 seeundum
1420 918 1599 952 veritatem

212 982 294 1016 dicti
322 983 428 1015 vestri
455 981 503 1014 ita
531 979 630 1014 vohis
653 982 845 1026 contingat.
917 979 962 1015 Et
988 980 1038 1014 illi
1071 980 1180 1015 hoves
1211 986 1406 1027 pungentes
1440 987 1598 1027 pertran-

211 1050 345 1083 sierunt
365 1056 509 1090 cumque
536 1046 656 1090 procul
684 1047 990 1091 pertransiissent,
1016 1046 1222 1082 accedentes
1247 1047 1291 1081 ad
1315 1058 1450 1082 currum
1474 1058 1599 1094 eoepe-

214 1118 291 1148 runt
322 1112 493 1158 collegam
528 1121 624 1146 suum
661 1122 787 1147 vocare
826 1122 868 1146 ex
893 1113 1029 1147 nomine
1055 1111 1229 1147 dicentes:
1281 1123 1387 1160 surge
1413 1114 1538 1148 amodo
1566 1119 1599 1149 et

212 1179 352 1215 stimula
376 1177 507 1220 boves,
556 1182 591 1211 ut
617 1178 764 1212 celerius
792 1182 1021 1212 transeamus.
1086 1177 1168 1213 Cum
1200 1183 1317 1225 autem
1339 1180 1535 1214 nullatenus
1562 1191 1599 1215 se

212 1248 386 1287 moveret,
412 1255 488 1278 eum
514 1244 654 1289 pulsare
680 1247 872 1288 coeperunt
898 1243 1071 1278 dicentes:
1119 1248 1155 1277 ut
1180 1245 1262 1290 quid
1288 1245 1446 1280 deliras?
1492 1256 1599 1291 surge

212 1317 246 1348 et
271 1311 411 1347 stimula
435 1310 556 1344 bores.
605 1309 675 1344 Sed
699 1319 774 1343 cum
799 1309 996 1344 nullatenus
1023 1310 1083 1344 ille
1107 1310 1356 1355 responderet,
1393 1311 1599 1346 accedentes

211 1379 525 1423 discooperuerunt
560 1385 635 1410 eum
671 1378 705 1410 et
729 1378 897 1409 mortuum
932 1376 1137 1410 invenerunt
1161 1379 1348 1422 tantusque
1373 1378 1477 1411 timor
1502 1378 1599 1422 ipsos

213 1449 247 1480 et
271 1447 431 1479 caeteros
462 1443 612 1484 invasit,
655 1444 691 1475 ut
716 1440 830 1475 nullus
856 1441 898 1477 de
924 1445 1064 1477 caetero
1091 1442 1219 1476 famulo
1245 1442 1307 1477 Dei
1330 1444 1464 1477 mentiri
1491 1442 1595 1478 aude-

213 1513 276 1545 ret.
301 1529 345 1535 -—
370 1529 414 1533 —
437 1529 482 1534 —-
516 1512 561 1545 4.
589 1507 668 1542 Fuit
692 1509 796 1543 etiam
828 1507 919 1542 alius
943 1507 1102 1543 Julianus
1131 1509 1189 1553 qui
1213 1512 1394 1553 utrumque
1420 1513 1597 1554 parentem

211 1576 372 1610 nesciens
406 1574 533 1608 occidit
562 1584 707 1619 cunique
741 1575 770 1607 is
805 1573 966 1608 Julianus
999 1573 1199 1618 praedictus
1229 1575 1370 1619 Juvenis
1404 1583 1444 1608 ac
1471 1574 1598 1609 nobilis

213 1639 362 1686 ‹pxadam
390 1638 446 1674 die
476 1641 649 1674 venationi
675 1640 854 1674 insisteret
878 1643 912 1674 et
939 1639 1108 1684 quendam
1134 1650 1270 1674 cervum
1296 1643 1470 1684 repertum
1504 1641 1596 1674 inse-

213 1710 396 1751 queretur,
449 1705 564 1740 subito
599 1715 723 1740 cervus
757 1715 879 1739 versus
916 1716 990 1740 eum
1026 1705 1143 1740 divino
1177 1709 1261 1739 nutu
1296 1715 1334 1740 se
1368 1707 1473 1741 vertit
1496 1707 1597 1751 eique

213 1772 319 1805 dtxit:
345 1775 382 1804 tu
406 1782 459 1806 me
485 1772 692 1817 insequeris,
720 1771 778 1816 qui
803 1773 914 1816 patris
941 1775 974 1805 et
987 1772 1107 1805 matris
1122 1774 1203 1805 tuae
1219 1772 1470 1806 occisor-eris:>
1496 1772 1594 1812 Quod

213 1838 271 1872 ille
296 1836 442 1871 audiens
470 1836 692 1872 veliementer
719 1837 876 1871 extimuit
901 1840 947 1879 et,
978 1847 1019 1871 ne
1046 1836 1113 1870 sibi
1140 1837 1231 1871 sorte
1245 1837 1476 1882 contingeret,
1502 1837 1594 1882 quod

211 1915 232 1938 a
255 1914 360 1939 cervo
388 1903 561 1945 audierat,
588 1902 718 1937 relictis
742 1902 901 1936 omnibus
925 1902 1012 1936 clam
1036 1901 1212 1945 discessit,
1239 1902 1283 1936 ad
1299 1903 1476 1947 regionem
1495 1902 1595 1937 valde

210 1974 374 2005 remotam
412 1970 571 2014 pervenit
604 1967 721 2013 ibique
756 1968 891 2002 cuidam
926 1969 1085 2014 principi⁴
1108 1967 1271 2003 adhaesit
1302 1972 1337 2003 et
1362 1972 1431 2002 tam
1456 1972 1595 2003 strenue

209 2035 336 2081 ubique
363 2040 397 2070 et
423 2036 456 2068 in
482 2033 575 2069 bello
603 2036 636 2069 et
661 2035 694 2068 in
720 2043 805 2079 pace
831 2044 869 2069 se
894 2033 1036 2077 habuit,
1085 2034 1177 2079 quod
1213 2036 1374 2079 princeps
1407 2044 1483 2069 eum
1506 2035 1595 2068 mili-

209 2106 276 2136 tem
314 2102 395 2136 secit
427 2104 462 2135 et
500 2099 673 2145 quandam
708 2100 936 2135 castellanam
964 2099 1099 2134 viduam
1126 2101 1160 2134 in
1187 2101 1369 2145 conjugem
1396 2101 1427 2135 ei
1452 2099 1595 2135 tradidit

209 2171 244 2202 et
268 2167 448 2201 castellum
477 2177 540 2211 pro
566 2166 646 2200 dote
674 2167 820 2210 accepit.
894 2164 1032 2200 interea
1056 2169 1220 2209 parentes
1245 2165 1374 2201 Juliani
1399 2176 1463 2210 pro
1489 2167 1592 2200 amis-

209 2233 308 2267 sione
341 2232 400 2265 lilii
433 2232 563 2267 Juliani
597 2232 735 2265 nimium
767 2230 925 2265 dolentes
960 2230 1161 2276 vagabundi
1187 2230 1314 2276 ubique
1342 2230 1537 2277 pergebant
1561 2236 1593 2265 et

209 2298 311 2332 tilium
337 2308 433 2332 suum
460 2296 608 2331 sollicite
634 2295 872 2341 quaerebant:
905 2295 1043 2330 tandem
1069 2295 1112 2330 ad
1142 2300 1313 2339 castrum,
1354 2296 1411 2330 ubi
1435 2297 1595 2332 Julianus

210 2367 391 2408 praeerat,
419 2363 642 2398 devenerunt.
693 2361 789 2396 Tunc
815 2365 928 2397 autem
955 2362 1113 2397 Julianus
1141 2372 1162 2396 a
1187 2367 1303 2397 castro
1329 2372 1411 2397 casu
1439 2372 1593 2398 recesse-

210 2435 274 2464 rat.
304 2430 398 2469 Quos
424 2439 497 2462 cum
526 2438 612 2461 uxor
637 2427 764 2462 Juliani
788 2427 931 2462 vidisset
958 2432 1004 2468 et,
1034 2429 1172 2472 quinam
1198 2431 1327 2471 essent,
1356 2429 1593 2473 inquisivisset

210 2499 241 2526 vt
270 2494 317 2527 illi
346 2495 473 2536 onmia,
501 2503 591 2538 quae
619 2493 688 2527 tilio
709 2503 772 2527 suo
791 2493 1002 2535 acciderant,
1030 2498 1267 2536 enarrassent,
1293 2494 1477 2535 intellexit,
1503 2493 1594 2537 quod

211 2559 273 2591 viri
300 2560 351 2592 sui
379 2562 543 2603 parentes
568 2562 680 2601 erant,
708 2562 740 2592 ut
769 2563 864 2603 puto,
893 2560 972 2604 quia
1001 2558 1064 2593 boc
1090 2570 1111 2594 a
1129 2561 1201 2594 viro
1215 2570 1277 2595 suo
1292 2560 1381 2593 sorte
1397 2558 1595 2602 sreqiwuter

280 2704 305 2734 Ι)
324 2703 474 2738 Scriptum
494 2713 547 2738 pro
570 2703 698 2736 vulgari:
724 2714 738 2730 n
749 2705 768 2731 d
787 2714 803 2737 q
816 2704 890 2731 uid.
