1742 3005
320 131 415 183 Cap.
446 130 582 169 XCVI.
641 130 700 169 De
738 138 867 168 sancta
905 131 1026 168 Maria
1057 130 1299 181 Magdalena.
1420 130 1500 170 413

102 238 189 282 juge
215 239 250 271 et
274 245 383 280 puero
412 236 525 270 navim
551 235 666 272 laetus
694 237 897 279 conscendit
923 241 958 272 et
983 236 1188 282 paulopost
1208 236 1392 272 Massiliae
1417 247 1499 282 por-

104 304 198 338 tibus
223 302 467 347 applicuerunt
492 305 526 336 et
552 303 706 348 ingressi
732 304 939 338 invenerunt
971 303 1110 337 beatam
1136 302 1286 337 Mariam
1310 301 1499 348 Magdale-

104 378 183 403 nam
207 378 282 402 cum
308 369 380 402 suis
408 367 589 412 discipulis
614 368 888 413 praedicantem,
917 372 951 403 et
976 370 1052 413 ejus
1077 368 1226 412 pedibus
1245 378 1319 402 cum
1339 368 1500 414 lacrymis

104 434 283 479 provoluti
306 434 433 476 omnia,
463 443 552 478 quae
578 435 622 467 iis
651 434 863 475 acciderant,
890 437 1120 467 narraverunt
1148 437 1181 467 et
1206 443 1227 467 a
1252 434 1357 467 beato
1384 434 1500 469 Maxi-

104 501 196 534 mino
224 509 360 534 sacrum
386 498 560 543 baptisma
584 502 826 542 susceperunt.
874 497 974 532 Tunc
999 500 1032 531 in
1058 499 1201 532 civitate
1220 498 1405 533 Massiliae
1427 510 1500 533 om-

103 567 196 600 nium
227 565 407 610 ydolorum
442 560 572 607 templa
605 563 826 598 destruentes
861 562 991 597 Christi
1025 563 1194 598 ecclesias
1231 569 1501 599 construxerunt

104 635 139 666 et
161 631 300 666 beatum
322 629 494 662 Lazarum
519 629 554 662 in
580 627 734 673 ejusdem
760 629 913 662 civitatis
948 630 1149 673 episcopum
1182 631 1391 664 imanimiter
1426 631 1497 665 ele—

103 699 238 743 gerunt.
287 694 444 729 Tandem
481 693 599 728 divino
634 698 718 728 nutu
752 693 796 728 ad
830 695 1028 739 Aquensem
1061 696 1238 730 civitatem
1272 701 1441 731 venerunt
1465 701 1500 731 et

102 761 265 807 populum
290 752 385 794 illum
415 759 460 794 ad
486 759 589 794 fidem
617 759 746 793 Christi
773 770 836 804 per
860 760 968 794 multa
993 761 1162 794 miracula
1179 761 1410 805 adduxerunt,
1437 763 1498 797 nbi

102 828 206 862 etiam
231 826 356 861 beatus
381 825 592 861 Maximinus
621 828 656 860 in
681 827 883 871 episcopum
910 830 965 860 est
989 825 1183 860 ordinatus.
1231 827 1370 862 Interea
1392 828 1498 863 beata
1510 814 1525 868 Ἴ,

100 892 217 927 Maria
241 892 458 938 Magdalena
485 902 660 937 supernae
687 892 992 936 contemplationis
1019 892 1126 926 avida
1161 895 1389 937 asperrimum
1418 905 1495 929 ere-

101 960 190 992 nui'm
215 959 317 1003 petiit
342 962 376 992 et
400 959 435 991 in
460 958 538 992 loco
562 957 734 1003 angelicis
760 956 919 991 manibus
945 962 1157 1002 praeparato
1183 969 1247 1003 per
1261 958 1362 992 XXX
1384 969 1496 993 annos

100 1025 283 1070 incognita
305 1015 443 1058 mansit.
491 1023 530 1058 In
555 1033 623 1068 quo
647 1023 784 1067 quidem
813 1023 891 1057 loco
916 1034 980 1058 nec
1006 1034 1173 1069 aquarum
1199 1025 1330 1058 fluenta
1348 1036 1412 1059 nec
1438 1035 1496 1059 ar-

99 1090 222 1125 borum
246 1100 310 1124 nec
335 1089 520 1124 herbarum
548 1092 648 1124 erant
674 1089 822 1131 solatia,
843 1093 879 1123 ut
905 1100 948 1123 ex
974 1089 1040 1124 hoc
1067 1091 1371 1133 manifestaretur,
1400 1091 1494 1136 quod

100 1155 276 1191 redemtor
298 1158 419 1190 noster
443 1156 556 1201 ipsam
578 1165 646 1189 non
670 1156 820 1189 terrenis
848 1155 1099 1190 resectionibus
1114 1184 1121 1197 ,
1156 1156 1218 1190 sed
1253 1160 1385 1190 tantum
1411 1167 1492 1191 coe-

99 1221 247 1257 lestibus
283 1221 395 1266 epulis
441 1221 668 1266 disposuerat
703 1223 847 1255 satiare.
899 1221 1063 1261 Qualibet
1102 1225 1217 1256 autem
1261 1222 1317 1256 ‹lie
1360 1228 1494 1268 septem

99 1287 195 1322 hor1s
240 1288 417 1322 canonicis
459 1287 503 1321 ab
547 1287 685 1333 angelis
728 1288 761 1321 in
804 1286 950 1322 aethera
983 1287 1190 1322 elevabatur
1222 1293 1257 1323 et
1289 1288 1493 1323 coelestium

95 1340 274 1400 *agminum
299 1353 479 1398 gloriosos
506 1357 696 1387 concentus
731 1355 834 1387 etiam
860 1353 1104 1397 corporalibus
1139 1354 1282 1388 auribus
1315 1354 1494 1392 audiebat,

99 1419 191 1454 unde
221 1418 345 1453 diebus
381 1417 532 1464 singulis
565 1417 620 1451 his
656 1419 878 1452 suavissimis
911 1418 1060 1464 dapibus
1097 1421 1229 1454 satiata
1265 1424 1299 1454 et
1324 1420 1404 1453 inde
1432 1431 1495 1464 per

98 1484 240 1520 eosdem
266 1483 413 1530 angelos
443 1484 489 1518 ad
512 1483 624 1518 locum
652 1486 829 1529 proprium
855 1489 1022 1519 revocata
1046 1486 1292 1530 corporalibus
1318 1486 1494 1520 alimentis

97 1550 296 1586 nullatenus
343 1549 540 1596 indigebat.
592 1550 768 1584 Sacerdos
809 1555 922 1585 autem
971 1551 1109 1595 quidam
1154 1551 1349 1585 solitariam
1388 1553 1493 1585 vitam

97 1627 205 1663 agere
233 1615 437 1651 desiderans
463 1615 507 1649 ad
532 1615 715 1650 duodecim
742 1615 858 1650 stadia
885 1616 962 1650 loco
987 1616 1098 1651 eidem
1117 1618 1263 1651 vicinam
1281 1618 1348 1652 sibi
1369 1618 1491 1652 cellam

96 1684 235 1718 locavit.
283 1682 348 1717 Die
391 1683 499 1728 igitur
540 1681 688 1727 quadam
732 1681 891 1716 dominus
937 1683 1108 1727 praedicti
1143 1683 1337 1718 sacerdotis
1370 1683 1493 1717 oeulos

97 1749 236 1794 aperuit
262 1752 296 1783 et
321 1750 502 1793 corporeis
532 1748 643 1782 oculis
671 1747 854 1782 evidenter
885 1748 1071 1793 adspexit,
1106 1749 1259 1793 qualiter
1294 1749 1411 1795 angeli
1447 1749 1492 1783 ad

96 1815 312 1861 praedictum
337 1814 448 1848 locum
465 1841 474 1858 ‚
508 1815 544 1848 in
578 1824 646 1859 quo
671 1813 778 1848 beata
802 1813 921 1849 Maria
944 1815 1168 1857 morabatur,
1204 1814 1433 1850 discedebant
1459 1819 1492 1849 et

97 1890 173 1916 eam
203 1882 241 1915 in
275 1879 422 1915 aethera
455 1879 688 1914 sublevabant
715 1883 748 1914 et
772 1885 853 1925 post
877 1880 986 1915 horae
1012 1882 1163 1925 spatium
1189 1881 1233 1915 ad
1266 1880 1412 1915 eundem
1438 1881 1491 1914 lo-

95 1956 169 1981 cum
196 1956 270 1980 cum
297 1945 425 1980 divinis
450 1945 616 1980 laudibus
638 1946 864 1980 revocabant.
912 1946 1043 1981 Volens
1079 1951 1193 1981 autem
1227 1947 1394 1981 sacerdos
1421 1951 1495 1981 tam>

96 2010 314 2045 admirabilis
345 2012 493 2045 visionis
532 2012 714 2046 veritatem
750 2021 945 2057 agnoscere
982 2013 1135 2046 creatori
1168 2022 1231 2046 suo
1260 2012 1424 2057 precibus
1452 2023 1491 2046 se

94 2076 338 2111 commendans
382 2075 428 2110 ad
472 2076 688 2120 praedictum
723 2077 836 2110 locum
877 2077 1002 2111 audaci
1036 2077 1223 2111 devotione
1259 2077 1490 2121 properabat,

96 2152 241 2188 cumque
276 2141 321 2176 ad
351 2142 617 2186 unius·Jactum
651 2141 781 2186 lapidis
816 2144 1139 2187 appropinquaret,
1186 2145 1378 2186 coeperunt
1413 2142 1490 2186 eJus

94 2218 197 2243 crura
220 2207 352 2243 resolvi
378 2211 412 2243 et
431 2209 556 2242 timore
580 2206 700 2241 valido
726 2208 837 2252 ipsius
862 2207 1071 2252 praecordia
1091 2206 1489 2247 medullitus-anhelare,

94 2274 240 2318 cumque
275 2278 370 2308 retro
402 2273 557 2315 rediret,
591 2272 795 2307 ambulandi
830 2283 928 2307 usum
964 2283 1066 2308 crura
1105 2283 1179 2308 cum
1213 2271 1362 2317 pedibus
1388 2273 1489 2306 simul

94 2337 332 2383 praebebant,
366 2323 437 2373 *se'd
472 2340 503 2373 si
533 2349 637 2374 verso
671 2341 810 2374 tramite
843 2339 889 2373 ad
918 2339 1137 2384 praedictum
1172 2333 1287 2373 locum
1320 2338 1489 2372 accedere

94 2406 300 2445 conaretur,
333 2405 463 2438 totiens
498 2414 573 2438 eum
606 2405 758 2450 languor
784 2406 943 2449 corporis
968 2409 1003 2439 et
1026 2404 1202 2439 hebetudo
1225 2406 1351 2437 mentis
1376 2402 1488 2437 modis

95 2468 258 2502 omnibus
289 2467 535 2513 prohibebant.
581 2467 759 2504 Intellexit
790 2471 902 2515 igitur
933 2471 988 2504 vir
1019 2469 1086 2503 Dei
1119 2468 1205 2502 illud
1230 2468 1352 2512 procul
1380 2467 1487 2502 dubio

94 2533 250 2569 coeleste
276 2544 356 2569 esse
380 2537 646 2576 sacramentum,
672 2533 718 2569 ad
744 2534 838 2578 quod
860 2533 1028 2569 accedere
1049 2533 1232 2567 humanum
1256 2543 1326 2567 non
1348 2537 1487 2578 poterat

94 2601 378 2645 experimentum.
425 2598 590 2633 Invocato
614 2599 724 2644 igitur
746 2598 937 2634 salvatoris
955 2599 1092 2633 nomine
1108 2598 1332 2633 exclamavit:
1358 2598 1484 2644 adjuro

94 2669 128 2700 te
160 2675 224 2710 per
252 2665 449 2708 dominum,
486 2668 542 2707 ut,
578 2665 610 2698 si
643 2663 746 2698 homo
781 2674 818 2698 es
854 2664 909 2699 vel
942 2663 1064 2710 aliqua
1094 2664 1276 2698 rationalis
1307 2668 1482 2706 creatura,

94 2739 184 2776 quae
209 2731 245 2765 in
269 2731 331 2766 illa
353 2731 520 2777 spelunea
546 2730 706 2774 habitas,
733 2729 816 2764 mihi
841 2729 1057 2775 respondeas
1084 2733 1118 2764 et
1143 2731 1192 2764 tui
1220 2729 1399 2765 edisseras
1418 2730 1480 2764 ve*
