1742 3005
239 78 320 117 296
452 80 547 128 Cap.
580 70 733 112 van.
792 76 850 111 De
888 81 1019 112 sancto
1050 75 1195 112 Jacobo
1226 74 1413 125 apostolo.

240 194 331 221 cere,
358 182 422 217 sed
447 182 530 226 quia
555 183 631 213 erat
652 177 743 211 iilius
769 176 905 212 Mariae
930 177 1024 212 tiliae
1050 177 1247 222 Cleopha03
1273 179 1330 222 qui
1357 176 1495 222 quidem
1523 175 1621 211 Cleo-

239 248 327 293 phas
361 248 426 281 suit
464 246 574 279 frater
607 245 719 288 ipsius
743 242 879 287 Josepb
907 244 1028 287 sponsi
1051 242 1212 293 Mariae,
1248 243 1332 277 licet
1364 243 1534 288 magister
1567 242 1628 277 Jo-

241 314 373 348 liannes
398 310 524 346 Beleth
551 310 657 351 dicat,
688 310 770 354 quia
793 308 972 353 Alpheus,
998 312 1101 353 pater
1124 309 1236 352 ipsius
1260 307 1405 350 Jacobi,
1432 309 1499 342 suit
1524 310 1632 344 frater

238 378 371 422 ,loseph
400 378 521 422 sponsi
546 375 693 411 Mariae.
744 373 843 414 Quod
868 384 985 408 verum
1010 385 1079 407 non
1105 373 1268 408 creditur.
1315 373 1440 408 Judaei
1455 385 1540 420 ergo
1560 375 1632 408 sra-

240 450 312 479 trcs
341 442 535 485 vocabant,
563 443 621 487 qui
647 452 686 476 se
713 451 754 475 ex
780 444 926 485 utraque
951 444 1051 484 parte
1077 440 1262 485 sanguinis
1289 440 1552 484 contingebant,
1579 441 1633 475 vel

243 509 370 543 dieitur
397 508 507 542 frater
541 507 672 541 domini
698 510 842 551 propter
864 507 1147 551 praerogativam
1175 510 1209 540 et
1233 504 1476 539 excellentiam
1502 506 1633 539 saneti-

241 577 345 616 tatis‚
382 575 426 608 ob
464 583 565 619 quam
598 583 683 618 prae
717 573 866 607 caeteris
892 572 1065 616 apostolis
1089 571 1340 615 HierosolJmis
1370 574 1423 604 est
1448 571 1636 615 episeopus

242 640 436 674 ordinatus.
485 639 621 673 Dicitur
646 639 750 672 etiam
776 637 930 672 ,lacobus
955 638 1067 670 minor
1093 637 1136 670 ad
1159 636 1391 671 differentiam
1412 635 1551 678 Jacobi,>
1576 636 1637 670 tilii

243 705 445 746 Zebedaei;
480 705 565 738 lieet
591 704 680 737 enim
707 701 861 736 Jacobus
886 701 1065 735 Zebedaei
1090 704 1188 746 prior
1210 706 1313 736 natus
1340 704 1405 744 sit,
1433 702 1498 735 fuit
1524 706 1638 736 tamen

245 772 429 804 vocatione
456 769 652 814 posterior,
690 766 781 800 unde
808 767 912 800 etiam
939 766 1028 800 baec
1055 767 1271 800 consuetudo
1297 768 1332 800 in
1367 768 1548 812 plerisque
1580 779 1636 802 re-

243 837 410 882 gionibus
436 836 663 875 observatur,
690 836 728 866 ut
752 831 837 874 ille,
876 833 934 876 qui
969 833 1147 876 posterior
1179 831 1398 877 ingreditur,
1431 833 1544 877 major
1575 844 1637 868 vo-

244 906 358 942 cetur,
399 905 433 935 et
460 901 543 941 ille,
578 901 637 945 qui
665 899 782 943 prior,
819 899 947 939 minor,
981 897 1063 932 lieet
1096 899 1142 931 sit
1174 899 1273 941 prior
1301 901 1360 931 aut
1386 902 1501 932 aetate
1529 899 1641 944 major

245 970 304 1001 aut
329 967 514 1011 sanctitate
542 965 693 1011 dignior.
744 963 879 997 Dicitur
912 964 1014 996 etiam
1048 962 1202 997 Jaeobns
1224 964 1343 1007 justus
1369 968 1513 1008 propter
1538 967 1639 999 meri>

245 1037 313 1065 tum
339 1031 658 1066 excellentissimae
684 1030 903 1070 sanctitatis,
940 1038 1016 1061 nam
1043 1028 1228 1062 seeundum
1256 1028 1495 1074 Hieronymum
1522 1034 1642 1065 tanitae

247 1098 466 1131 reverentiae
495 1100 528 1129 et
553 1096 750 1129 sanctitatis
776 1096 810 1127 in
833 1093 962 1138 populo
992 1095 1146 1136 exstitit,
1188 1099 1225 1128 ut
1250 1094 1417 1128 fimbriam
1445 1097 1641 1130 vestimenti

249 1164 325 1208 ejus
341 1164 499 1197 certatim
520 1165 687 1206 cuperent
704 1165 860 1205 tangere.
909 1158 1004 1194 Unde
1030 1164 1064 1194 et
1088 1160 1131 1194 de
1158 1161 1234 1205 ejus
1260 1162 1445 1195 sanctitate
1460 1162 1510 1195 sie
1529 1163 1638 1207 scrip-

248 1230 294 1262 sit
320 1228 542 1274 Hegesippus
569 1226 807 1271 apostolorum
834 1226 989 1267 vicinus7
1025 1227 1114 1259 sicut
1138 1227 1171 1258 in
1197 1225 1449 1260 ecclesiasticis
1476 1226 1644 1271 hystoriis

248 1295 398 1339 legitur:
445 1294 619 1336 suscepit,
647 1293 779 1336 inquit,
807 1290 994 1325 ecclesiam
1021 1291 1131 1325 frater
1157 1291 1286 1324 domini
1309 1291 1486 1334 Jacobns‚
1514 1294 1573 1338 qni
1599 1294 1643 1327 ab

250 1359 409 1393 omnibus
440 1359 639 1392 nominatus
677 1362 730 1391 est
757 1358 895 1402 jusum,
930 1356 972 1390 ab
1003 1358 1090 1401 ipsis
1115 1356 1331 1401 temporibus
1358 1356 1487 1391 domini
1513 1359 1641 1402 perdu-

250 1436 332 1459 rans
367 1434 478 1470 usque
504 1423 548 1458 ad
574 1434 649 1457 nos.
699 1422 761 1457 Hie
788 1433 830 1457 ex
856 1426 955 1456 utero
982 1424 1101 1456 matris
1127 1432 1212 1457 suae
1240 1426 1380 1456 sanetus
1413 1423 1495 1466 fuit,
1531 1425 1642 1458 vinum

252 1495 287 1525 et
311 1492 458 1524 siceram
488 1501 557 1524 non
584 1490 694 1531 bibit,
722 1499 845 1523 carnes
871 1499 1042 1534 nunquam
1068 1489 1300 1530 manducavit,
1327 1488 1454 1522 serrum
1482 1490 1516 1523 in
1541 1494 1645 1534 eaput

251 1557 328 1602 ejus
365 1567 434 1589 non
461 1555 668 1595 adscendit,
707 1554 784 1589 oleo
822 1565 890 1588 non
922 1558 976 1588 est
1012 1559 1156 1596 iunctus⁷
1191 1554 1329 1588 balneis
1361 1565 1430 1588 non
1463 1559 1516 1588 est
1549 1566 1645 1597 usus,

252 1622 420 1663 sindone,
458 1620 492 1654 id
524 1624 577 1654 est
602 1624 699 1653 veste
725 1620 830 1661 linea,
854 1630 1008 1664 „semper
1040 1621 1191 1655 indutus.
1242 1620 1390 1654 Totiens
1426 1622 1460 1654 in
1487 1623 1647 1656 oratione

252 1699 369 1734 genua¹
402 1687 569 1727 flexerat,
603 1689 640 1719 ut
671 1684 782 1718 callos
819 1686 850 1717 in
879 1685 1029 1729 genibus
1067 1687 1157 1720 sieut
1191 1688 1225 1719 in
1259 1686 1436 1720 ealeaneis
1472 1686 1649 1721 videretur

254 1754 396 1787 habere.
444 1752 511 1786 Pro
542 1750 606 1784 bae
632 1749 837 1784 incessabili
864 1753 897 1783 et
921 1760 1052 1783 summa
1069 1752 1212 1795 justitia
1238 1751 1437 1794 appellatus
1461 1756 1513 1786 est
1530 1753 1648 1796 justus

255 1824 289 1852 et
314 1819 419 1860 abba,
447 1816 539 1863 quod
566 1821 619 1850 est
643 1817 905 1859 interpretatum
932 1816 1174 1849 nninimentum
1200 1816 1321 1860 populi
1348 1820 1381 1850 et
1401 1817 1550 1860 justitia.
1586 1816 1649 1850 Hie

255 1885 352 1918 solus
388 1885 478 1917 inter
508 1882 692 1926 apostolos
726 1884 871 1925 propter
897 1881 1034 1914 nimiam
1061 1883 1280 1916 sanctitatem
1307 1881 1574 1926 permittebatur
1597 1883 1649 1915 in-

256 1957 349 1984 trare
395 1951 428 1982 in
470 1952 593 1982 sancta
626 1950 835 1980 sanctorum.
896 1945 987 1979 llaec
1025 1945 1306 1991 llegesippusq.
1362 1946 1499 1982 Dicitur
1535 1948 1650 1985 etiam.

256 2015 348 2060 qnod
383 2015 513 2059 primus
549 2015 638 2046 inter
673 2010 855 2055 apostolos
881 2012 1021 2061 missam
1049 2011 1263 2054 celebravit3
1298 2022 1376 2045 nam
1412 2016 1556 2057 propter
1589 2023 1649 2048 ex-

257 2080 454 2115 cellentiam
482 2088 566 2112 suae
593 2077 793 2111 sanctitatis
820 2076 911 2110 hune
938 2076 1005 2109 sibi
1032 2076 1198 2111 honorem
1225 2077 1379 2121 apostoli
1406 2077 1582 2120 fecerunt,
1617 2083 1654 2111 ut

257 2150 337 2190 post
369 2145 636 2179 adscensionem
671 2142 799 2175 domini
831 2143 962 2186 primus
995 2143 1085 2176 inter
1119 2153 1180 2177 eos
1222 2144 1362 2176 missam
1404 2142 1653 2186 Hierosolymis

257 2210 471 2250 celebraret,
522 2210 624 2241 etiam
658 2212 842 2252 antequam
877 2211 973 2242 esset
1009 2210 1197 2253 emscopus
1232 2207 1435 2250 ordinatus,
1470 2219 1544 2242 cum
1575 2212 1654 2242 ante

257 2277 334 2321 ejus
360 2274 615 2309 ordinationem
643 2273 676 2305 in
704 2272 839 2305 actibus
865 2272 1021 2315 dicatur,
1050 2273 1142 2318 quod
1172 2273 1337 2317 discipuli
1363 2278 1462 2308 erant
1487 2283 1652 2318 perseve-

257 2347 377 2376 rantes
406 2342 440 2374 in
468 2338 631 2373 doctrina
657 2336 896 2380 apostolorum
930 2341 964 2371 et
991 2339 1304 2373 communicatione
1332 2339 1513 2373 fractionis
1541 2340 1653 2383 panis,

259 2406 350 2452 quod
380 2406 422 2440 de
450 2396 578 2438 missae
608 2401 847 2437 celebratione
876 2404 1065 2446 accipitur,
1099 2404 1153 2438 vel
1181 2404 1270 2438 sorte
1299 2404 1379 2439 ideo
1404 2405 1535 2449 primns
1560 2404 1652 2439 eele-

260 2474 384 2505 brasse
410 2470 547 2511 dieitur,
577 2468 669 2513 qnod
697 2468 827 2511 primus
852 2469 884 2501 in
907 2468 1167 2512 pontificalibus
1188 2479 1262 2503 eam
1285 2469 1418 2504 dixisse
1440 2469 1652 2514 perhibetur.

262 2537 351 2568 sicut
388 2539 421 2569 et
457 2535 580 2569 Petrus
618 2531 836 2576 postmodum
864 2534 993 2577 primus
1022 2535 1056 2568 in
1083 2534 1272 2568 Antiochia
1294 2535 1431 2568 missam
1462 2533 1654 2568 celebravit

334 2633 359 2663 Ι)
381 2631 430 2657 linl.
451 2635 495 2658 Pr.
516 2631 599 2657 addit
622 2632 712 2657 verba
734 2629 887 2663 quuontia
916 2636 1018 2665 aperi-tc·
1038 2632 1094 2658 hnc
1116 2639 1174 2658 non
1193 2628 1387 2666 pertinentia:
1410 2636 1478 2654 non
1501 2628 1654 2661 quidem

267 2684 359 2702 ..usa
382 2674 507 2701 immol
522 2675 673 2702 ationis
695 2685 707 2701 s
722 2675 762 2701 vd
786 2684 846 2701 ora
861 2674 997 2701 tinnis.
