1742 3005
208 52 289 91 264
521 53 615 103 Cap.
651 51 787 89 LVlll.
844 50 901 88 De
932 56 1063 87 sancto
1096 49 1279 99 Georgio.

207 157 316 201 nli'ex,
342 156 505 203 numquid
530 167 600 191 non
624 155 698 190 dixi
722 154 799 196 tibi,
825 164 868 189 ne
893 156 1035 199 saepius
1060 154 1262 189 christianis
1294 152 1462 188 molestus
1490 161 1603 193 esses,

209 225 293 270 quia
315 223 410 258 Deus
437 232 555 256 eorum
579 232 643 266 pro
670 221 759 265 ipsis
784 223 985 264 pugnaret,
1011 225 1045 255 et
1069 229 1160 254 nunc
1184 221 1277 254 scias
1295 247 1304 262 ,
1329 229 1383 254 me
1409 217 1500 253 velle
1527 216 1604 251 fieri

211 289 452 323 christianam.
502 286 727 331 stupefactus
761 295 823 320 rex
854 287 922 320 ait:
954 285 1023 320 heu
1048 284 1139 330 proh
1168 284 1288 319 dolor!
1321 283 1484 329 numquid
1510 287 1544 317 et
1567 286 1606 316 tu

212 363 250 388 es
271 353 442 388 seducta?
473 351 641 396 Fecitque
662 361 735 385 eam
751 361 815 395 per
832 351 981 396 capillos
998 349 1167 396 suspendi
1189 353 1223 384 et
1247 349 1399 395 flagellis
1421 349 1607 382 durissime

213 418 323 454 caedi.
374 418 471 458 Quae
489 417 567 451 dum
592 416 809 458 caederetur,
838 415 926 450 dixit
944 415 1116 462 Georgio:
1143 414 1275 460 Georgi
1302 414 1415 448 lumen
1433 415 1608 452 veritatis,

214 495 294 529 quo,
320 488 436 528 putes,
461 483 662 528 perveniam
678 481 827 517 nondum
841 492 934 528 aqua
958 483 1123 527 baptismi
1144 481 1295 515 renata?
1339 478 1401 513 Cui
1419 478 1611 524 Georgius:

213 550 302 584 nihil
326 549 503 590 haesites,
545 548 637 590 filia,
670 549 751 592 quia
785 550 968 593 sanguinis
1003 549 1051 582 tui
1087 547 1212 581 effusio
1240 546 1436 590 baptismus
1461 545 1526 578 tibi
1554 554 1611 578 re-

215 614 395 660 putabitur
420 618 454 648 et
479 623 620 648 corona.
671 612 770 647 Tunc
805 613 866 646 illa
892 623 996 647 orans
1024 613 1069 647 ad
1100 613 1273 646 dominum
1300 612 1415 645 emisit
1440 611 1611 654 spiritum.

215 680 303 714 Huic
328 683 517 714 attestatur
540 678 748 712 Ambrosius
775 679 809 711 iu
836 679 1059 722 praefatione
1087 678 1228 712 diceus:
1254 677 1297 710 ob
1324 677 1389 710 hoc
1408 680 1441 710 et
1457 676 1613 721 gentium

216 747 341 790 regina
367 745 551 778 Persarum
578 743 712 776 erudeli
738 753 759 777 a
783 745 856 777 viro
894 743 1026 777 dietata
1058 744 1233 777 sententia
1266 742 1415 776 nondum
1449 740 1614 784 baptismi

217 811 368 855 gratiam
394 812 583 843 consecuta
607 808 789 853 gloriosae
814 809 992 853 passionis
1022 809 1146 842 meruit
1170 807 1331 852 palmam,
1355 806 1445 840 unde
1461 816 1525 839 nec
1549 805 1614 838 du-

217 875 333 909 bitare
355 884 555 919 possumus,
591 873 685 918 quod
710 884 816 908 rosea
840 874 985 918 perfusa
1012 875 1194 919 sauguinis
1222 873 1319 907 unda
1338 875 1517 907 reseratas
1543 870 1617 915 poli

215 942 345 986 januas
378 938 516 984 ingredi
553 940 677 973 meruit
709 949 924 985 regnumque
957 940 1142 984 possidere
1177 939 1365 973 coelorum.
1414 937 1506 972 Haec
1532 936 1617 970 Am-

218 1004 372 1040 brosius.
426 1004 594 1049 Sequenti
629 1014 712 1037 vero
746 1004 803 1038 die
836 1003 1010 1050 Georgius
1045 1006 1181 1049 accepit
1210 1005 1440 1045 sententiam,
1478 1006 1515 1036 ut
1553 1013 1618 1047 per

218 1075 326 1105 totam
351 1071 527 1104 civitatem
553 1068 765 1110 traheretur,
792 1071 1012 1114 postmodum
1033 1071 1149 1115 capite
1168 1070 1359 1114 puniretur.
1410 1068 1533 1103 (lravit
1552 1078 1616 1102 au—

218 1141 289 1171 tem
313 1135 358 1169 ad
384 1133 577 1175 domiuum,
604 1137 642 1167 ut
667 1135 860 1179 quicunque
887 1136 963 1179 ejus
990 1135 1196 1180 imploraret
1218 1136 1406 1176 auxilium,
1433 1135 1617 1179 petitionis

221 1212 310 1237 suae
332 1203 607 1245 consequeretur
630 1198 807 1241 effectum,
844 1199 963 1233 diviua
988 1204 1102 1234 autem
1127 1211 1195 1235 vox
1220 1201 1264 1234 ad
1291 1212 1366 1235 eum
1391 1201 1496 1241 venit,
1523 1199 1617 1245 quod

222 1269 274 1302 sic
301 1266 411 1307 fieret,
438 1269 475 1299 ut
499 1266 628 1299 oravit.
675 1264 857 1309 Completa
876 1267 1036 1299 oratione
1064 1267 1189 1310 capitis
1210 1266 1408 1300 abscisione
1426 1266 1618 1299 martirium

221 1332 473 1367 consummavit
505 1330 569 1364 sub
604 1329 896 1375 Dyoelctianoet
929 1330 1166 1373 Maximiano,
1205 1333 1262 1376 qui
1300 1336 1490 1376 coeperunt
1525 1333 1620 1366 circa

223 1408 348 1432 annum
373 1396 502 1430 domiui
532 1394 802 1437 CCLXXXVII,
839 1395 1015 1430 Daciauus
1045 1401 1157 1431 autem
1186 1407 1260 1430 eum
1291 1396 1333 1431 de
1362 1397 1462 1439 loeo,
1491 1397 1524 1430 in
1552 1407 1619 1441 quo

225 1463 420 1498 decollatus
456 1465 529 1504 est,
570 1461 614 1495 ad
648 1461 813 1506 palatium
847 1462 997 1504 rediret,
1034 1463 1125 1508 ignis
1162 1463 1203 1497 de
1230 1463 1329 1497 coelo
1357 1463 1484 1497 cecidit
1505 1467 1539 1497 et
1565 1464 1619 1506 ip-

225 1538 301 1562 sum
336 1538 411 1562 cum
445 1528 613 1561 ministris
656 1529 730 1561 suis
758 1529 958 1562 consumsit.
1008 1526 1129 1562 Refert
1167 1527 1360 1573 Gregorius
1388 1528 1620 1569 Turonensis,

227 1592 343 1638 quod,
375 1602 449 1626 eum
483 1592 621 1637 quidam
660 1593 828 1639 quasdam
862 1593 1030 1637 reliquias
1065 1595 1179 1628 sancti
1213 1593 1358 1639 Georgii
1384 1594 1563 1629 deferrent
1588 1596 1623 1627 et

228 1660 264 1692 iu
290 1657 440 1703 quodam
467 1658 623 1691 oratorio
653 1657 820 1703 hospitati
848 1657 1010 1698 fuissent,
1036 1669 1135 1693 mane
1160 1659 1358 1693 nullatenus
1384 1669 1526 1704 capsam
1549 1670 1623 1693 mo-

228 1734 312 1759 vere
342 1726 550 1768 potuerunt,
591 1723 700 1757 donec
736 1724 865 1758 ibidem
906 1724 1131 1768 reliquiarum
1166 1725 1372 1768 particulam
1406 1725 1622 1759 dimiserunt.

229 1789 379 1834 Legitur
406 1789 441 1821 in
467 1788 625 1832 hystoria
652 1788 894 1831 Antiochena,
931 1789 1043 1834 quod,
1079 1799 1153 1823 eum
1180 1789 1361 1823 christiani
1386 1789 1429 1822 ad
1455 1789 1623 1823 obsiden-

233 1853 311 1888 dum
350 1853 543 1888 Jerusalem
580 1858 790 1899 pergerent,
830 1855 969 1900 quidam
999 1856 1139 1900 juvenis
1173 1856 1456 1900 speciosissimus
1489 1855 1624 1889 cuidam

233 1918 413 1954 sacerdoti
439 1920 622 1963 apparuit,
665 1922 724 1964 qui
750 1925 905 1955 sanetum
933 1920 1121 1966 Georgium
1147 1920 1266 1955 ducem
1294 1920 1561 1955 christianorum
1587 1932 1627 1955 se

235 1995 314 2019 esse
340 1984 461 2018 dicens
489 1987 639 2027 monuit,
674 1990 711 2019 ut
738 1987 814 2032 ejus
841 1987 1007 2031 reliquias
1033 1996 1150 2020 seeum
1184 1987 1216 2019 in
1240 1986 1433 2020 Jerusalem
1461 1986 1627 2030 deporta-

234 2053 312 2083 rent
344 2053 378 2083 et
412 2050 489 2093 ipse
521 2059 595 2084 cum
630 2052 673 2085 iis
709 2056 814 2085 esset.
865 2052 947 2085 Cum
976 2056 1090 2085 autem
1121 2051 1315 2087 Jerusalem
1343 2051 1568 2086 obsedissent
1595 2055 1630 2086 et

235 2115 424 2149 Saracenis
450 2116 696 2151 resistentibus
721 2128 784 2161 per
807 2118 921 2152 scalas
949 2117 1165 2151 adscendere
1189 2128 1256 2151 nou
1280 2117 1471 2159 auderent,
1502 2117 1629 2151 beatus

238 2179 414 2225 Georgius
440 2180 531 2214 albis
554 2183 658 2215 armis
685 2182 825 2216 indutus
855 2187 889 2217 et
914 2194 1017 2217 eruce
1043 2182 1149 2216 rubra
1173 2183 1359 2226 insignitus
1386 2183 1549 2227 apparuit
1576 2184 1628 2216 iu-

237 2254 361 2286 nueus,
390 2249 427 2278 ut
451 2250 531 2288 post
555 2257 594 2280 se
620 2249 736 2280 securi
763 2248 1019 2283 adseemlerent
1045 2251 1079 2282 et
1107 2249 1279 2281 civitatem
1306 2249 1515 2283 obtinerent.
1566 2249 1630 2289 Qui

239 2309 307 2346 hoc
330 2311 471 2345 animati
498 2311 672 2346 civitatem
699 2318 868 2357 ceperunt
893 2317 927 2348 ct
952 2313 1150 2348 Saracenos
1177 2314 1390 2349 occiderunt.
