1742 3005
289 105 383 153 Cap.
413 103 514 139 LlX.
583 103 639 139 De
671 108 799 138 sancto
829 102 956 137 Marco
989 98 1234 148 evangelista.
1325 111 1334 117 ³
1376 95 1453 132 2157

69 212 182 244 autem
215 209 250 242 in
285 208 505 242 solemnitate
539 206 698 252 paschali
741 206 866 240 beatus
895 205 1039 240 Marcus
1072 205 1212 237 missam
1246 201 1455 241 celebraret,

70 278 304 309 convenerunt
330 273 413 307 illue
438 284 557 307 omnes
584 277 618 307 et
646 272 724 306 fune
750 273 784 304 10
811 270 901 305 collo
931 272 1006 315 eJus
1032 271 1138 303 misso
1166 268 1456 313 ipsumpereivi—

71 344 173 374 tatem
199 338 386 373 trahebant
409 338 583 373 dicentes:
609 337 787 372 trahamus
812 335 975 370 bubalum
1001 335 1047 368 ad
1071 334 1150 369 lora
1175 333 1324 368 bucculi.
1374 333 1458 367 Car-

68 416 132 440 nes
165 409 278 439 autem
313 405 389 449 ejus
424 405 458 437 10
481 408 609 438 terram
635 402 789 436 fluebant
817 406 850 435 et
880 401 1053 445 sanguine
1077 400 1214 443 lapides
1243 399 1459 444 rigabantur.

68 466 222 505 Posthac
249 471 283 503 in
308 480 449 504 carcere
474 469 664 503 recluditur
689 472 722 501 et
748 466 877 501 ibidem
901 465 943 498 ab
970 465 1097 510 angelo
1128 465 1372 505 confortatur,
1399 464 1460 498 sed

71 540 106 570 et
141 537 218 580 ipse
251 535 411 568 dominus
445 533 548 568 Jesns
585 533 745 567 Christus
783 542 856 566 eum
892 532 1046 564 visitavit
1080 541 1225 575 eumque
1252 531 1461 564 confortavit

72 601 209 635 dicens:
242 600 309 644 p'ax
335 598 416 639 tihi,
450 598 571 632 Marce
608 598 828 643 evangelista
853 608 971 639 meus,
1007 598 1079 631 noli
1112 599 1252 637 timere,
1287 598 1368 641 quia
1394 606 1461 640 ego

71 672 182 700 tecum
206 675 301 705 snm,
329 668 366 697 ut
393 673 510 698 eruam
540 668 586 698 te.
635 662 740 698 Mane
770 674 854 707 ergo
882 664 974 697 sacto
1001 665 1116 698 sunem
1139 666 1259 698 iterum
1279 662 1369 696 eollo
1385 662 1461 705 ejus

72 725 256 774 immittunt
282 733 316 764 et
340 729 406 763 hue
432 729 584 774 illucque
612 731 736 773 raptim
762 740 837 763 eum
865 729 1070 773 pertrahunt
1102 730 1356 764 exclamantes:
1391 731 1463 761 tra-

72 796 144 831 hite
167 795 333 830 bubalum
361 795 406 828 ad
433 794 511 828 loca
536 795 684 829 bucculi.
733 794 813 839 Ipse
837 800 951 829 autem
981 795 1059 829 dnm
1087 795 1302 836 traheretur,
1329 795 1464 839 gratias

73 862 204 908 agebat
237 860 381 896 dicens:
418 862 452 895 10
489 871 609 894 manus
636 865 714 894 tuas
743 860 943 894 commendo
979 863 1139 905 spiritum
1165 871 1295 899 meum,
1331 864 1365 893 et
1398 858 1465 892 hoc

73 928 193 962 (licens
221 928 378 971 spiritum
408 926 586 962 exhalavit
612 926 674 959 sub
702 926 862 966 Nerone,
899 927 956 970 qui
991 928 1106 971 coepit
1131 928 1226 960 circa
1251 935 1373 959 annum
1403 924 1467 957 do-

74 994 157 1026 mini
180 991 282 1027 LVll.
333 993 416 1027 Cum
441 996 556 1026 autem
584 992 715 1037 pagani
740 1002 815 1026 eum
841 991 971 1026 vellent
997 992 1221 1033 comburere,
1258 991 1374 1025 subito
1409 994 1468 1024 aer

20 1087 24 1092 ,
74 1058 253 1099 turbatur,
278 1057 415 1103 grando
440 1058 620 1099 exoritur,
646 1058 802 1091 tonitrua
828 1058 1005 1099 intonant,
1033 1058 1244 1103 fulguraque
1270 1060 1467 1094 coruscant,

75 1125 125 1157 ita
151 1127 188 1157 ut
212 1122 360 1168 quilibet
387 1122 539 1158 evadere
565 1116 746 1165 niteretur,
786 1129 821 1158 et
845 1129 1000 1158 sanctum
1027 1135 1154 1168 corpus
1190 1125 1354 1157 intactum
1385 1122 1467 1156 reli-

75 1192 244 1234 querunt,
280 1188 473 1224 Christiani
505 1200 589 1224 vero
610 1199 739 1234 corpus
766 1191 843 1235 ejus
872 1194 1063 1235 rapuerunt
1095 1194 1128 1225 et
1155 1191 1188 1224 10
1219 1189 1377 1227 eeclesia
1396 1199 1468 1221 eum

77 1256 170 1288 omni
204 1256 403 1290 reverentia
435 1255 660 1300 sepelierunt.
709 1254 788 1289 Fuit
824 1260 937 1289 autem
970 1256 1082 1289 forma
1105 1255 1202 1290 beati
1227 1255 1341 1290 Marci
1366 1254 1470 1297 hujus

78 1320 185 1366 longo
211 1330 318 1363 naso,
345 1320 517 1354 subducto
544 1320 754 1364 supercilio,
780 1320 933 1364 pulchris
959 1321 1092 1358 oeulis,
1121 1321 1353 1361 recalvaster,
1388 1330 1470 1363 pro-

79 1386 153 1420 lixa
176 1385 309 1427 barba,
345 1385 560 1419 habitudinis
588 1388 762 1430 optimae,
799 1388 927 1421 aetatis
950 1388 1109 1429 mediae,
1143 1387 1239 1420 canis
1266 1385 1472 1429 adspersus,

80 1452 267 1486 affectione
294 1452 496 1493 continens,
533 1453 651 1496 gratia
683 1451 749 1487 Dei
780 1453 915 1497 plenus.
966 1453 1095 1487 Beatus
1129 1457 1243 1486 autem
1266 1451 1473 1485 Ambrosius

84 1516 127 1551 de
155 1527 196 1551 eo
224 1518 275 1550 sic
302 1517 371 1550 ait:
405 1526 481 1550 cum
514 1516 640 1551 beatus
666 1517 807 1552 Marcus
837 1519 1027 1553 innumeris
1053 1521 1257 1552 coruscaret
1284 1517 1473 1551 miraculis.

83 1583 251 1628 contigit,
278 1586 315 1616 ut
339 1586 458 1624 sutor,
493 1584 547 1616 cui
572 1582 842 1617 calceamentum
863 1571 1065 1618 'tradiderat
1089 1583 1354 1627 corrigendum,
1388 1585 1474 1617 sini-

83 1652 190 1681 stram
216 1647 285 1681 sihi
310 1649 344 1682 10
370 1650 445 1693 eJus
469 1648 593 1683 labore
617 1649 844 1693 pertunderet
870 1660 1013 1684 manum.
1062 1649 1125 1683 1110
1149 1660 1223 1683 rum
1251 1650 1381 1684 inflicto
1400 1650 1475 1683 vula

84 1724 186 1748 nere:
212 1724 300 1747 unus
324 1713 430 1755 Deus,
461 1714 634 1756 clamavit,
659 1714 724 1749 Dei
751 1716 898 1749 famulus
924 1716 1071 1750 audiens
1093 1716 1205 1750 laetus
1233 1715 1355 1755 adsuit,
1380 1715 1475 1748 litum

86 1789 129 1812 ex
162 1783 264 1824 sputo
300 1778 426 1813 factum
462 1781 598 1824 accepit
633 1781 780 1826 ejiisque
814 1792 947 1816 manum
985 1783 1119 1815 inunxit
1152 1791 1342 1826 sanamque
1383 1780 1478 1814 illico

86 1844 240 1880 reddidit
264 1849 298 1880 et
322 1844 438 1880 labori
475 1850 598 1880 contra
634 1846 741 1881 dedit.
790 1847 908 1888 lllius,
954 1836 1053 1892 cujus
1090 1858 1212 1892 nempe
1251 1846 1481 1892 praedicabat

87 1911 327 1957 evangelium,
353 1911 516 1946 similiter
541 1913 694 1947 imitatur
717 1914 916 1947 miraculum
943 1915 1039 1948 caeci
1064 1913 1228 1948 videlicet
1254 1924 1275 1947 a
1299 1914 1481 1947 nativitate

89 1976 275 2023 illuminati
302 1986 322 2010 a
358 1977 497 2012 domino
526 1978 664 2012 sactum.
714 1978 809 2012 Haec
829 1979 1051 2015 Ambrosius,
1069 2000 1115 2004 —-
1137 2000 1183 2004 ——
1227 1983 1270 2016 2.
1305 1980 1405 2013 Anno
1437 1977 1479 2010 ah

90 2042 331 2077 incarnatione
356 2040 485 2094 delmini
511 2042 767 2079 CCCCLXVIlI
791 2048 948 2088 tempore
964 2045 1096 2079 Leonis
1116 2045 1336 2088 imperaturus
1359 2042 1480 2076 Veneti

89 2116 216 2151 corpus
235 2108 356 2157 ‚saneti
380 2106 493 2141 Marci
518 2108 561 2148 de
576 2108 794 2143 Alexandria
810 2109 974 2144 Venetias
990 2109 1255 2151 transtulerunt,
1286 2108 1346 2142 uhi
1367 2107 1479 2142 eecle-

91 2173 146 2205 sia
179 2173 215 2206 in
247 2171 381 2207 honore
407 2175 519 2208 sancti
547 2174 659 2209 Marci
682 2176 770 2208 mira
794 2174 1052 2219 pulchritudine
1085 2174 1259 2208 fabricata
1285 2179 1348 2209 est.
1398 2175 1481 2214 Qui-

93 2235 172 2270 dam
197 2247 344 2282 namque
369 2244 581 2274 mercatores
608 2240 742 2283 Veneti,
770 2242 828 2286 qui
852 2241 1101 2276 Alexandriam
1127 2246 1367 2286 perrexerant,
1396 2241 1482 2274 duos

93 2301 312 2346 presbiteros
349 2305 512 2347 custodes
545 2307 704 2351 eorporis
738 2308 852 2341 sancti
876 2306 989 2341 Marci
1025 2307 1188 2352 precihus
1218 2312 1252 2341 et
1276 2306 1482 2350 promissio-

94 2367 197 2401 nibus
224 2367 451 2411 induxerunt,
486 2375 525 2404 ut
549 2371 686 2405 occulte
719 2382 845 2416 corpus
872 2373 958 2406 illud
982 2373 1059 2406 tolli
1086 2374 1327 2416 permitterent
1356 2376 1389 2405 et
1414 2371 1484 2406 Ve-

96 2434 208 2468 netias
231 2438 521 2478 transportarent.
562 2436 696 2470 Verum
719 2448 793 2470 cum
820 2448 946 2481 corpus
973 2437 1015 2471 de
1040 2437 1169 2471 tumulo
1195 2437 1383 2480 levaretur,
1407 2441 1484 2471 tan-

96 2504 152 2534 tus
187 2500 275 2535 odor
306 2504 415 2534 totam
449 2499 698 2535 Alexandriam
732 2503 784 2536 sie
808 2501 983 2546 perfudit,
1019 2506 1057 2535 ut
1090 2512 1229 2544 omnes,
1265 2502 1356 2536 unde
1388 2506 1485 2537 tanta

84 2553 256 2610 *prodiret
289 2565 409 2600 odoris
445 2567 621 2607 suavitas,
656 2567 875 2601 mii'arentur.
927 2566 1007 2600 (lum
1049 2572 1161 2601 autem
1202 2569 1411 2614 navigarent
1452 2573 1483 2602 et
1519 2563 1524 2567 ”

100 2630 251 2675 qualiter
283 2640 409 2676 eorpus
443 2632 555 2666 sancti
586 2631 700 2666 Marci
736 2631 934 2675 deferrent,
961 2632 1039 2666 aliis
1073 2632 1219 2667 navibus
1256 2634 1484 2668 revelassent.

100 2705 188 2730 unus
215 2695 351 2730 illorum
378 2697 445 2731 ait:
483 2697 601 2730 forsan
629 2697 779 2742 alicujus
805 2698 970 2743 Aegyptii
996 2704 1122 2743 eoi-pus
1149 2698 1247 2734 vobis
1277 2698 1393 2733 datum
1419 2698 1481 2732 de-
