1742 3005
264 95 348 135 840
483 96 577 143 Cap.
610 90 817 127 CLXXXI.
875 89 934 125 De
965 95 1096 125 sancto
1128 87 1285 138 Pelagio
1319 101 1433 140 papa.

266 199 449 238 cantabat,
484 200 518 229 et
551 195 764 228 secretarius
797 193 1020 237 imperatoris
1056 202 1128 226 eum
1165 192 1244 226 aliis
1279 192 1463 233 dixerunt,
1500 200 1538 224 se
1564 191 1654 222 inter

267 265 448 296 missarum
475 261 658 294 sollemnia
684 259 818 292 vidisse
853 262 1006 291 sanctum
1031 258 1251 292 Ambrosium
1285 257 1487 301 imperatori
1513 256 1654 289 commi-

268 332 405 361 nantem
464 325 574 371 Hujus
601 324 752 359 (loni-adi
777 328 946 368 tempore,
972 323 1107 357 scilieet
1125 334 1214 358 anno
1233 323 1361 357 domini
1380 320 1516 357 MXXV
1538 330 1653 354 eomes

268 391 468 437 Lupohlus,
497 396 535 425 ut
559 393 591 425 in
619 390 767 436 quadam
793 388 957 423 chronica
983 388 1129 430 dicitur,
1164 391 1249 423 iram
1277 390 1373 434 regis
1401 391 1555 421 metuens
1581 396 1654 418 cum

270 468 379 492 uxore
414 468 479 492 sua
515 459 548 491 in
583 457 729 490 insulam
767 456 906 500 fugiens
941 456 974 488 in
1017 455 1164 499 quodam
1198 456 1338 500 tugurio
1376 454 1574 487 latitabant.
1620 450 1656 484 ln

271 534 340 568 qua
376 524 474 568 sylva
507 523 584 557 dum
620 522 752 556 Caesar
786 525 992 563 venaretur,
1030 525 1132 555 noete
1167 520 1434 565 superveniente
1469 519 1502 551 in
1536 516 1657 551 eodem

269 591 412 634 tugurio
438 591 550 634 ipsum
577 589 732 633 oportuit
757 587 950 631 hospitare.
1001 586 1062 620 Cui
1091 587 1233 631 hospita
1259 594 1458 630 praegnans
1478 583 1659 626 vicinaque

270 656 387 698 partui
415 654 591 695 decenter,
621 657 657 686 ut
684 654 809 696 potuit,
836 654 962 686 stravit
989 656 1022 686 ct
1047 654 1250 687 necessaria
1267 651 1487 684 ministravit.
1530 646 1660 682 Eadem

270 724 373 754 nocte
399 719 522 753 mulier
548 718 652 751 tilium
682 719 818 761 peperit
841 721 875 751 et
901 728 1017 751 vocem
1043 720 1148 752 tertio
1175 717 1218 751 ad
1244 727 1283 751 se
1309 717 1501 750 venientem
1529 714 1662 748 Caesar

272 786 423 820 audivit:
454 783 633 825 Com-ade,
663 782 718 816 hie
746 792 833 826 puer
855 782 956 815 modo
977 784 1184 828 progenitus
1205 792 1313 827 gener
1332 785 1411 814 tuus
1429 782 1509 817 erit.
1555 779 1660 814 Mane

272 851 332 885 ille
359 861 508 897 surgens
537 850 625 883 duos
652 849 846 893 armigeros
876 848 944 881 sibi
971 850 1182 882 secretarios
1216 847 1260 881 ad
1295 857 1333 881 se
1358 846 1499 879 vocavit
1524 845 1661 878 dicens:

272 919 321 951 ite
347 921 380 952 et
406 916 584 961 puerulum
614 914 706 947 illum
733 913 776 947 de
802 913 961 947 manibus
988 915 1108 948 matris
1135 914 1308 948 violenter
1332 911 1468 946 auferte
1494 915 1527 945 et
1553 911 1663 954 ipsum

274 993 338 1027 per
370 982 520 1016 medium
551 980 751 1014 scindentes
786 990 848 1012 eor
881 980 955 1024 ejus
992 979 1073 1013 mihi
1103 984 1253 1025 portate.
1303 978 1439 1013 Conciti
1466 977 1515 1010 illi
1543 980 1665 1011 euntes

274 1048 317 1082 de
344 1048 477 1092 gremio
503 1048 623 1080 matris
650 1055 791 1089 puerum
818 1049 1023 1089 rapuerunt.
1072 1045 1178 1085 Quem
1198 1044 1357 1078 videntes
1379 1043 1666 1088 elegantissimae

275 1113 408 1146 formae
434 1110 679 1145 misericordia
704 1112 865 1144 commoti
892 1112 1002 1154 ipsum
1029 1121 1135 1155 super
1164 1110 1335 1156 quandam
1363 1108 1544 1150 arborem,
1577 1118 1619 1141 ne
1645 1117 1666 1140 a.

276 1178 361 1212 seris
388 1177 629 1218 devoraretur,
657 1180 901 1220 reposuerunt,
929 1180 962 1209 et
981 1176 1133 1221 leporem
1161 1175 1358 1210 scindentes
1386 1185 1447 1208 cor
1471 1175 1547 1219 ejus
1577 1174 1665 1207 Cae-

275 1245 347 1278 sari
383 1243 591 1278 detulerunt.
646 1239 776 1275 Eodem
813 1241 869 1276 die
904 1242 981 1276 dum
1017 1242 1156 1287 quidam
1192 1242 1260 1275 dux
1302 1241 1382 1276 inde
1427 1241 1595 1274 transiret
1634 1244 1668 1273 et

274 1320 418 1354 puerum
444 1311 641 1356 vagientem
677 1309 835 1351 audiret,
874 1319 949 1343 eum
984 1308 1027 1342 ad
1060 1319 1098 1342 se
1130 1307 1210 1341 duci
1244 1307 1328 1342 feeit
1363 1310 1417 1348 et,
1452 1306 1530 1339 dum
1561 1306 1665 1338 tilium

276 1385 345 1409 non
378 1374 540 1417 liaberet,
574 1377 674 1410 uxori
707 1376 841 1417 attulit,
879 1379 913 1409 et
947 1375 1071 1409 nutriri
1106 1384 1181 1408 eum
1217 1373 1349 1407 faciens
1376 1382 1396 1406 a
1423 1382 1461 1406 se
1488 1371 1530 1406 de
1558 1382 1668 1406 uxore

279 1451 344 1474 sua
366 1442 522 1487 genitum
549 1452 626 1475 esse
652 1441 750 1474 tinxit
776 1445 816 1475 et·
835 1440 1032 1475 lleinrieum
1059 1442 1208 1474 vocavit.
1259 1439 1340 1473 Cum
1367 1439 1475 1483 igitur
1494 1438 1567 1483 Jam
1592 1447 1668 1471 cre-

278 1508 405 1549 visset,
431 1511 508 1541 erat
531 1517 679 1551 corpore
705 1506 979 1552 pulcherrimus,
1006 1517 1066 1541 ore
1094 1505 1264 1539 facundus
1290 1509 1323 1539 et
1350 1504 1508 1538 omnihus
1534 1504 1668 1548 gratio-

279 1582 350 1606 sus.
401 1573 507 1612 Quem
535 1573 667 1607 Caesar
692 1577 758 1606 tam
786 1573 947 1606 decorum
976 1577 1010 1607 et
1033 1572 1236 1617 prudentem
1259 1571 1381 1606 videns
1402 1582 1423 1605 a
1440 1574 1538 1615 patre
1559 1571 1669 1614 ipsum

280 1640 382 1683 petiit
406 1642 439 1672 et
465 1640 498 1672 in
524 1640 620 1672 curia
647 1648 710 1672 sua
736 1648 875 1673 manere
902 1639 998 1681 feeit,
1016 1638 1077 1673 sed
1099 1649 1172 1672 eum
1191 1637 1326 1672 videret
1348 1647 1489 1681 puerum
1510 1636 1669 1670 omnibus

280 1706 473 1749 gratiosum
502 1709 535 1739 et
561 1704 604 1737 ab
631 1704 788 1738 omnibus
815 1705 1072 1746 commendari,
1102 1704 1263 1738 dubitare
1290 1704 1429 1747 eoepit,
1457 1713 1500 1737 ne
1529 1706 1608 1747 post
1633 1712 1671 1736 se

282 1774 448 1815 regnaret
490 1775 524 1804 et
557 1781 600 1804 ne
632 1771 698 1804 iste
741 1772 788 1804 sit
823 1771 903 1811 itte,
944 1781 1044 1815 quem
1091 1770 1206 1804 occidi
1247 1769 1483 1803 mandaverat.
1542 1767 1672 1802 Volens

280 1837 391 1879 igitur
422 1846 500 1869 esse
532 1846 675 1869 securus
710 1837 848 1870 litteras
885 1836 1045 1869 manibus
1079 1837 1151 1869 suis
1187 1836 1336 1878 scriptas
1375 1844 1437 1878 per
1472 1844 1546 1867 eum
1572 1834 1672 1866 uxori

283 1900 406 1945 dirigit
433 1902 465 1933 in
486 1900 576 1934 linne
601 1901 755 1935 modum:
783 1903 815 1935 in
837 1905 998 1946 quantum
1029 1905 1082 1934 est
1107 1901 1171 1934 tibi
1197 1910 1280 1934 cara
1306 1901 1377 1933 vita
1401 1903 1484 1940 tua,
1512 1909 1608 1939 mox,
1638 1903 1673 1932 ut

281 1966 418 2000 litteras
446 1967 532 1999 istas
560 1968 755 2010 receperis,
784 1978 924 2010 puerum
952 1966 1042 2000 hunc
1067 1966 1224 2001 necabis.
1274 1965 1357 1999 Ilum
1390 1966 1496 2009 igitur
1521 1975 1672 2009 pergens

282 2032 317 2064 in
350 2031 498 2075 quadam
543 2032 695 2065 eeclesia
737 2031 934 2075 hospitatus
982 2032 1107 2065 suisset
1149 2036 1184 2066 et
1230 2031 1346 2066 sessus
1387 2041 1492 2074 super
1529 2030 1673 2064 baneum

283 2097 481 2140 quiesceret
506 2101 539 2130 et
569 2097 697 2138 bursa,
741 2098 774 2129 in
807 2107 875 2141 qua
900 2102 1000 2131 erant
1024 2097 1186 2139 litterae,
1228 2096 1462 2141 dependeret,
1505 2095 1674 2130 sacerdos

283 2163 490 2196 curiositate
525 2161 647 2196 ductus
682 2162 823 2196 bursam
856 2166 994 2208 aperuit
1031 2167 1065 2198 et
1092 2163 1228 2197 litteras
1258 2162 1377 2208 sigillo
1405 2163 1499 2207 regis
1526 2163 1674 2196 munitas

284 2226 406 2261 videns
444 2229 539 2270 ipsas
575 2228 673 2262 salvo
709 2229 828 2273 sigillo
865 2230 1004 2273 aperuit
1042 2233 1075 2263 et
1109 2229 1231 2274 legens
1272 2228 1389 2263 scelus
1425 2227 1608 2261 abborruit
1642 2231 1676 2260 et

285 2292 411 2326 radens
439 2291 636 2335 subtiliter,
673 2293 764 2339 quod
801 2294 1001 2329 dicebatur:
1037 2296 1137 2328 istum
1166 2295 1331 2336 necabiS,
1370 2295 1535 2338 scripsit:
1571 2293 1675 2327 liliam

284 2362 437 2391 nostram
466 2359 523 2391 isti
553 2359 584 2391 in
614 2370 754 2394 uxorem
781 2360 895 2396 dabis.
945 2360 1097 2405 Cinnque
1132 2363 1256 2407 regina
1291 2361 1430 2395 litteras
1464 2359 1585 2405 sigillo
1612 2360 1673 2392 im-

286 2425 461 2466 peratoris
506 2425 654 2458 munitas
696 2425 830 2459 videret
871 2430 904 2460 et
936 2426 979 2459 de
1021 2436 1122 2460 manu
1157 2428 1378 2471 imperatoris
1412 2426 1562 2470 scriptas
1597 2434 1674 2458 esse

288 2493 540 2533 cognosceret,
579 2492 782 2524 convocatis
820 2491 1038 2536 principibus
1085 2492 1277 2526 celebravit
1316 2492 1455 2536 nuptias
1497 2494 1530 2524 et
1571 2488 1672 2521 liliam

287 2564 383 2587 suam
413 2555 522 2589 eidem
551 2557 582 2588 in
610 2566 751 2590 uxorein
778 2556 885 2590 dedit.
936 2558 1032 2597 Quae
1067 2559 1209 2602 nuptiae
1234 2558 1448 2603 Aquisgrani
1477 2554 1674 2588 celebratae

289 2623 377 2651 sunt.
429 2620 509 2653 (lum
535 2625 648 2655 autem
667 2623 812 2656 Caesari
841 2633 862 2656 a
888 2623 1085 2657 dicentibus
1107 2627 1320 2665 narraretur,
1346 2621 1436 2667 quod
1460 2619 1675 2654 sollemniter

290 2682 437 2715 fuissent
465 2684 556 2719 tiliae
585 2698 669 2721 suae
697 2689 838 2732 nuptiae
864 2687 1084 2732 celebratae,
1113 2688 1171 2723 ille
1199 2686 1464 2731 obstupefactus
1491 2696 1510 2719 a
1540 2685 1676 2721 duobus
