1742 3005
262 93 345 134 410
477 95 573 144 Cap.
601 93 737 131 XCVI.
796 93 855 131 De
886 102 1017 133 sancta
1046 96 1169 133 Maria
1199 96 1440 147 Magdalena.

261 210 391 247 quare,
417 209 491 233 cuni
517 200 568 231 tot
595 197 728 231 divitiis
753 197 958 240 abundetis,
985 205 1125 234 sanctos
1152 200 1217 235 Dei
1243 201 1332 237 same
1358 206 1392 237 et
1415 202 1548 247 frigore
1565 203 1651 235 mori

260 265 489 310 permittitis?
537 262 685 298 Addidit
718 267 751 298 et
784 264 916 307 minas,
960 266 1029 299 nisi
1067 266 1192 300 marito
1226 277 1289 301 suo
1325 267 1577 312 persuaderet,
1615 272 1652 301 ut

258 335 456 366 sanctorum
490 330 644 374 inopiam
675 329 870 372 revelaret,
915 331 1003 364 iram
1047 330 1112 366 Dei
1157 333 1403 377 omnipotentis
1444 335 1648 367 incurreret.

255 398 337 442 lpsa
364 400 480 431 autem
505 397 580 431 viro
606 405 670 430 suo
696 397 864 430 visionem
893 396 1049 432 indicare
1070 398 1195 431 timuit.
1244 399 1410 443 Sequenti
1425 399 1533 443 igitur
1546 402 1647 433 nocte

257 463 368 498 eidem
396 463 524 497 similia
549 461 669 496 dicens
704 464 890 507 apparuit,
928 463 991 497 sed
1026 463 1140 497 adhuc
1177 464 1252 498 viro
1291 474 1355 497 suo
1392 462 1458 497 hoc
1491 464 1647 499 indicare

253 529 425 576 neglexit.
470 528 592 563 Tertio
619 539 702 563 vero
728 528 791 562 sub
818 530 1050 574 intempestae.
1074 531 1186 564 noctis
1211 529 1351 564 silentio
1373 517 1538 574 apparuit
1561 531 1647 563 utri-

254 607 321 642 que
348 596 499 630 sremens
524 599 558 629 et
583 596 676 628 irata
699 594 796 629 vultu
819 596 939 641 igneo,
968 605 1011 630 ac
1036 597 1066 630 si
1091 600 1168 630 tota
1193 595 1314 630 domus
1338 594 1491 639 arderet,
1518 599 1554 630 et
1578 597 1647 631 ait:

253 663 429 696 dormisne
454 665 619 706 tyranne,
647 660 835 695 membrum
868 663 979 706 patris
1004 666 1087 697 tuae
1114 661 1282 705 Satanae,
1310 671 1385 696 cum
1413 663 1536 707 vipera
1562 672 1646 696 con-

246 729 335 773 juge
361 731 443 769 tua,
478 736 568 771 quae
601 726 667 759 tibi
698 726 853 762 indicare
884 727 996 761 noluit
1027 727 1135 763 verba
1164 729 1269 763 mea?
1305 729 1505 774 quiescisne
1532 729 1646 762 crucis

251 793 383 828 Christi
414 793 572 834 inimice,
609 791 759 826 diversis
790 791 946 826 ciborum
981 793 1172 838 generibus
1197 795 1329 828 ventris
1353 795 1405 828 tui
1432 794 1565 829 refecta
1590 796 1643 828 in-

248 859 381 906 gluvie,
401 863 435 894 et
451 862 593 893 sanctos
612 857 677 892 Dei
702 857 793 892 fame
816 862 849 892 et
875 860 934 893 siti
959 860 1133 904 permittis
1159 860 1303 903 perire?
1349 859 1500 895 Jaecsne
1524 862 1559 894 in
1581 871 1644 905 pa-

248 926 334 960 latio
362 926 487 970 pannis
512 924 688 959 involutus
715 926 839 960 sericis
874 929 909 960 et
941 924 1022 960 illos
1056 925 1237 960 desolatos
1263 926 1338 960 sine
1362 924 1518 970 hospitio
1545 926 1644 962 vides

249 995 283 1027 et
309 991 511 1037 praeteris?
559 989 635 1025 Non
664 992 735 1033 sic,
758 992 897 1036 inique,
924 1001 993 1025 non
1019 993 1069 1026 sie
1096 991 1248 1034 evades;
1281 1002 1344 1026 nec
1372 993 1509 1037 impune
1536 992 1642 1036 seres,

248 1057 342 1104 quod
375 1062 508 1091 tantum
533 1058 577 1090 iis
611 1056 823 1092 benefacere
854 1057 1033 1091 distulisti.
1084 1058 1143 1092 Sic
1175 1058 1294 1092 locuta
1319 1063 1373 1093 est
1396 1063 1430 1093 et
1456 1059 1642 1096 abscessit.

248 1125 401 1169 Cumque
429 1128 588 1158 matrona
612 1123 787 1169 evigilans
820 1122 1015 1168 suspiraret
1047 1128 1082 1159 et
1105 1128 1287 1167 tremeret,
1321 1126 1396 1159 viro
1423 1135 1487 1159 suo
1521 1127 1643 1161 eadem

246 1191 289 1226 de
318 1200 427 1225 causa
453 1190 647 1235 suspiranti
670 1190 737 1223 ait:
764 1189 901 1223 domine
927 1191 993 1232 mi,
1020 1190 1187 1225 vidistine
1212 1192 1393 1233 somnium,
1422 1191 1515 1236 qnod
1543 1192 1642 1228 vidi?

245 1257 347 1300 Vidi,
380 1258 515 1303 inquit,
549 1260 585 1292 et
612 1256 779 1290 admirari
805 1260 839 1290 et
864 1266 993 1301 pavere
1019 1267 1088 1290 non
1116 1255 1261 1299 desino;
1298 1257 1381 1302 quid
1416 1257 1496 1292 inde
1532 1258 1641 1293 facie-

245 1324 348 1358 mus?
397 1323 460 1357 Cui
485 1322 626 1358 mulier:
652 1322 773 1357 utilius
801 1325 866 1365 est,
896 1323 928 1356 ei
953 1322 1212 1367 obtemperare,
1240 1332 1342 1368 quam
1370 1325 1457 1358 iram
1482 1324 1546 1359 Dei
1572 1326 1640 1367 sui,

246 1401 346 1437 quem
379 1389 580 1435 praedicat,
614 1390 806 1424 incurrere.
857 1388 1081 1434 Quapropter
1115 1390 1215 1434 ipsos
1252 1388 1407 1434 hospitio
1433 1395 1643 1434 receperunt

245 1463 280 1492 et
312 1459 355 1491 iis
388 1457 595 1491 necessaria
628 1443 923 1491 ministraverunt.
973 1456 1054 1491 Cum
1090 1460 1204 1491 antem
1241 1455 1391 1501 quadam
1438 1455 1495 1490 die
1526 1455 1646 1491 Maria

242 1522 461 1568 Magdalena
488 1522 732 1567 praedicaret,
767 1521 971 1568 praedictus
1006 1523 1172 1567 princeps
1207 1508 1296 1556 diicit
1320 1524 1370 1567 ei:
1403 1526 1505 1567 putas
1533 1532 1640 1567 posse

244 1588 435 1624 defendere
461 1587 581 1630 iidem,
610 1599 712 1634 quam
738 1588 953 1633 praedicas?
1001 1588 1066 1624 Cui
1091 1589 1171 1623 illa:
1206 1589 1368 1635 equidem
1394 1588 1488 1622 illam
1515 1588 1637 1623 defen·

244 1655 327 1690 dere
364 1659 507 1700 praesto
539 1666 635 1697 suni,
680 1659 801 1699 utpote
842 1655 1056 1700 quotidianis
1092 1656 1269 1690 miraculis
1306 1660 1340 1691 et
1373 1655 1639 1700 praedieatione

242 1723 405 1768 magistri
428 1723 496 1756 mei
521 1721 636 1764 Petri,
663 1723 722 1767 qui
748 1720 877 1755 Romae
902 1721 1095 1764 praesidet,
1122 1721 1335 1757 roboratam.
1385 1722 1448 1757 Cui
1472 1710 1638 1766 princeps

242 1798 317 1822 cum
343 1789 495 1833 conjuge
523 1788 627 1821 dixit:
662 1797 741 1822 ecce
780 1786 885 1820 dictis
919 1788 990 1820 tuis
1024 1797 1087 1831 per
1112 1789 1227 1820 omnia
1253 1787 1497 1831 obtemperare
1522 1788 1637 1831 parati

242 1864 372 1896 sumus,
400 1855 431 1887 si
456 1863 477 1887 a
501 1853 587 1896 Deo,
615 1864 715 1898 quem
739 1851 937 1897 praedicas,
963 1853 1066 1887 nobis
1091 1852 1196 1886 lilium
1224 1853 1440 1897 impetrabis.
1488 1851 1638 1896 Propter

241 1922 328 1963 hoc,
366 1922 478 1966 inquit
511 1919 746 1965 Magdalena,
780 1929 849 1952 non
886 1918 1089 1953 remanebit.
1137 1918 1236 1953 Tunc
1281 1918 1386 1953 beata
1420 1917 1536 1952 Maria
1572 1929 1634 1962 pro

240 1989 339 2031 ipsos
391 1986 564 2020 dominum
604 1986 784 2027 exoravit,
835 1988 871 2018 ut
911 1984 980 2018 sibi
1020 1985 1125 2018 lilium
1173 1984 1367 2018 concedere
1418 1983 1633 2029 dignaretur.

241 2053 348 2098 (injus
373 2063 495 2097 preces
525 2052 684 2085 dominus
714 2045 897 2085 exaudivit
921 2055 955 2086 et
977 2055 1136 2085 matrona
1161 2050 1223 2085 illa
1247 2051 1418 2094 concepit.
1467 2049 1566 2084 Tunc
1585 2052 1636 2084 vir

240 2121 316 2164 ejus
344 2120 461 2163 coepit
489 2118 580 2153 velie
607 2118 781 2162 proticisci
808 2118 852 2151 ad
877 2117 1037 2159 Petrum,
1067 2121 1104 2151 ut
1129 2116 1316 2162 probaret,
1342 2117 1394 2159 si,
1421 2121 1458 2151 ut
1481 2116 1633 2162 Magda-

240 2187 320 2220 lena
355 2185 398 2220 de
435 2185 574 2219 Christo
608 2183 898 2230 praedicaverat,
930 2185 983 2218 sic
1018 2185 1150 2218 veritas
1184 2193 1223 2217 se
1248 2182 1407 2217 liaberet.
1457 2182 1520 2216 Cui
1546 2194 1636 2217 uxor

239 2251 350 2285 dixit:
385 2251 468 2297 quid
507 2255 578 2293 est,
616 2251 777 2293 domine,
814 2255 964 2295 putasne
997 2251 1072 2285 sine
1106 2260 1159 2284 me
1192 2248 1396 2293 proticisci?
1443 2248 1566 2291 Absit3
1600 2253 1634 2283 te

238 2320 329 2354 enim
354 2317 541 2353 recedente
567 2317 747 2360 recedam,
782 2321 817 2351 te
844 2318 1004 2351 veniente
1032 2316 1190 2358 veniam,
1223 2320 1260 2350 te
1286 2316 1489 2360 quiescente
1516 2316 1633 2360 quies-

237 2396 322 2419 cam.
371 2383 434 2419 Cui
461 2385 513 2418 vir
537 2385 603 2418 ait:
630 2394 698 2417 non
725 2384 776 2417 sic
801 2382 880 2425 liet,
908 2382 1067 2424 domina,
1097 2383 1223 2417 etenim
1246 2392 1322 2416 euin
1349 2382 1399 2416 sis
1425 2380 1576 2427 gravida
1600 2385 1635 2415 et

238 2453 271 2485 in
296 2452 383 2485 mari
409 2451 479 2485 sint
503 2450 638 2484 intinita.
662 2449 838 2494 pericula,
865 2448 907 2483 de
932 2448 1029 2482 sacili
1054 2448 1247 2493 periclitari
1273 2457 1419 2492 posses,
1445 2446 1537 2480 domi
1562 2446 1629 2490 igi-

239 2522 292 2550 tur
329 2518 492 2562 quiesces
535 2521 569 2551 et
600 2514 890 2561 possessionibus
926 2515 1057 2548 nostris
1091 2524 1209 2548 curam
1240 2513 1430 2558 impendes.
1478 2510 1631 2546 Econtra

238 2582 299 2614 illa
325 2582 491 2625 instabat,
517 2581 702 2617 femineum
730 2592 794 2616 nec
819 2585 955 2616 mutans
982 2581 1110 2615 semina
1135 2591 1277 2622 morem,
1306 2582 1341 2614 et
1366 2588 1439 2612 cnm
1465 2576 1629 2620 laer-tntis

239 2646 386 2690 pedibus
416 2649 492 2691 ejus
518 2648 698 2691 obvoluta,
723 2647 817 2693 quod
842 2647 1001 2693 petebat,
1026 2647 1166 2682 tandein
1192 2646 1352 2680 obtinuit.
1400 2642 1517 2678 Maria
1544 2654 1628 2689 ergo

240 2712 392 2746 innueris
418 2723 535 2746 eorum
562 2715 699 2759 signum
725 2714 840 2748 crucis
867 2714 1053 2759 imposuit,
1088 2723 1130 2747 nc
1165 2722 1226 2746 eos
1259 2711 1420 2754 antiquus
1457 2709 1570 2744 bostis
1597 2710 1629 2743 in

1718 2927 1739 3005 EA!
1726 2900 1739 2914 -x-
1726 2874 1739 2887 2-
1730 2850 1742 2858 -,
1740 2807 1742 2810 ,
