1742 3005
277 102 361 142 690
594 102 687 148 Cap.
721 97 833 134 CLV.
893 97 950 134 De
974 103 1103 132 sancto
1135 95 1350 133 Leonardo.

277 203 421 240 cuilibet
447 202 538 235 aeris
574 200 792 243 intemperiei
827 201 1008 244 expositus
1035 209 1103 233 non
1128 208 1208 241 una,
1244 199 1305 233 sed
1332 200 1433 243 quasi
1460 197 1551 232 mille
1576 207 1666 230 mor-

278 269 372 303 tibus
402 264 611 310 angebatur.
660 264 798 299 Accidit
821 269 956 307 autem,
982 270 1020 300 ut
1046 263 1184 311 quidam
1212 273 1334 298 servus
1362 261 1666 298 sanetiLeonardi

280 334 342 367 illa
361 335 486 366 catena
507 331 582 365 sine
600 330 704 375 culpa
724 330 919 377 ligaretnr3
946 332 1005 376 qui
1028 340 1101 364 cum
1127 330 1201 364 sere
1218 329 1373 363 ultimum
1392 330 1549 373 spiritum
1567 328 1666 363 efssa·

278 402 342 440 ret,
374 398 466 431 intra
482 405 532 436 se,
559 406 627 441 quo
646 397 770 441 potuit,
801 399 910 439 ¹)toto
937 400 1092 431 sanctum
1112 394 1334 430 Leonardum
1359 393 1488 428 affectu
1515 395 1665 439 rogavit,

278 468 328 506 ut,
357 464 414 508 qui
441 462 533 496 alios
553 460 732 503 liberaret,
760 461 828 496 sibi
853 472 992 507 quoque
1009 472 1112 497 servo
1128 471 1191 495 sno
1213 460 1426 494 subveniret.
1475 458 1668 504 Statimque

279 533 422 564 sanctus
450 526 658 562 Leonardus
690 529 725 560 in
759 531 856 562 veste
890 527 1042 561 candida
1072 526 1141 561 sibi
1177 535 1352 571 apparens
1385 524 1490 559 dixit:
1524 524 1596 558 noli
1623 526 1667 558 ti-

280 605 397 636 mere,
434 594 517 639 quia
542 603 610 627 non
639 594 821 634 morieris;
855 603 961 639 surge
988 597 1021 627 et
1047 592 1137 627 hanc
1162 597 1319 626 catenam
1345 595 1456 626 tecum
1484 591 1528 625 ad
1554 590 1667 626 eccle-

280 662 367 694 siam
402 669 509 694 meam
543 657 703 700 deseras,
744 669 894 704 sequere
927 669 998 699 mc,
1039 659 1121 703 quia
1155 668 1222 703 ego
1257 656 1465 702 praecedam
1499 661 1544 691 te.
1603 656 1668 697 Qui

281 733 499 768 consurgens
525 727 559 756 et
590 727 746 758 catenam
774 725 949 767 accipiens
977 727 1131 757 sanctum
1153 722 1372 757 Leonardum
1400 721 1667 767 praecedentem

282 800 392 835 usque
419 788 464 822 ad
491 788 676 823 ecclesiam
704 799 799 822 suam
827 793 967 823 secutus
995 793 1047 822 est
1074 790 1273 833 statimqne,
1298 793 1335 821 ut
1364 792 1444 822 ante
1470 787 1565 821 sores
1592 786 1667 827 suit,

282 856 406 891 beatus
423 854 628 889 Leonardus
655 855 765 898 ipsum
794 853 926 888 dimisit
954 857 988 888 et
1014 853 1196 888 ecclesiam
1228 854 1373 895 intrans,
1401 862 1502 897 quam
1528 856 1667 886 sanctus

282 919 492 956 Leonardus
525 920 592 953 sibi
627 919 779 961 fecerat,
813 919 974 954 omnibus
1011 920 1189 954 enarravit
1223 922 1256 953 et
1291 922 1447 953 catenam
1482 916 1574 951 illam
1600 921 1667 950 tam

282 987 464 1021 maximam
497 989 576 1020 ante
613 985 778 1019 tumulum
813 986 890 1030 ejus
924 985 1117 1030 suspendit.
1146 1005 1187 1010 ——
1215 1005 1255 1008 *
1283 1004 1325 1008 —
1361 988 1408 1021 3.
1444 982 1505 1017 Vir
1530 982 1668 1028 quidam

282 1054 317 1086 in
341 1052 420 1085 loco
447 1052 561 1084 sancti
585 1050 762 1085 Leonardi
787 1050 971 1084 Nobiliaeo
998 1050 1161 1084 habitans
1195 1055 1228 1083 et
1262 1049 1374 1084 eidem
1409 1054 1530 1084 sancto
1568 1049 1669 1084 valde

282 1117 396 1151 fidelis
430 1116 605 1150 exsistens
637 1126 658 1149 a
685 1116 833 1160 quodam
858 1120 1005 1160 tyranno
1030 1120 1152 1160 captus
1179 1119 1252 1157 est;
1288 1117 1343 1160 qni
1377 1119 1542 1159 tyrannus
1582 1116 1671 1148 intra

282 1192 321 1217 se
348 1182 509 1227 cogitans
541 1180 703 1215 dicebat:
735 1181 943 1216 Leonardus
982 1183 1048 1216 iste
1083 1191 1201 1215 onmes
1237 1180 1391 1215 absolvit
1422 1185 1456 1214 et
1480 1182 1590 1215 omnis
1617 1182 1669 1214 vis

283 1247 371 1283 ferri
395 1250 476 1281 ante
505 1257 599 1288 eum,
637 1246 731 1280 velut
767 1256 850 1281 cera
884 1252 963 1282 ante
991 1249 1123 1293 ignem,
1157 1246 1331 1291 liquescit.
1380 1246 1417 1280 Si
1451 1246 1538 1280 bunc
1564 1247 1671 1291 igitur

281 1314 429 1349 vinculis
463 1313 645 1358 ligavero,
688 1314 847 1357 protinus
884 1312 1092 1347 Leonardus
1128 1312 1242 1347 aderit
1276 1316 1310 1346 et
1347 1313 1458 1356 ipsum
1493 1311 1670 1351 liberabit,

280 1380 312 1414 si
346 1383 459 1413 autem
493 1380 605 1423 ipsum
640 1377 819 1413 custodire
851 1388 1010 1423 possem,
1054 1378 1147 1413 mille
1188 1377 1312 1412 solidis
1354 1379 1465 1421 ipsum
1497 1377 1670 1412 redimere

282 1445 447 1479 facerem.
496 1443 579 1478 Seio
614 1444 741 1490 igitur,
777 1444 859 1489 quid
894 1444 1031 1478 faciam.
1079 1443 1114 1478 In
1152 1448 1247 1478 turre
1279 1453 1356 1478 mea
1382 1442 1588 1488 profundam
1615 1442 1669 1476 fo-

283 1519 380 1545 veam
421 1509 544 1543 faciam
582 1513 616 1544 et
658 1509 829 1544 hominem
872 1509 961 1544 bunc
1001 1509 1230 1554 compedibus
1271 1513 1502 1555 aggravatum
1542 1508 1670 1543 ibidem

284 1575 320 1621 ²)
332 1574 579 1619 submergam,
612 1574 739 1610 deinde
767 1585 874 1620 super
899 1586 939 1610 os
966 1575 1090 1610 foveae
1116 1575 1269 1621 ligneam
1295 1574 1434 1608 archam
1460 1577 1670 1613 construam,

280 1642 315 1674 in
348 1650 418 1686 qua
448 1643 601 1673 armatos
637 1639 765 1674 milites
800 1642 973 1675 accubare
1009 1641 1148 1675 faciam.
1196 1640 1297 1675 Licet
1337 1641 1426 1675 enim
1462 1639 1669 1674 Leonardus

281 1705 410 1741 serrum
435 1703 646 1750 confringat,
672 1708 785 1739 tamen
807 1706 957 1739 nendum
975 1705 1038 1740 sub
1058 1711 1154 1740 terra
1171 1707 1324 1740 intravit.
1366 1705 1432 1746 Qui
1453 1715 1527 1739 cum
1548 1708 1668 1745 totum,

281 1770 375 1817 quod
408 1771 649 1816 cogitaverat,
695 1769 914 1815 implevisset
958 1775 992 1806 et
1032 1771 1091 1805 ille
1126 1770 1229 1804 homo
1261 1776 1416 1805 sanctum
1447 1769 1668 1806 Leonardum

280 1837 424 1880 saepius
451 1834 680 1876 inclamaret,
713 1835 922 1870 Leonardus
954 1840 1055 1871 noete
1085 1837 1227 1870 veniens
1262 1835 1424 1878 archam,
1458 1837 1493 1869 in
1521 1844 1590 1880 qua
1609 1835 1666 1879 ja-

279 1901 405 1936 cebant
433 1900 580 1942 milites,
609 1900 758 1934 revolvit
782 1904 816 1935 et
840 1905 1014 1946 tamquam
1040 1906 1194 1936 mortuos
1221 1902 1255 1934 in
1280 1900 1491 1945 sepulchro,
1530 1902 1579 1933 ita
1605 1910 1666 1934 eos

278 1965 343 2001 sub
367 1966 446 2010 ipsa
462 1964 643 2000 conclusit.
694 1966 828 2002 Deinde
846 1977 919 2001 cum
940 1968 1047 2001 multa
1062 1967 1142 2001 luce
1163 1966 1298 2001 foveam
1324 1968 1506 2012 ingressus
1532 1976 1666 2000 manum

279 2031 391 2066 tidelis
425 2032 479 2064 sui
514 2033 625 2065 tenuit
658 2041 697 2065 ac
734 2031 839 2065 dixit:
885 2031 1016 2066 dormis
1048 2042 1090 2065 an
1121 2031 1278 2076 vigilas?
1334 2030 1425 2065 Ecce
1448 2030 1668 2073 Leonardus,

278 2106 378 2142 quem
415 2100 449 2130 tu
493 2095 690 2130 desideraS.
740 2097 786 2131 At
819 2091 880 2131 ille
913 2097 1090 2131 admirans
1127 2098 1195 2131 ait:
1241 2096 1398 2139 (lemine,
1439 2096 1569 2142 adJuva
1602 2107 1667 2132 me.

277 2160 470 2196 Confestim
513 2159 701 2196 eonlractis
745 2163 878 2196 catenis
929 2162 1184 2207 apprehensum
1235 2163 1387 2207 propriis
1437 2163 1528 2196 ulnis
1569 2166 1669 2197 extra.

275 2228 396 2261 turrim
423 2227 589 2270 portavit,
619 2226 745 2261 deinde
772 2237 902 2270 secum,
930 2230 1020 2263 sicut
1044 2230 1173 2262 amicus
1200 2238 1274 2262 cum
1293 2229 1403 2262 amico
1424 2227 1666 2266 confabulans.

275 2301 386 2336 usque
412 2290 457 2324 ad
483 2291 594 2324 locum
621 2301 719 2326 suum
744 2296 779 2327 et
803 2292 939 2327 domum
969 2295 1079 2338 ipsum
1105 2293 1259 2328 deduxit.
1282 2314 1327 2319 -
1347 2313 1393 2318 —
1409 2312 1454 2317 —
1486 2296 1535 2330 4.
1559 2292 1665 2328 Pere-

273 2357 397 2403 grinus
435 2356 597 2401 quidam,
635 2367 710 2391 cum
748 2367 770 2391 a
801 2359 1005 2393 visitatione
1041 2361 1153 2393 sancti
1176 2358 1355 2394 Leonardi
1381 2359 1548 2394 rediisset
1575 2363 1610 2394 et
1633 2360 1666 2393 in

273 2422 429 2457 Avernia
454 2425 576 2466 eaptus
601 2424 635 2457 in
661 2432 770 2458 eavea
794 2424 949 2458 inclusus
975 2428 1081 2466 esset,
1108 2434 1169 2459 cos
1195 2425 1375 2469 plurimum
1399 2424 1664 2470 deprecabatur,

271 2491 308 2521 ut
327 2497 447 2523 amore
463 2489 575 2522 sancti
593 2487 783 2532 Leonardi‚
809 2500 884 2524 cum
903 2489 989 2524 nihil
1014 2500 1164 2536 unquam
1182 2501 1243 2526 eos
1264 2490 1483 2533 offendisset,
1505 2500 1579 2525 eum
1605 2498 1660 2523 re-

271 2551 392 2587 laxare
414 2552 592 2588 deberent.
643 2554 708 2594 Qui
720 2555 990 2600 responderunt,
1017 2556 1123 2601 quod,
1151 2558 1219 2592 nisi
1237 2566 1277 2591 se
1301 2557 1444 2601 copiose
1463 2553 1661 2595 redimeret,

339 2690 365 2720 ¹)
385 2689 435 2716 Ed,
458 2693 499 2716 l'r.
520 2696 611 2718 voto
631 2693 701 2725 legii
722 2697 749 2720 et
770 2694 881 2721 omittit
901 2694 1062 2721 affec-tu,
1167 2696 1196 2727 2)
1215 2693 1267 2720 Ed.
1288 2696 1330 2720 l'r.
1351 2702 1390 2720 su
1404 2692 1594 2724 bjnngnm.
