1742 3005
295 158 391 208 Cap.
423 156 559 193 XXIV.
629 156 687 193 De
718 164 847 194 sancta
878 157 1024 207 Agnete
1055 157 1208 206 virgine.
1385 159 1462 197 115»

71 264 169 300 Tune
203 260 401 309 praefectus
434 263 541 308 jussit
575 271 650 297 eam
677 260 867 306 exspoliari
897 266 931 296 et
955 261 1080 296 nudam
1107 262 1152 296 ad
1188 262 1336 308 lupanar
1370 263 1460 298 duci.

71 328 218 364 Tantam
244 332 357 364 autem
383 327 592 362 densitatem
617 326 754 371 capillis
781 327 857 372 ejus
881 326 1038 362 doininus
1065 327 1233 370 contulit,
1276 332 1312 362 ut
1337 329 1458 364 melius

68 393 205 440 capillis
229 403 330 439 quam
361 392 517 428 vestibus
545 396 735 439 tegeretur.
806 391 972 438 Ingressa
1005 396 1118 427 autem
1157 393 1381 438 turpitudinis
1406 394 1459 429 10-

68 470 143 494 cum
168 459 330 505 angelum
355 459 483 493 domini
510 462 756 503 praeparatum
780 459 923 498 invenit,
949 459 1007 502 qui
1032 458 1143 492 locum
1168 458 1329 494 claritate
1355 462 1461 495 nimia

68 525 296 560 circumfulsit
320 524 458 570 sibique
484 523 609 558 stolam
634 522 916 557 candidissimam
942 525 1181 567 praeparavit.
1247 523 1375 570 SIcque
1406 527 1458 561 lu-

69 600 181 636 panar
204 591 242 625 fit
262 590 360 625 locus
387 590 578 630 orationis,
620 587 710 622 adeo
734 591 770 622 ut
795 587 954 622 mundior
979 589 1111 630 exiret,
1145 598 1246 634 quam
1271 589 1396 626 fuisset
1425 595 1460 635 ¹)

70 659 272 703 ingressus,
322 656 379 701 qui
403 655 570 688 immenso
596 653 715 688 lumini
743 652 853 687 dabat
886 652 1064 688 honorem.
1135 653 1310 690 Praefecti
1343 660 1457 692 autem

69 723 159 757 tilius
195 731 270 756 cum
304 721 384 755 aliis
414 718 604 766 Juvenibus
641 719 684 753 ad
717 719 866 764 lupanar
889 720 984 755 venit
1009 723 1044 755 et
1068 729 1130 754 cos
1154 722 1251 765 prius
1277 721 1322 756 ad
1347 724 1458 767 ipsam

68 789 238 822 invitavit.
274 786 339 828 Qui
364 785 530 832 ingressi,
556 784 618 819 sed
644 795 687 820 ex
711 785 878 819 miraculo
903 785 1029 827 territi,
1062 787 1095 828 ²)
1120 788 1315 831 compuncti
1341 787 1454 823 redic-

71 855 170 895 runt,
219 863 307 898 quos
339 852 399 887 ille
433 852 581 886 miseros
615 850 800 896 appellans
835 855 870 885 et
903 850 948 885 ad
975 860 1049 886 cam
1078 852 1195 886 furens
1220 854 1354 888 intrans
1383 864 1458 889 cum

68 927 145 952 eam
170 917 276 953 vellet
301 918 523 963 contingere,
571 918 605 950 in
631 902 743 961 ipsum
767 916 881 951 lumen
903 916 1014 950 irruit.
1086 917 1152 957 Qui
1178 928 1252 952 cum
1284 919 1358 954 Deo
1390 932 1457 955 non

69 982 225 1018 dedisset
248 983 436 1025 honorem,
488 981 712 1026 praefocatus
740 992 761 1016 a
787 981 938 1027 dyabolo
966 984 1171 1027 exspiravit.
1231 983 1330 1024 Quod
1355 996 1456 1031 prae-

70 1048 180 1083 fectus
213 1048 360 1084 audiens
392 1059 466 1084 cum
494 1049 627 1094 ingenti
652 1048 791 1093 ploratu
820 1048 863 1082 ad
891 1058 966 1084 eam
994 1050 1088 1082 venit
1114 1053 1148 1083 et
1172 1058 1313 1084 causam
1338 1054 1459 1086 mortis

68 1115 145 1160 ejus
171 1113 374 1161 diligentius
399 1116 608 1149 sciscitatur.
658 1113 720 1149 Cui
744 1114 885 1160 Agnes:
921 1114 998 1155 ille,
1033 1115 1132 1160 cujus
1158 1114 1369 1151 voluntatem
1396 1128 1457 1151 vo-

67 1179 165 1215 lebat
197 1180 383 1225 perficere,
432 1184 642 1226 potestatem
667 1181 702 1213 in
729 1191 804 1214 cum
831 1181 967 1225 accepit
993 1185 1028 1215 et
1053 1180 1201 1222 occidit,
1256 1191 1333 1216 nam
1370 1185 1458 1217 socii

67 1246 145 1291 ejus
171 1245 214 1280 de
242 1247 318 1281 viso
351 1246 517 1281 miraculo
542 1246 655 1280 territi
681 1245 859 1280 redierunt
882 1245 1008 1281 illaesi.
1081 1246 1143 1281 Cui
1169 1248 1385 1291 praefectus:
1423 1250 1457 1283 in

69 1310 135 1346 hoc
158 1311 365 1357 apparebit,
409 1311 502 1358 quod
530 1322 598 1345 non
622 1313 768 1358 magicis
794 1314 928 1346 artibus
952 1311 1018 1345 hoc
1044 1313 1171 1357 egisti,
1214 1313 1245 1346 si
1270 1313 1457 1357 impetrare

69 1378 201 1422 poteris
225 1381 263 1412 ut
287 1379 524 1413 resuscitetur.
574 1376 705 1411 Orante
722 1377 861 1423 Agnete
880 1378 1022 1422 juvenis
1048 1378 1277 1412 resuscitatur
1300 1383 1335 1413 et
1357 1379 1457 1414 Chri-

69 1446 144 1476 stus
169 1442 214 1476 ab
240 1452 282 1477 eo
308 1442 445 1487 publice
473 1441 707 1487 praedicatur.
755 1442 810 1477 Ad
835 1441 900 1476 hoc
924 1442 1130 1487 templorum
1159 1443 1340 1487 pontifices
1363 1446 1458 1480 sedi-

70 1508 196 1542 tIonem
221 1509 414 1543 excitantes
439 1508 474 1542 in
498 1507 627 1552 populo
652 1507 953 1542 exclamaverunt:
979 1507 1064 1541 tolle
1092 1517 1247 1554 magam,
1274 1509 1359 1544 tolle
1384 1521 1456 1545 ma-

69 1573 220 1615 leficam,
272 1583 362 1618 quae
388 1576 519 1608 mentes
543 1575 654 1606 mutat
685 1576 719 1607 et
744 1574 877 1607 animos
903 1572 1042 1607 alienat.
1114 1573 1318 1608 Praefectus
1343 1580 1456 1611 autem

70 1639 146 1673 viso
171 1640 270 1673 tanto
294 1638 461 1674 miraculo
487 1647 562 1674 eam
587 1637 740 1673 liberare
766 1637 888 1680 voluit,
915 1637 977 1672 sed
994 1640 1284 1684 proscriptionem
1300 1645 1456 1677 metuens

71 1705 236 1738 vicarium
258 1703 444 1750 dereliquit
469 1708 516 1747 et,
543 1705 626 1750 quia
649 1713 723 1739 eam
750 1690 903 1739 liberare
930 1714 999 1738 non
1022 1706 1147 1749 potuit,
1173 1706 1284 1740 tristis
1314 1706 1456 1742 absces-

70 1771 126 1805 sit.
162 1769 259 1804 Tunc
283 1771 447 1812 vicarius,
472 1769 645 1814 Aspasius
671 1771 820 1813 nomine,
841 1771 951 1816 jttssit
975 1779 1050 1804 eam
1078 1771 1112 1804 in
1138 1772 1317 1815 copiosum
1343 1773 1457 1817 ignem

63 1836 213 1880 Jactari‚
253 1835 316 1870 sed
340 1837 375 1869 in
400 1834 486 1870 duas
511 1840 630 1880 partes
653 1835 789 1870 flamma
811 1834 928 1870 divisa
950 1834 1152 1870 seditiosum
1183 1836 1346 1881 populum
1374 1849 1456 1873 exu-

71 1899 171 1935 rebat
195 1901 231 1946 3)
255 1904 291 1935 et
322 1910 398 1935 eam
431 1902 569 1937 minime
601 1901 838 1947 contingebat.
911 1900 1009 1935 Tunc
1043 1901 1216 1946 Aspasius
1248 1903 1282 1936 in
1317 1907 1457 1949 gutture

68 1967 144 2011 ejus
167 1966 322 2012 gladium
347 1967 506 2013 immergi
532 1968 713 2012 praecepit
738 1973 772 2001 et
799 1969 849 2001 sic
874 1977 1024 2012 sponsus
1049 1967 1217 2002 candidus
1243 1972 1277 2002 et
1294 1968 1455 2004 rubicun-

69 2030 134 2065 dus
157 2032 270 2076 ipsam
291 2031 359 2066 sibi
382 2042 547 2078 sponsam
574 2038 608 2068 ct
632 2033 807 2067 martirem
834 2034 1065 2068 consecravit.
1114 2033 1227 2068 Passa
1250 2037 1305 2068 est
1328 2038 1455 2075 autem,

69 2099 106 2131 ut
130 2095 302 2140 creditur,
353 2101 508 2143 tempore
543 2097 761 2133 Constantini
793 2100 931 2146 magni,
982 2100 1039 2143 qui
1071 2100 1188 2144 coepit
1211 2108 1303 2133 anno
1329 2099 1457 2134 domini

68 2160 213 2197 ccctx.
272 2162 356 2198 Cum
380 2164 490 2209 igitur
520 2173 648 2209 corpus
676 2165 752 2210 ejus
780 2164 971 2200 Christiani
996 2168 1030 2199 et
1054 2169 1218 2209 parentes
1243 2166 1355 2210 ipsius
1382 2176 1456 2201 cum

68 2226 199 2272 gaudio
224 2228 433 2273 sepelirent,
478 2230 533 2264 vix
558 2239 580 2264 a
604 2232 755 2276 paganis
780 2232 815 2265 in
845 2241 906 2265 eos
929 2229 1065 2275 lapides
1091 2230 1306 2265 mittentibus
1331 2241 1455 2266 evase-

68 2295 157 2326 runt·
182 2311 222 2317 —
248 2313 293 2319 —-
316 2314 361 2320 —
383 2297 425 2331 2.
451 2294 697 2330 Emerentiana
723 2300 849 2334 autem,
875 2297 951 2341 ejus
978 2295 1217 2339 collactanea,
1246 2298 1348 2342 virgo
1374 2307 1456 2331 san-

67 2357 242 2400 ctissima,
266 2357 348 2392 licet
374 2358 486 2394 adhuc
509 2360 777 2405 catechumena,
813 2361 892 2397 dum
908 2363 1013 2407 juxta
1037 2360 1257 2406 sepulchrum
1281 2362 1358 2405 ejus
1382 2365 1455 2394 sta-

70 2425 122 2456 ret
146 2425 181 2456 et
203 2426 405 2458 constanter
428 2425 577 2470 gentiles
605 2432 792 2472 argueret,
835 2428 879 2462 ab
909 2429 953 2460 iis
987 2426 1146 2471 lapidata
1179 2430 1233 2460 est
1269 2426 1455 2471 statimque

67 2492 183 2522 terrae
210 2491 342 2531 motus,
367 2491 628 2525 coruscationes
655 2495 689 2526 et
717 2492 859 2538 fulgura
883 2493 1093 2526 exstiterunt
1119 2500 1140 2524 a
1163 2490 1237 2525 Deo
1263 2493 1297 2524 ct
1322 2500 1364 2524 ex
1390 2500 1454 2535 pa-

65 2554 169 2597 ganis
194 2552 330 2597 plurimi
356 2554 551 2599 perierunt,
602 2556 652 2590 ita
677 2557 769 2601 quod
794 2558 862 2601 ipsi
887 2556 930 2590 dc
953 2560 1094 2591 caetero
1128 2556 1306 2590 venientes
1329 2555 1372 2590 ad
1399 2565 1455 2590 se-

132 2676 161 2708 1)
179 2677 289 2704 Sensus
305 2677 456 2712 postulat:
476 2678 679 2710 ingressus
698 2677 779 2710 legit.
817 2677 913 2710 vulgo
930 2679 1009 2706 enim
1027 2679 1062 2705 in
1075 2688 1138 2712 gre
1149 2688 1162 2707 s
1173 2688 1224 2711 sa,
1242 2688 1261 2711 q
1269 2688 1312 2705 ua
1323 2688 1352 2711 e,
1374 2678 1456 2712 quod,

67 2729 171 2754 parum
187 2720 292 2754 liquet.
353 2722 356 2723 ⁷
443 2723 472 2757 2)
491 2722 544 2750 Ed.
564 2722 657 2748 Princ.
683 2722 793 2749 omittit
812 2724 1045 2759 compuncti.
1200 2724 1229 2757 3)
1247 2723 1346 2751 Verba
1367 2728 1402 2750 et
1424 2738 1453 2744 —

66 2765 326 2799 contingebat
345 2766 452 2794 desunt
472 2766 501 2794 in
521 2766 598 2796 Edit.
618 2766 845 2801 antiquioribus.

1128 2824 1175 2856 3..
