1742 3005
386 121 482 172 Cap.
514 121 651 158 XLlX.
709 121 768 159 De
801 127 931 158 saneto
961 120 1185 159 Benedicto.
1399 122 1478 161 205

89 221 303 258 tinnabulum
335 224 459 270 fregit,
509 225 573 260 sed
607 230 721 261 tamen
751 225 924 261 Romanus
959 227 991 261 ei
1029 226 1225 260 ministrare
1259 235 1327 260 non
1361 225 1476 261 desiit.

90 287 173 322 Post
198 287 265 324 hoe
289 290 424 324 cuidam
450 291 647 336 presbitero
673 292 898 326 resectionem
925 292 993 325 sibi
1014 292 1047 325 in
1072 291 1233 336 paschali
1259 291 1478 327 solemnitate

89 356 227 398 paranti
254 355 412 390 dominus
442 368 505 402 per
528 358 639 390 visum
674 359 836 402 apparuit
868 357 1007 391 dicens:
1032 361 1069 390 tu
1103 357 1168 390 tibi
1202 357 1348 391 delicias
1372 368 1476 403 prae-

89 431 194 465 paras
221 426 255 457 et
286 432 408 457 servus
441 432 536 457 meus
561 422 622 455 illo
657 424 691 456 in
725 423 803 457 loco
844 422 934 456 same
977 423 1162 456 cruciatur.
1221 423 1286 462 Qui
1321 425 1478 468 protinus

89 489 242 521 surrexit
281 492 314 522 et
348 498 422 522 cum
450 486 656 520 difficultate
692 497 818 532 magna
847 497 922 521 eum
957 488 1136 520 inveniens
1169 488 1275 521 dixit:
1314 499 1419 534 surge
1446 494 1479 523 et

89 562 262 586 sumamus
299 552 431 593 cibum,
467 553 549 596 quia
582 551 688 585 hodie
714 552 847 596 pascha
872 552 1000 585 domini
1037 556 1099 585 est.
1157 552 1217 586 Cui
1245 553 1477 588 Benedictus:

88 620 174 659 scio,
203 619 284 663 quia
309 616 444 662 pascha
470 621 533 658 est,
560 618 641 662 quia
665 617 784 651 videre
807 621 840 651 te
866 618 986 651 merui.
1039 616 1162 663 Longe
1189 620 1318 663 quippe
1343 619 1385 652 ab
1412 619 1476 653 ho-

86 684 235 718 minibus
262 684 425 728 positus,
448 684 530 727 quia
554 682 610 716 die
637 682 757 716 eadem
782 682 961 728 paschalis
986 688 1081 716 esset
1108 684 1345 723 sollemnitas,
1373 686 1477 730 igno-

86 749 198 783 rabat.
239 748 302 783 Cui
327 747 521 793 presbiter:
552 749 725 781 veraciter
748 747 854 783 hodie
883 750 1151 782 resurrectionis
1178 749 1374 785 dominicae
1400 750 1476 785 dies

87 819 151 858 est,
178 815 355 849 abstinere
380 818 413 847 te
436 824 503 847 non
530 814 708 854 convenit,
738 814 819 858 quia
842 813 886 847 ob
911 813 977 847 hoc
1001 814 1045 848 ad
1069 818 1103 848 te
1129 816 1256 848 missus
1285 827 1377 857 sum:
1405 818 1474 850 sic-

87 887 153 922 que
177 877 284 911 Deum
318 877 564 913 benedicentes
601 882 798 912 sumserunt
836 879 959 912 cibum.
995 899 1040 904 -
1068 900 1113 905 —
1167 883 1208 916 2.
1241 881 1395 920 Quadam
1419 882 1476 916 die

85 944 160 977 avis
185 942 353 988 quaedam
378 945 490 989 nigra,
525 953 614 989 quae
640 943 772 977 merula
796 949 950 986 vocatur,
977 946 1173 988 importune
1199 948 1292 980 circa
1319 948 1394 991 ejus
1422 948 1474 982 fa-

85 1009 171 1041 ciem
197 1008 384 1051 volutavit,
410 1011 458 1042 ita
482 1013 519 1042 ut
546 1008 589 1042 ab
616 1020 656 1043 eo
684 1019 784 1043 manu
810 1011 887 1054 capi
913 1011 1106 1055 potuisset,
1144 1011 1206 1045 sed
1231 1014 1332 1056 signo
1362 1015 1475 1047 crucis

85 1072 178 1107 edito
212 1075 287 1107 avis
324 1076 483 1109 recessit.
550 1074 704 1119 Moxque
740 1074 909 1119 dyabolus
944 1076 1116 1120 quandam
1158 1077 1337 1117 seminam,
1374 1090 1474 1123 quam

84 1138 271 1184 aliquando
298 1139 448 1182 viderat,
487 1144 567 1175 ante
593 1141 669 1185 ejus
696 1141 817 1174 oculos
842 1143 965 1175 mentis
992 1142 1130 1176 reduxit
1154 1144 1302 1188 ejusque
1327 1146 1472 1179 animum

83 1208 179 1239 tanto
207 1206 289 1251 igne
313 1207 348 1240 in
378 1207 531 1251 speciem
558 1206 652 1240 illins
683 1206 863 1248 accendit,
914 1211 952 1241 ut
978 1218 1089 1252 paene
1123 1219 1272 1243 eremum
1297 1210 1476 1254 voluptate

85 1271 196 1305 victus
221 1271 386 1306 deserere
412 1271 636 1307 deliberaret.
689 1272 759 1314 Sed
784 1271 899 1306 subito
928 1272 1047 1307 divina
1077 1276 1193 1319 gratia
1219 1275 1262 1308 ad
1290 1286 1329 1309 se
1353 1286 1472 1310 rever-

84 1346 144 1370 sus
172 1338 334 1372 continuo
359 1347 397 1372 se
431 1339 527 1372 exuit
551 1342 584 1373 et
622 1339 655 1372 in
682 1339 792 1382 spinis
819 1342 853 1372 et
880 1338 1066 1382 vepribus,
1110 1350 1199 1385 quae
1233 1340 1282 1373 ibi
1316 1341 1473 1384 aderant,

84 1412 123 1436 se
152 1402 241 1437 adeo
262 1403 440 1444 volutavit,
464 1408 500 1437 ut
524 1407 597 1437 toto
624 1413 772 1448 corpore
798 1403 879 1437 inde
901 1404 1102 1439 vulneratus
1120 1407 1232 1439 exiret
1257 1410 1290 1439 et
1306 1417 1368 1450 per
1384 1409 1474 1441 entis

85 1467 227 1502 vulnera
253 1469 377 1502 mentis
406 1469 548 1503 vulnera
570 1470 754 1510 educeret;
786 1471 867 1503 vicit
888 1471 1005 1514 itaque
1031 1474 1221 1514 peccatum,
1242 1473 1323 1515 quia
1340 1472 1372 1516 ¹)
1399 1483 1471 1506 mu*

82 1535 169 1568 tavit
196 1533 401 1568 incendium.
458 1534 512 1568 Ab
539 1534 598 1567 illo
632 1538 746 1568 autem
772 1538 928 1579 tempore
962 1535 1057 1569 nulla
1083 1536 1302 1580 postmodum
1326 1539 1473 1571 tentatio

83 1600 118 1633 in
146 1600 222 1644 ejus
250 1609 398 1644 corpore
424 1599 618 1644 pullulavit.
638 1620 683 1625 —-
701 1620 746 1625 —
790 1604 832 1637 3.
862 1600 1113 1635 Crebrescente
1140 1602 1257 1646 itaque
1283 1603 1359 1647 ejus
1382 1602 1474 1636 sama

84 1675 159 1699 cum
183 1664 294 1699 abbas
320 1665 523 1698 monasterii
548 1665 727 1709 cujusdam
745 1665 905 1701 obiisset.
932 1670 1007 1700 tota
1036 1668 1146 1711 ipsius
1165 1669 1368 1701 monasterii
1388 1680 1471 1702 eon-

83 1732 247 1777 gregatio
274 1730 319 1764 ad
345 1742 420 1766 eum
444 1732 539 1766 venit
565 1735 599 1765 et
631 1736 668 1764 ut
694 1741 862 1776 praeesse
891 1731 1035 1766 deberet
1060 1733 1122 1773 iis,
1155 1734 1266 1777 petiit.
1321 1734 1386 1773 Qui
1414 1735 1473 1769 din

82 1796 244 1842 negando
269 1796 423 1838 distulit,
450 1797 524 1830 suis
550 1796 756 1841 illorumque
781 1796 925 1831 fratrum
950 1796 1102 1830 moribus
1129 1808 1167 1831 se
1193 1800 1379 1833 convenire
1405 1811 1473 1834 non

83 1871 189 1906 posse
213 1861 408 1906 praedixit,
453 1861 516 1896 sed
540 1862 678 1896 tandem
711 1863 823 1896 vietus
859 1872 1041 1897 assensum
1078 1863 1184 1898 dedit.
1237 1863 1388 1910 Cumque
1414 1877 1471 1900 re-

82 1926 199 1972 gulam
222 1927 297 1961 illic
324 1927 516 1961 districtius
542 1928 676 1962 servari
700 1929 939 1972 praeciperet,
975 1932 1085 1963 semet
1111 1931 1209 1974 ipsos
1234 1930 1471 1975 reprehende-

82 1991 187 2034 bant,
215 1993 298 2037 quIa
319 1993 432 2036 ipsum
453 1991 522 2025 sibi
551 2002 718 2037 praeesse
742 1998 998 2037 poposcerant,
1039 2005 1182 2039 quorum
1208 1995 1345 2029 scilicet
1369 1997 1469 2029 torti—

84 2056 165 2091 tudo
197 2066 350 2090 normam
383 2057 459 2102 ejus
495 2056 714 2092 rectitudinis
749 2057 961 2092 offendebat.
1029 2058 1181 2104 Cumque
1214 2059 1281 2093 sibi
1320 2070 1394 2094 cum
1429 2071 1470 2095 eo

81 2122 305 2167 adspicerent
331 2122 455 2156 illicita
479 2133 548 2157 non
576 2123 684 2157 licere
713 2126 747 2156 et
773 2132 881 2167 grave
917 2134 996 2158 esse
1013 2124 1049 2168 2)
1084 2124 1205 2159 sedule
1246 2130 1389 2160 assueta
1413 2136 1469 2161 re-

81 2186 259 2232 linquere,
291 2198 459 2222 venenum
484 2189 563 2222 vino
599 2189 813 2222 miscuerunt
847 2192 880 2222 et
912 2188 979 2221 sibi
1013 2188 1228 2223 recumbenti
1259 2189 1470 2225 obtulerunt.

82 2250 153 2284 Sed
176 2251 386 2286 Benedictus
409 2254 545 2298 signum
574 2255 688 2288 crucis
708 2253 816 2287 edidit
843 2258 877 2287 et
894 2254 994 2298 quasi
1014 2254 1114 2298 jactu
1140 2254 1270 2299 lapidis
1297 2264 1357 2289 vas
1385 2255 1470 2290 illud

82 2316 226 2350 vitreum
250 2315 368 2361 fregit.
400 2316 604 2363 Intelligens
625 2318 744 2364 igitur,
772 2319 854 2363 quia
879 2322 997 2363 potum
1022 2321 1143 2353 mortis
1168 2319 1350 2359 habuerat,
1377 2319 1470 2364 quod

80 2384 225 2424 portare
249 2390 319 2414 non
346 2382 459 2424 potuit
482 2384 618 2427 signum
653 2385 770 2425 vitae,
819 2383 913 2417 illico
948 2386 1102 2418 surrexit
1134 2388 1168 2418 et
1200 2384 1339 2427 placido
1373 2385 1468 2418 vultu

82 2444 185 2478 dixit:
211 2445 418 2479 misereatur
440 2448 549 2479 vestri
573 2449 791 2492 omnipotens
816 2448 922 2489 Deus,
946 2448 1089 2482 fratres:
1116 2447 1279 2492 numquid
1303 2459 1370 2482 non
1395 2449 1467 2483 dixi

82 2509 200 2551 vobis,
226 2510 309 2554 quia
329 2510 456 2543 vestris
481 2519 523 2543 ac
550 2512 636 2545 meis
663 2512 816 2546 moribus
842 2523 910 2546 non
935 2513 1180 2546 convenirem?
1216 2512 1316 2547 Tunc
1341 2514 1386 2548 ad
1411 2514 1464 2548 lo-

82 2583 157 2608 cum
181 2573 372 2608 derelictae
399 2574 599 2608 solitudinis
625 2576 749 2615 rediit,
786 2577 846 2611 ubi
873 2575 1176 2611 crebrescentibus
1202 2578 1314 2622 signis
1341 2579 1466 2614 claruit

147 2717 174 2749 1)
192 2716 245 2746 Ed.
264 2721 306 2744 Pr.
325 2717 402 2744 male
421 2727 439 2751 q
448 2726 518 2745 uae
538 2715 633 2746 offert.
719 2719 748 2749 2)
767 2720 845 2745 Haec
864 2717 923 2744 ‹luo
941 2718 1034 2745 verba
1054 2718 1162 2746 omittit
1183 2719 1260 2746 male
1281 2720 1331 2749 Ed,
1353 2724 1394 2749 l'r,
