1742 3005
260 90 344 132 886
400 92 494 141 Cap.
517 89 686 127 CXCVI.
726 89 785 125 De
813 94 942 124 sancta
965 87 1201 126 Scholastica
1227 103 1356 128 sorore
1382 102 1407 126 s.
1433 89 1645 126 Benedicti.

261 196 375 230 gaudiis
395 195 560 226 loquamur.
597 192 648 220 Cui
667 192 719 220 ille
737 192 910 227 respondit:
936 193 1009 226 quid
1032 198 1094 227 est,
1119 194 1200 227 quod
1226 194 1374 228 loqueris,
1400 202 1500 223 soror!
1525 204 1646 222 manere

262 246 342 267 extra
370 238 476 265 cellam
501 237 672 265 nullatenus
698 246 833 272 possum.
868 240 966 264 Tanta
989 247 1064 265 vero
1090 238 1234 266 serenitas
1254 239 1331 265 coeli
1350 244 1427 272 erat,
1452 244 1482 266 ut
1508 240 1588 266 nulla
1617 239 1644 265 in

262 287 329 311 a'e're
349 284 443 310 nubes
462 286 630 317 appareret.
666 281 907 309 Sanctimonialis
927 287 1026 309 autem
1043 282 1169 317 semina,
1195 293 1262 310 cum
1281 283 1373 310 verba
1392 283 1492 310 fratris
1510 283 1645 315 negantis

260 329 421 360 audiisset,
448 328 575 354 insertas
602 326 704 359 digitis
728 335 832 353 manus
859 335 948 361 supra
973 336 1107 354 mensam
1131 328 1232 363 posuit
1266 332 1295 355 et
1329 332 1418 362 caput
1449 327 1480 353 in
1508 327 1644 354 manibus

260 374 498 408 omnipotentem
517 371 672 398 dominum
690 375 828 403 rogatura
854 371 1034 405 declinavit,
1059 382 1186 406 euinque
1216 373 1332 399 levaret
1356 372 1394 398 de
1420 380 1522 398 mensa
1546 376 1644 406 caput,

259 423 340 446 tanta
359 416 574 445 coruscationis
594 420 624 442 et
643 415 767 443 tonitrui
786 415 881 442 virtus
900 420 1043 449 tantaque
1061 417 1218 444 inundatio
1237 416 1360 452 pluviae
1379 416 1486 451 erupit,
1503 421 1537 442 ut
1548 425 1644 449 neque

260 462 442 490 venerabilis
466 466 552 496 pater
577 460 758 488 Benedictus
782 470 879 494 neque
904 461 1026 493 fratres,
1058 461 1108 494 qni
1142 471 1209 489 cum
1233 470 1268 488 eo
1299 461 1439 494 aderant,
1474 465 1556 488 extra
1586 461 1645 488 loci

259 509 359 540 limen,
378 515 437 540 quo
456 506 663 538 consederant,
683 506 776 540 pedes
794 514 917 532 movere
936 506 1116 540 potuissent.
1153 506 1393 534 Sanctimonialis
1410 507 1524 541 quippe
1534 504 1648 533 femina

259 557 348 587 caput
374 552 405 579 in
429 551 567 578 manibus
592 551 746 577 declinans
770 550 966 584 lacrymarum
990 551 1100 578 fluvios
1129 550 1159 577 in
1179 560 1312 578 mensam
1330 551 1464 584 suderat,
1491 560 1545 586 per
1570 559 1648 584 qnos

259 598 450 625 serenitatem
470 596 546 622 aeris
566 595 604 621 ad
622 595 758 630 pluviam
777 596 876 628 traxit,
896 604 951 622 nec
970 595 1061 630 paulo
1080 596 1195 622 tardius
1214 601 1284 630 post
1303 596 1470 623 orationem
1488 595 1648 622 inundatio

259 644 310 670 illa
337 646 438 669 secuta
465 645 520 669 est.
556 641 616 667 Sed
640 645 723 667 tanta
745 640 803 668 suit
829 640 1040 667 convenientia
1066 641 1211 668 orationis
1238 645 1267 668 et
1293 641 1516 673 inundationis,
1548 645 1582 667 ut
1607 640 1647 666 de

258 696 360 714 mensa
379 689 469 720 caput
486 686 545 718 jam
566 694 632 711 011111
650 685 783 712 tonitruo
803 686 933 717 levaret,
959 690 1106 718 quatenus
1129 695 1221 712 unum
1246 685 1387 719 idemque
1413 690 1493 712 esset
1511 693 1646 712 momen-

258 738 335 764 tum,
360 735 389 758 et
413 731 514 757 levare
540 733 630 763 caput
656 733 686 755 et
712 729 846 763 pluviam
873 729 1033 763 deponere.
1070 733 1154 756 Tunc
1172 730 1220 756 vir
1238 730 1292 757 Dei
1310 730 1390 757 inter
1407 729 1646 757 coruscationem

258 782 287 806 ct
308 776 455 803 tonitruos
475 779 564 807 atque
583 773 712 805 ingentis
730 772 853 808 pluviae
872 772 1083 800 inundationes
1102 774 1224 807 videns,
1244 784 1276 802 se
1295 775 1334 801 ad
1352 774 1565 801 monasterinm
1584 782 1643 799 non

258 830 348 856 posse
367 828 507 851 remeare,
527 817 627 853 coepit
647 817 789 851 conqueri
807 817 1000 844 contristatus
1020 818 1139 845 dicens:
1158 823 1261 854 parcat
1278 819 1335 845 tibi
1350 822 1429 846 Deus
1444 819 1644 853 omnipotens,

258 875 357 897 501011
384 865 457 898 quid
476 869 537 896 est,
562 863 645 896 quod
662 862 779 890 fecisti?
816 863 866 890 eui
885 863 938 889 illa
957 863 1129 898 respondit:
1153 872 1222 890 ecce
1247 867 1279 890 te
1296 863 1402 895 rogavi
1428 867 1458 890 et
1475 863 1578 890 audire
1596 873 1644 890 1118

259 910 397 942 noluisti,
416 909 520 941 rogavi
539 908 694 935 dominum
713 917 812 934 meum
830 912 859 935 et
879 907 1035 934 exaudivit
1053 917 1110 940 me,
1129 908 1222 935 modo
1241 916 1320 941 ergo,
1339 908 1364 935 si
1383 913 1485 943 potes,
1504 908 1645 940 egredere

258 961 288 984 et
311 964 358 982 me
383 953 507 981 dimissa
534 953 571 979 ad
599 953 813 980 monasterium
840 953 955 981 recede.
991 956 1060 987 Ipse
1083 957 1183 980 antem
1215 953 1295 980 exire
1329 958 1411 980 extra
1444 957 1556 979 tectum
1585 961 1644 979 11011

258 1001 376 1032 valens,
402 999 452 1033 qui
476 994 596 1025 manere
620 1003 728 1033 sponte
752 997 904 1030 noluerat,
930 997 960 1024 in
987 997 1053 1024 loco
1078 997 1187 1024 mansit
1206 997 1319 1025 invitus
1339 998 1441 1031 sicque
1458 997 1572 1024 factum
1590 1001 1645 1029 est,

257 1050 289 1071 111
316 1049 409 1071 totam
428 1048 546 1070 noctem
573 1043 750 1077 pervigilem
774 1043 916 1069 ducerent
935 1046 1024 1075 atque
1041 1051 1095 1077 per
1113 1051 1197 1069 sacra
1215 1042 1380 1078 spiritualis
1398 1043 1479 1070 vitae
1495 1043 1645 1076 colloquia

258 1099 323 1116 sese
346 1088 459 1115 vicaria
485 1088 630 1115 relatione
656 1088 808 1115 satiarent.
846 1090 910 1122 Qua
936 1087 974 1113 de
1000 1096 1031 1113 re
1050 1087 1113 1113 dixi
1132 1097 1197 1114 eam
1215 1088 1350 1115 voluisse
1369 1088 1493 1122 aliquid,
1512 1088 1567 1115 sed
1589 1088 1644 1115 mi*

256 1133 337 1160 nime
355 1133 506 1167 potuisse,
533 1133 618 1166 qnia,
645 1133 670 1160 si
694 1131 880 1160 venerabilis
905 1131 964 1158 viri
988 1136 1118 1158 mentem
1137 1132 1337 1167 adspicimus,
1362 1133 1488 1160 dubium
1512 1142 1571 1160 11011
1589 1137 1644 1165 est.

257 1178 338 1212 quod
358 1178 485 1204 eandem
512 1178 702 1205 serenitatem
728 1177 843 1209 voluit,
870 1176 899 1203 in
926 1186 982 1209 qua
1010 1177 1222 1210 descenderat,
1248 1186 1438 1212 permanere,
1464 1178 1519 1205 sed
1541 1182 1644 1205 contra

257 1224 327 1255 1100,
355 1223 437 1256 qnod
461 1223 575 1255 voluit,
602 1222 633 1250 in
656 1223 768 1250 virtute
787 1221 1003 1256 omnipotentis
1021 1221 1077 1248 Dei
1102 1230 1138 1248 ex
1156 1221 1285 1248 feminae
1303 1221 1450 1256 petitione
1467 1222 1643 1249 miraculum

257 1269 389 1295 invenit:
416 1277 471 1295 1180
489 1268 613 1301 1111111111,
641 1267 723 1301 (111οᾶ
747 1267 814 1302 111115
840 1266 890 1292 illa
909 1265 1037 1299 semina,
1064 1275 1140 1300 quae
1160 1265 1212 1292 diu
1229 1266 1351 1294 fratrem
1368 1267 1474 1294 videre
1493 1267 1656 1304 cupiebat,-

255 1314 286 1340 in
305 1313 413 1341 eodem
431 1318 567 1347 tempore
585 1313 692 1340 valuit.
726 1311 842 1339 Dicitur
861 1311 939 1338 8111111
957 1312 1039 1345 juxta
1059 1311 1203 1338 ,Iohannis
1221 1319 1344 1338 vocem:
1364 1315 1443 1338 Deus
1462 1312 1569 1340 caritas
1588 1317 1644 1340 est.

256 1362 342 1387 Jnsto
360 1358 451 1386 valde
470 1358 582 1392 judicio
600 1358 653 1385 illa
673 1357 740 1393 plus
760 1357 873 1392 potnit,
899 1365 975 1390 quae
1002 1355 1131 1391 amplius
1158 1357 1280 1384 amavit.
1317 1359 1448 1390 Cumque
1474 1357 1523 1383 die
1549 1357 1643 1385 altero

256 1405 362 1431 eadem
381 1403 563 1431 venerabilis
583 1403 695 1430 semina
714 1403 752 1429 ad
771 1402 878 1429 cellam
897 1400 1051 1436 propriam
1068 1401 1259 1434 recessisset,
1282 1401 1330 1427 vir
1347 1401 1402 1428 Dei
1428 1401 1468 1428 ad
1492 1407 1642 1430 monaste·

254 1449 330 1476 rium
348 1449 447 1476 rediit.
483 1451 554 1475 Cum
574 1457 642 1475 eece
661 1452 730 1484 post
747 1447 879 1474 triduum
902 1446 933 1473 in
959 1445 1034 1473 cella
1060 1445 1228 1473 consistens
1254 1445 1382 1473 elevatis
1406 1446 1437 1474 in
1461 1448 1529 1474 ae'ra
1549 1447 1642 1476 oculis

256 1493 332 1520 vidit
359 1493 493 1528 ejusdem
517 1493 627 1521 sororis
655 1502 726 1521 snae
753 1493 882 1520 animam
907 1491 945 1519 de
972 1499 1097 1526 corpore
1122 1500 1271 1523 egressam
1294 1491 1326 1518 111
1355 1491 1511 1519 columbae
1542 1493 1643 1527 specie

255 1539 332 1565 coeli
352 1543 464 1566 secreta
484 1543 650 1573 penetrare.
687 1537 745 1574 Qui
764 1541 864 1564 tantae
883 1538 946 1571 ejus
966 1536 1077 1568 gloriae
1097 1536 1288 1568 congandens
1311 1536 1511 1571 omnipotenti
1529 1540 1592 1564 Deo
1611 1538 1642 1564 in

254 1583 372 1616 hymnis
391 1588 420 1610 et
439 1583 580 1610 laudibus
599 1583 708 1615 gratias
727 1581 861 1609 reddidit
887 1583 1010 1616 ejusque
1037 1581 1154 1608 obitum
1172 1580 1314 1608 fratribus
1335 1581 1541 1615 denuntiavit,
1567 1591 1642 1615 quos

254 1628 344 1655 utiam
362 1628 499 1663 protinus
517 1627 608 1660 misit,
626 1632 659 1654 111
678 1628 741 1661 ejus
760 1635 868 1661 corpus
888 1626 924 1653 ad
938 1626 1151 1653 monasterium
1165 1625 1316 1653 deferrent
1327 1630 1417 1659 atque
1431 1626 1460 1653 in
1473 1627 1642 1662 sepulchro,

253 1672 336 1706 qnod
355 1673 414 1699 sibi
434 1673 500 1707 ipse
519 1676 767 1707 praeparaverat,
791 1675 946 1706 ponerent.
984 1673 1050 1706 Quo
1068 1669 1148 1698 sacto
1168 1671 1306 1704 contigit,
1330 1675 1378 1704 ut,
1406 1680 1533 1705 quornm
1557 1681 1641 1699 mens

254 1728 311 1745 una
331 1727 450 1752 semper
468 1717 498 1744 in
516 1720 580 1744 Deo
599 1716 710 1749 suerat,
738 1725 840 1743 eorum
867 1724 986 1749 quoque
1011 1724 1136 1750 corpora
1162 1725 1217 1742 nec
1240 1721 1401 1750 separaret.
1437 1716 1550 1743 Eodem
1568 1725 1641 1744 vero

253 1771 347 1795 anno,
374 1771 434 1796 quo
460 1762 498 1789 de
523 1763 579 1789 hac
605 1761 666 1789 vita
695 1762 802 1788 beatus
827 1760 1008 1788 Benedictus
1027 1765 1090 1788 erat
1108 1761 1257 1793 exiturus,
1284 1761 1465 1794 quibusdam
1484 1761 1640 1796 discipulis

256 1817 356 1834 secum
376 1807 635 1839 conversantibus,
659 1806 840 1840 quibusdam
867 1805 954 1837 longe
972 1805 1164 1832 manentibus
1191 1805 1372 1832 sanctissimi
1396 1805 1442 1832 sui
1467 1805 1568 1833 obitus
1587 1806 1639 1832 de-

253 1851 403 1879 nuntiavit
428 1852 509 1879 divin
533 1851 743 1887 praesentibus
765 1850 919 1882 indicens,
951 1854 984 1876 ut
1011 1849 1113 1876 audita
1143 1859 1198 1885 pet
1226 1850 1378 1876 silentium
1405 1854 1552 1882 tegerent,
1586 1851 1639 1876 ah—

253 1896 389 1923 sentibns
408 1896 558 1928 indicans,
578 1896 659 1929 qnod
676 1894 727 1922 vel
746 1893 835 1928 quale
854 1894 890 1921 iis
909 1893 1025 1926 signum
1044 1894 1144 1926 fieret,
1171 1893 1291 1926 quando
1318 1894 1381 1926 ejus
1400 1894 1497 1920 anima
1517 1894 1555 1921 de
1574 1904 1639 1921 cor-

253 1949 326 1975 pore
352 1940 455 1969 exiret.
491 1943 568 1967 Ante
595 1948 668 1966 vero
694 1942 811 1966 sextum
838 1937 935 1964 exitus
962 1938 1008 1964 sni
1033 1938 1114 1965 diem
1133 1937 1242 1973 aperiri
1261 1938 1319 1965 sibi
1339 1938 1528 1972 sepulchrum
1547 1940 1638 1973 jubet,

252 1985 303 2018 qui
322 1994 392 2012 mox
411 1990 566 2020 correptus
584 1983 720 2011 febribus
739 1983 799 2010 acri
818 1983 917 2017 coepit
937 1982 1045 2010 ardore
1063 1982 1192 2015 fatigari,
1211 1992 1338 2016 cumque
1356 1992 1410 2017 per
1429 1983 1493 2011 dies
1505 1983 1638 2016 singulos

253 2032 377 2062 languor
395 2030 632 2062 ingravesceret,
659 2033 744 2055 sexto
770 2028 819 2055 die
838 2027 952 2062 portari
971 2036 1002 2055 se
1021 2028 1051 2054 111
1069 2027 1232 2054 oratorium
1251 2037 1267 2053 a
1286 2027 1443 2062 discipulis
1462 2027 1542 2056 fecit.
1578 2030 1638 2055 lbi-

252 2076 320 2101 dem
349 2075 461 2101 exitum
488 2083 573 2101 suum
600 2073 743 2100 dominici
770 2072 903 2107 corporis
927 2077 955 2099 et
982 2071 1134 2104 sanguinis
1163 2072 1356 2107 perceptione
1389 2073 1517 2099 munivit
1551 2078 1639 2107 atque

252 2124 329 2146 inter
354 2119 573 2154 discipulorum
598 2128 701 2146 manus
727 2115 890 2145 imbecillia
909 2117 1042 2144 membra
1067 2120 1237 2143 sustentans
1264 2117 1370 2144 erectis
1394 2117 1423 2144 in
1442 2118 1638 2146 0081101111ιῆ-

252 2165 340 2191 nibus
365 2165 448 2191 stetit
474 2168 504 2191 et
523 2163 660 2191 ultimum
679 2163 817 2198 spiritum
836 2161 914 2189 inter
931 2162 1025 2188 verba
1049 2161 1192 2189 orationis
1211 2161 1337 2189 esssavit.
1375 2165 1439 2198 Qua
1458 2163 1571 2191 scilicet
1591 2164 1639 2190 die

251 2210 370 2236 duobus
397 2209 434 2236 de
461 2217 496 2236 8ο
522 2207 679 2241 fratribus,
702 2207 753 2234 uni
780 2207 810 2234 in
834 2206 910 2234 cella
929 2206 1133 2239 commoranti,
1159 2206 1244 2233 alteri
1271 2211 1370 2234 antem
1397 2207 1513 2240 longius
1539 2209 1640 2244 posito

252 2253 397 2280 revelatio
424 2253 511 2281 nnius
536 2257 625 2286 atque
648 2251 837 2280 indissimilis
868 2250 995 2278 visionis
1029 2251 1177 2285 apparuit.
1221 2251 1366 2279 Viderunt
1392 2262 1536 2286 namque,
1570 2254 1638 2287 qnia

253 2303 344 2325 strata
370 2298 471 2334 palliis
498 2302 586 2331 atque
611 2296 773 2324 innumeris
800 2303 957 2323 coruscans
984 2295 1176 2331 lampadibus
1201 2296 1251 2323 via
1278 2301 1360 2323 recto
1379 2297 1501 2324 orientis
1520 2298 1638 2325 tramite

252 2344 290 2370 ab
317 2345 380 2376 ejus
407 2343 482 2370 cella
509 2342 540 2369 in
565 2342 680 2369 coelum
704 2351 798 2376 nsque
823 2341 1013 2369 tendebatur.
1051 2341 1102 2368 Cui
1128 2341 1302 2368 venerando
1322 2342 1425 2369 liabitu
1443 2343 1491 2369 vir
1509 2343 1639 2379 desuper

252 2389 348 2415 clarus
373 2388 534 2421 assistens,
558 2389 641 2421 0111115
665 2391 743 2414 esset
770 2387 837 2419 via,
867 2396 955 2420 quam
982 2390 1151 2418 cernerent,
1185 2385 1351 2419 inquisivit.
1394 2386 1454 2413 Alii
1480 2392 1579 2415 antem
1605 2397 1638 2415 se

254 2432 366 2459 nescire
385 2432 514 2467 professi
533 2437 610 2461 sunt.
647 2433 763 2468 Quibus
783 2432 848 2466 ipse
867 2431 922 2457 ait:
943 2431 1017 2457 baec
1035 2435 1079 2458 est
1099 2430 1166 2463 via,
1185 2440 1242 2463 qua
1262 2431 1390 2458 dilectus
1409 2431 1523 2460 domini
1542 2435 1637 2459 Bene-

252 2478 349 2505 dictus
369 2478 485 2505 coelum
504 2477 672 2505 adscendit.
707 2480 792 2503 Tunc
811 2476 910 2509 itaque
929 2475 1024 2502 sancti
1044 2475 1102 2502 viri
1121 2474 1236 2502 obitum
1256 2475 1331 2502 sicut
1351 2481 1525 2510 praesentes
1546 2476 1635 2503 disci-

253 2522 314 2556 1111Ιί
333 2522 490 2555 viderunt,
516 2522 556 2549 ita
583 2522 723 2548 absentes
743 2530 778 2547 ex
798 2521 898 2552 signo.
923 2520 1004 2553 qnod
1024 2520 1060 2547 iis
1080 2521 1265 2555 praedictum
1286 2520 1397 2553 suerat,
1424 2524 1634 2553 cognoverunt.

253 2566 392 2599 Sepultus
419 2576 492 2594 vero
517 2571 560 2594 est
588 2567 617 2593 in
643 2564 774 2594 oratorio
805 2565 886 2593 beati
913 2565 1057 2593 Johannis
1088 2565 1253 2601 baptistae,
1287 2565 1368 2601 quod
1401 2566 1551 2593 destructa
1586 2573 1634 2591 ara

254 2611 402 2644 Apollinis
421 2611 486 2647 ipse
507 2611 681 2640 construxit.
