1742 3005
240 116 322 156 536
557 115 652 161 Cap.
686 111 802 147 CXX.
861 110 918 146 De
949 115 1076 144 sancto
1108 106 1316 145 Bernardo.

241 221 284 257 Et
315 221 392 254 ille:
434 228 507 252 cum
542 215 709 251 Lucifero
742 214 838 249 nmlti
873 212 1071 248 cecidimus.
1120 210 1213 246 Haec
1253 214 1366 245 autem
1400 209 1515 244 omnia
1547 217 1630 241 voce

243 285 385 332 lugubri
418 293 480 327 per
515 292 555 316 os
590 280 728 316 vetulae
762 278 922 313 omnibus
956 275 1180 312 audientibus
1215 275 1446 320 loquebatur,
1474 274 1631 318 dixitque

244 352 277 386 ei
304 351 356 384 vir
380 348 463 383 Dei:
495 346 660 392 numquid
695 347 730 391 111
764 344 858 378 illam
892 342 1041 389 gloriam
1069 340 1184 377 redire
1210 340 1344 375 velles?
1392 340 1438 374 At
1463 340 1521 375 ille
1547 340 1632 373 miro

246 414 347 450 modo
370 412 580 448 cachinnans
600 414 666 446 ait:
694 410 795 445 modo
817 408 916 444 tarde
932 412 996 445 est,
1045 406 1142 441 Tunc
1160 410 1283 441 orante
1309 406 1383 440 viro
1403 404 1467 439 Dei
1488 405 1633 440 daemon

248 481 290 515 de
307 479 453 514 muliere
480 479 576 520 exiit,
602 477 664 512 sed
693 486 766 511 euin
796 477 848 509 vir
873 474 939 508 Dei
967 472 1045 508 inde
1071 473 1291 513 recessisset,
1318 471 1488 517 dyabolus
1514 473 1635 506 iterum

247 548 360 591 ipsam
387 544 534 584 invasit,
563 545 614 577 1-11·
639 546 752 576 autem
779 542 855 586 eJus
880 544 960 585 post
985 549 1060 574 eum
1087 548 1295 579 accurrens,
1329 536 1422 583 qnod
1449 536 1637 578 acciderat,

249 611 427 645 indicavit.
476 607 538 643 1110
579 611 692 642 autem
735 606 825 641 collo
865 606 941 650 ejus
988 603 1131 650 alligari
1175 603 1368 638 chartulam
1405 604 1639 638 continentem

251 677 337 711 llaec
367 675 475 710 verba
500 675 700 718 praecepit:
739 673 773 705 in
805 672 941 705 nomine
970 668 1100 703 domini
1135 671 1245 704 nostri
1270 668 1355 704 Jesu
1380 667 1510 703 Christi
1537 677 1640 713 prae-

251 743 343 786 cipio
368 740 445 781 tibi,
472 738 631 779 daemon,
658 748 699 771 ne
727 736 817 770 hanc
842 735 1019 769 mulierem
1044 734 1168 768 amodo
1193 735 1396 780 contingere
1421 742 1640 778 praesumas,

255 805 355 847 Quod
384 815 458 839 cum
489 804 616 837 sactum
643 802 789 844 suisset,
824 800 867 834 ad
904 810 978 834 eam
1005 803 1129 844 postea
1155 810 1222 833 nou
1249 804 1302 834 est
1327 810 1432 834 ansus
1461 798 1640 834 accedere.

253 870 357 916 Apud
383 870 606 915 Aquitaniam
631 867 801 912 quaedam
828 865 950 900 mulier
974 863 1186 899 miserabilis
1212 868 1307 907 erat,
1333 875 1424 910 quae
1448 874 1467 899 a
1494 864 1642 909 quodam

257 936 425 971 daemone
457 934 635 979 petulante
673 937 707 968 et
744 931 869 966 incubo
898 929 1101 965 vexabatur.
1153 931 1223 965 Sex
1256 932 1344 966 enim
1380 930 1480 966 annis
1513 929 1644 965 abusus

258 1006 312 1036 est
337 1010 378 1036 ea
405 1004 439 1034 et
464 998 663 1033 incredibili
692 998 830 1032 vexavit
855 995 1011 1030 libidine.
1062 996 1280 1032 Adveniente
1313 1002 1427 1032 autem
1464 996 1545 1030 illuc
1571 997 1644 1030 viro

256 1066 321 1101 Dei
356 1066 503 1100 daemon
535 1064 688 1106 mulieri,
726 1074 769 1098 ne
801 1061 843 1096 ad
880 1072 954 1096 eum
991 1060 1199 1104 accederet,
1236 1061 1461 1098 veliementer
1484 1062 1645 1102 minatur,

259 1133 341 1177 quia
366 1130 414 1164 nil
438 1131 469 1164 ei
502 1129 672 1174 prodesse
708 1132 850 1173 posset,
891 1131 923 1162 01
960 1126 1144 1161 recedente
1179 1137 1220 1161 eo
1252 1129 1348 1172 ipse,
1384 1129 1443 1173 qui
1474 1126 1539 1161 fuit
1571 1127 1646 1171 ejus

260 1200 416 1237 amator,
453 1194 716 1229 crudelissimus
750 1194 847 1228 lieret
883 1196 1097 1238 persecutor.
1147 1192 1193 1227 At
1225 1192 1287 1227 illa
1313 1203 1438 1228 secure
1467 1192 1512 1226 ad
1539 1193 1647 1226 virum

261 1261 326 1296 Dei
354 1261 505 1295 accessit
529 1263 562 1294 et
588 1269 677 1305 quae
703 1263 902 1304 pateretur,
937 1268 1010 1291 eum
1048 1257 1154 1293 multo
1183 1260 1314 1304 gemitu
1349 1260 1535 1294 enarravit.
1585 1257 1648 1293 Cui

261 1327 337 1362 ille:
372 1325 457 1360 tolle
490 1325 580 1359 hunc
611 1335 720 1360 meum
755 1324 917 1358 baculum
948 1327 982 1358 et
1018 1324 1053 1357 in
1090 1327 1148 1357 tuo
1175 1323 1304 1358 lectulo
1331 1335 1420 1369 pone
1453 1330 1487 1360 et
1511 1326 1541 1358 si
1566 1324 1648 1369 quid

261 1402 369 1438 agere
395 1395 532 1436 potest,
561 1394 655 1436 agat.
705 1389 805 1430 Quod
832 1400 906 1424 cum
934 1389 1076 1424 fecisset
1102 1394 1136 1424 et
1167 1391 1200 1423 in
1226 1389 1353 1425 lectulo
1380 1400 1444 1424 suo
1470 1390 1647 1424 recumbe-

261 1462 336 1499 ret,
362 1456 465 1491 adest
491 1456 549 1491 ille
576 1457 758 1497 continue,
792 1455 856 1490 sed
882 1465 944 1490 nec
968 1454 1012 1489 ad
1036 1459 1239 1490 consuetum
1266 1455 1355 1500 o‘pus
1381 1466 1443 1490 nee
1468 1455 1513 1489 ad
1539 1457 1649 1500 ipsum

261 1522 376 1557 cubile
413 1523 605 1566 praesumit
638 1521 827 1563 accedere,
863 1521 924 1555 sed
950 1521 1119 1555 acerrime
1144 1522 1312 1564 minatur,
1346 1521 1439 1567 quod
1465 1521 1525 1555 illo
1551 1530 1649 1556 rece-

262 1587 365 1622 dente
398 1596 436 1620 se
470 1585 512 1620 de
537 1596 579 1620 ea
611 1588 778 1621 atrociter
811 1586 1010 1620 vindicabit.
1062 1586 1162 1626 Quod
1191 1597 1265 1621 cum
1304 1587 1365 1621 illa
1390 1586 1569 1622 Bernardo
1593 1596 1649 1621 re-

261 1653 414 1694 tulisset,
444 1651 503 1686 ille
521 1651 684 1696 populum
703 1655 911 1687 convocavit
930 1657 963 1687 et
985 1663 1103 1687 omnes
1123 1652 1289 1688 candelas
1311 1655 1344 1686 in
1364 1663 1465 1688 manu
1484 1661 1651 1687 accensas

262 1718 395 1753 habere
428 1718 607 1762 praecepit
639 1715 913 1761 daemonemque
946 1728 1021 1752 cum
1057 1720 1241 1759 universo,
1277 1720 1335 1763 qui
1368 1719 1510 1760 aderat,
1551 1721 1653 1752 coetu

265 1783 574 1818 excommunicavit
607 1792 649 1816 ac
680 1793 722 1816 ne
755 1781 799 1816 ad
839 1782 929 1816 illam
968 1783 1019 1817 vel
1059 1783 1161 1816 aliam
1190 1783 1356 1827 deinceps
1383 1782 1650 1817 0000550011ιῆ-

263 1847 382 1890 beret,
420 1846 603 1882 interdixit
633 1849 753 1891 sicque
789 1847 849 1880 illa
883 1858 904 1881 a
943 1847 1004 1881 tali
1038 1847 1201 1882 illusione
1234 1849 1372 1892 penitus
1408 1848 1560 1882 liberata
1588 1852 1650 1882 est.

264 1914 346 1947 Cum
365 1914 399 1945 in
421 1912 543 1946 eadem
564 1914 743 1956 provincia
769 1914 821 1946 vir
844 1917 986 1946 sanctus
1012 1912 1190 1957 legatione
1218 1912 1443 1958 fungeretur,
1471 1917 1507 1946 ut
1533 1912 1653 1947 ducem

263 1979 474 2023 Aquitaniae
501 1977 673 2012 ecclesiae
701 1978 948 2012 reconciliaret
973 1982 1006 2011 et
1033 1977 1091 2011 ille
1118 1977 1228 2011 modis
1254 1977 1412 2011 omnibus
1434 1977 1654 2012 reconciliari

265 2047 445 2084 renueret,
481 2043 531 2075 111·
563 2042 626 2076 1)οἰ
659 2042 702 2076 ad
729 2042 840 2076 altare
859 2042 1116 2083 ,celebraturus
1143 2043 1313 2085 accessit,
1348 2044 1426 2087 ipso
1453 2042 1538 2078 duce
1564 2047 1651 2077 tani-

265 2118 364 2152 quam
400 2108 694 2141 excommunicato
733 2117 817 2152 prae
853 2107 988 2141 foribus
1026 2112 1265 2152 exspectante.
1316 2108 1397 2142 Cum
1437 2112 1550 2142 autem
1586 2118 1653 2153 pax

265 2172 393 2205 donnini
427 2171 534 2213 dixit,
576 2183 702 2217 corpus
745 2173 951 2206 dominicum
994 2184 1100 2217 super
1142 2177 1302 2217 patenam
1338 2175 1436 2218 ponit
1469 2178 1503 2207 et
1537 2184 1652 2208 secum

264 2237 355 2270 tollit
380 2241 485 2281 atque
511 2238 615 2282 ignea
643 2236 731 2273 faeie
759 2242 792 2273 et
819 2238 985 2272 flammeis
1012 2237 1122 2272 oculis
1154 2238 1249 2272 foras
1279 2238 1458 2284 egreditur
1485 2243 1519 2274 et
1538 2239 1652 2273 verbis

265 2301 482 2335 terribilibus
511 2303 668 2336 comitem
697 2302 916 2348 aggreditur.
967 2302 1180 2348 Rogavimus
1207 2307 1260 2345 le,
1285 2305 1406 2349 inquit,
1433 2308 1467 2338 et
1491 2305 1653 2349 sprevisti

265 2376 338 2399 nos.
389 2365 479 2400 Ecce
506 2366 548 2400 ad
577 2370 608 2400 10
635 2369 810 2411 processit
838 2369 984 2413 virginis
1011 2368 1114 2409 lilius,
1141 2370 1198 2413 qui
1218 2373 1271 2403 est
1289 2368 1448 2404 dominus
1468 2369 1651 2410 ecclesiae,

264 2440 364 2475 quam
401 2435 434 2465 tu
471 2435 707 2477 persequeris.
757 2432 867 2467 Adest
897 2432 1007 2477 judex
1045 2438 1146 2477 tuns,
1183 2435 1217 2468 in
1251 2435 1350 2480 cujus
1383 2436 1519 2469 nomine
1555 2443 1652 2468 omne

264 2506 356 2540 genu
383 2500 557 2530 curratur.
605 2497 714 2532 Adest
735 2498 846 2542 judex
872 2502 971 2539 tuus,
999 2500 1031 2531 in
1057 2499 1157 2543 cnjus
1184 2499 1342 2534 manibus
1369 2500 1430 2534 illa
1456 2500 1570 2533 anima
1595 2503 1650 2532 tua

266 2560 437 2595 deri-niet.
487 2561 657 2607 Numquid
685 2568 718 2596 et
744 2565 854 2607 ipsum
877 2565 967 2597 sicut
993 2574 1115 2598 servos
1143 2565 1219 2609 ejus
1246 2565 1469 2599 contemnes?
1516 2562 1652 2598 Resiste

267 2625 315 2662 vi,
356 2626 383 2656 si
422 2625 530 2659 vales.
582 2626 775 2672 Statimque
808 2628 874 2662 dux
910 2633 1001 2663 totus
1035 2630 1175 2675 irriguit
1219 2633 1253 2663 et
1296 2627 1455 2662 membris
1494 2628 1652 2663 omnibus

267 2687 447 2721 dissolutis
474 2690 515 2722 ad
546 2691 651 2733 pedes
681 2693 755 2737 rjus
785 2694 942 2737 protinus
971 2694 1144 2738 prosiluit.
1195 2694 1300 2733 Quem
1321 2695 1371 2727 vir
1393 2697 1531 2728 sanctus
1558 2694 1651 2730 calce
