1742 3005
294 101 391 152 Cap.
421 99 632 138 LXXXIX.
690 99 749 136 De
774 103 909 141 ¹sancto
939 97 1053 135 Petr'o
1083 98 1274 148 apostolo,
1401 97 1480 136 377

93 205 274 248 dederunt,
297 210 330 241 et
356 216 431 242 eam
458 204 606 241 artificio
632 215 696 239 suo
723 206 756 238 in
782 205 859 250 ejus
886 207 1006 239 ventre
1031 213 1238 239 excrescere
1265 202 1424 239 fecerunt
1449 207 1484 239 et

92 270 209 306 subito
236 275 357 307 venter
381 273 457 318 ejus
484 276 631 306 naturae
659 272 836 305 contraria
860 281 928 305 non
954 271 1130 305 sustinens
1157 271 1334 313 intumuit,
1371 272 1421 305 ita
1447 275 1484 305 ut

93 336 185 371 Nero
225 347 265 372 se
301 348 410 383 puero
447 337 631 383 gravidum
668 339 889 379 aestimaret,
935 335 1180 381 faciebantque
1226 334 1295 370 sibi
1340 346 1485 372 servare

92 402 256 446 diaetam,
283 404 418 449 qualem
438 403 646 438 nutriendae
664 413 771 437 ranae
790 406 961 436 noverant
982 403 1168 436 convenire
1189 401 1360 445 dicentes,
1392 402 1485 448 quod

92 473 238 513 propter
271 475 474 514 conceptum
510 469 597 503 talia
631 479 706 503 eum
740 467 933 502 observare
958 471 1147 511 oporteret.
1198 467 1356 501 Tandem
1381 463 1486 503 nimio

94 532 217 569 dolore
243 540 388 569 vexatus
420 534 565 569 medicis
592 535 653 568 ait:
679 533 876 567 accelerate
897 537 1031 577 tempus
1052 537 1186 577 partus,
1214 534 1295 578 quia
1316 533 1488 579 languore

93 600 255 644 pariendi
283 602 341 635 vix
367 600 556 634 anhelitum
583 598 698 633 habeo
725 597 935 642 respirandi.
983 597 1082 632 Tunc
1107 600 1219 644 ipsum
1256 598 1300 633 ad
1327 601 1488 633 vomitum

94 666 413 710 impotionaverunt
446 669 480 699 et
514 674 632 698 ranam
665 665 743 698 visu
776 663 981 706 terribilem,
1016 664 1219 699 humoribus
1254 664 1418 700 infectam
1455 669 1489 700 et

94 732 264 776 sanguine
290 730 402 766 edidit
425 734 651 772 cruentatam,
689 731 953 775 respiciensque
978 729 1069 765 Nero
1095 735 1230 775 partum
1255 742 1352 765 suum
1377 733 1488 776 ipsum

94 795 279 830 abhorruit
310 801 345 832 et
379 796 573 831 mirabatur
598 795 688 830 adeo
713 800 991 838 monstruosum,
1029 795 1191 831 dixerunt
1224 801 1359 840 autem,
1395 797 1489 843 quod

93 865 163 896 tam
189 861 383 898 difformem
412 862 518 897 fetum
545 863 756 907 protulerit,
793 873 836 896 ex
863 872 904 896 eo
922 889 929 903 ,
963 862 1056 906 quod
1091 867 1226 907 tempus
1268 868 1389 907 partus
1425 874 1489 897 no-

93 928 199 963 luerit
224 934 441 974 exspectare.
489 927 532 963 Et
557 930 626 962 ait:
660 928 755 963 suine
781 928 863 962 talis
891 926 934 961 de
959 928 1079 961 matris
1110 938 1277 973 egressus
1303 928 1490 964 latibulis?

94 992 138 1028 Et
163 994 232 1029 illi:
265 997 380 1030 etiam.
429 994 613 1038 Praecepit
647 1005 755 1040 ergo,
791 997 828 1027 ut
853 993 945 1027 fetus
972 1003 1056 1028 suus
1083 993 1238 1028 aleretur
1264 998 1298 1028 et
1320 996 1490 1030 testudini

94 1059 248 1104 lapidum
276 1061 472 1096 servandus
504 1060 753 1095 includeretur.
801 1059 894 1094 Haec
929 1064 1044 1094 autem
1082 1061 1114 1093 in
1141 1059 1316 1094 chronicis
1342 1072 1411 1095 non
1438 1062 1489 1097 le-

95 1131 243 1171 guntur,
278 1126 341 1161 sed
377 1126 580 1172 apocrypha
618 1131 709 1160 sunt.
758 1125 893 1161 Deinde
928 1126 1093 1167 miratus,
1134 1127 1249 1171 qualis
1293 1131 1327 1160 et
1361 1119 1491 1172 quanta

95 1190 201 1226 fuerit
232 1194 415 1227 succensio
452 1193 598 1238 Tr0Jae,
635 1192 777 1227 Romam
811 1204 875 1237 per
900 1191 960 1226 vn
988 1191 1064 1226 dics
1100 1196 1133 1226 et
1166 1196 1287 1226 noctes
1324 1194 1491 1228 succendi

95 1256 200 1300 fecit,
227 1258 321 1304 quod
348 1269 391 1294 ex
417 1259 590 1293 altissima
612 1261 701 1293 turri
726 1262 960 1303 prospectans
986 1257 1207 1303 laetatusque
1233 1258 1390 1293 flammae
1411 1260 1490 1304 pul-

97 1323 294 1359 chritudine
314 1324 458 1370 turgido
486 1324 607 1358 habitu
639 1323 827 1366 ¹)Iliadem
853 1323 1073 1358 decantabat.
1122 1322 1202 1366 Hic,
1230 1325 1319 1358 sicut
1343 1325 1493 1360 habetur

95 1390 132 1422 in
158 1389 351 1431 chronicis,
378 1389 514 1425 retibus
540 1391 657 1424 aureis
682 1388 904 1434 piscabatur,
932 1388 1091 1423 cantibus
1117 1389 1343 1432 intendebat,
1382 1391 1431 1425 ita
1456 1397 1494 1426 ut

98 1464 217 1489 omnes
244 1454 456 1500 cytharistas
484 1460 519 1490 et
542 1454 736 1501 tragoedos
765 1440 969 1500 superaret,
1007 1456 1117 1489 virum
1152 1456 1186 1489 in
1211 1466 1354 1490 uxorem
1382 1456 1492 1499 duxit,

98 1521 176 1566 ipse
194 1530 215 1554 a
241 1522 326 1563 viro,
351 1526 388 1555 ut
414 1532 514 1564 uxor,
536 1524 699 1566 acceptus
726 1524 792 1561 est,
820 1524 857 1554 ut
882 1520 931 1555 ait
950 1520 1110 1563 Orosius,
1135 1520 1281 1555 Romani
1308 1532 1390 1556 vero
1417 1523 1493 1568 ejus

97 1587 275 1621 vesaniam
309 1587 456 1621 ulterius
492 1598 561 1622 non
593 1587 747 1622 serentes
780 1587 814 1620 in
850 1596 925 1620 eum
953 1587 1115 1630 impetum
1142 1585 1299 1621 fecerunt
1323 1590 1356 1622 et
1381 1598 1494 1634 usque

99 1656 201 1687 extra
234 1654 408 1687 civitatem
443 1655 619 1698 persecuti
653 1657 742 1688 sunt.
793 1652 858 1693 Qui
903 1651 1047 1695 videns,
1093 1651 1186 1697 quod
1227 1653 1378 1688 evadere
1424 1665 1494 1689 non

98 1721 244 1763 posset,
276 1718 401 1753 fustem
438 1717 591 1753 dentium
626 1718 802 1753 morsibus
838 1719 980 1752 exacuit
1013 1721 1047 1753 et
1082 1728 1121 1753 se
1152 1729 1215 1763 per
1238 1719 1386 1754 medium
1413 1721 1494 1766 palo

98 1782 274 1817 transfixit
299 1787 334 1818 et
356 1783 419 1818 tali
445 1788 555 1820 morte
581 1786 687 1819 vitam
710 1784 832 1821 finivit.
882 1783 979 1819 Alibi
1017 1789 1133 1819 tamen
1168 1784 1320 1830 legitur,
1356 1786 1449 1831 quod
1475 1797 1497 1822 a

99 1847 192 1893 lupis
218 1848 408 1884 devoratus
434 1851 491 1885 sit.
538 1850 738 1886 Redeuntes
762 1850 909 1885 Romani
937 1860 1057 1884 ranam
1090 1851 1125 1884 in
1148 1850 1328 1886 testudine
1353 1851 1496 1888 latitan-

99 1918 168 1949 tem
195 1916 402 1950 invenerunt
425 1920 460 1951 et
484 1917 595 1962 ipsam
625 1921 726 1952 extra
749 1918 925 1951 civitatem
960 1916 1188 1961 projicientes
1217 1917 1496 1962 combusserunt,

101 1979 194 2015 unde
206 1984 332 2026 etpars
354 1981 417 2015 illa
434 1983 599 2025 civitatis,
623 1986 661 2017 ut
682 1982 792 2028 aliqui
813 1982 944 2025 dicunt,
973 1982 1032 2016 ubi
1056 1982 1207 2017 latuerat
1228 1993 1325 2026 rana,
1345 1984 1496 2020 Latera-

101 2046 221 2081 nensis
235 2046 272 2091 ²)
297 2056 422 2080 nomen
439 2048 586 2091 accepit.
610 2068 657 2074 -
679 2052 724 2085 4.
749 2047 924 2093 Tempore
939 2050 1052 2083 sancti
1070 2048 1227 2083 Cornelii
1241 2059 1356 2093 papae
1374 2048 1498 2086 Graeci

103 2111 226 2147 fideles
253 2111 491 2156 apostolorum
518 2121 669 2157 corpora
693 2112 800 2146 furati
826 2113 947 2148 eadem
976 2113 1228 2158 asportabant,
1264 2112 1327 2147 sed
1355 2113 1499 2150 daemo-

102 2188 166 2213 nes
190 2178 225 2211 in
248 2176 364 2222 ydolis
392 2177 594 2212 habitantes
623 2177 743 2212 divina
767 2181 878 2213 coacti
912 2180 1041 2213 virtute
1078 2178 1297 2212 clamabant:
1332 2181 1396 2214 viri
1428 2180 1500 2216 Ro-

104 2244 216 2284 mani,
252 2244 464 2286 succurrite,
501 2245 584 2289 quia
606 2243 663 2277 Dii
687 2246 797 2279 vestri
824 2244 1040 2279 auferuntur.
1091 2243 1315 2289 Quapropter
1338 2245 1501 2282 fidelibus

104 2307 384 2353 intelligentibus
410 2308 453 2344 de
478 2309 677 2354 apostolis,
714 2311 906 2356 gentilibus
943 2321 1026 2345 vero
1054 2309 1097 2345 de
1122 2311 1195 2344 suis
1220 2310 1295 2345 Diis
1320 2312 1503 2346 multitudo

106 2372 262 2408 adunata
286 2372 437 2408 fidelium
466 2379 501 2408 et
526 2374 718 2410 infidelium
746 2387 808 2411 eos
835 2378 1082 2422 persequitur,
1111 2375 1203 2410 unde
1232 2375 1357 2411 Graeci
1380 2379 1505 2412 timen-

106 2443 161 2474 tes
198 2437 292 2483 apud
331 2438 556 2473 catacumbas
595 2441 837 2484 apostolorum
865 2451 1017 2486 corpora
1039 2442 1075 2474 in
1099 2445 1240 2485 puteum
1266 2442 1504 2487 projecerunt,

108 2504 175 2540 sed
210 2513 232 2538 a
265 2502 429 2538 fidelibus
464 2503 545 2538 inde
580 2505 801 2548 postmodum
838 2510 919 2540 sunt
950 2509 1120 2541 extracta.
1172 2504 1365 2552 Gregorius
1390 2513 1506 2544 tamen

109 2572 145 2605 in
170 2572 324 2617 registro
344 2569 440 2612 dicit,
468 2568 562 2615 quod
585 2572 684 2604 tanta
704 2581 766 2606 eos
786 2572 837 2606 vis
853 2572 1000 2606 tonitrui
1021 2575 1127 2616 atquc
1149 2569 1299 2617 fulguris
1322 2576 1447 2610 terrnit
1465 2585 1506 2610 ac

182 2714 209 2746 1)
227 2713 324 2747 Vulgo
343 2713 465 2747 legitur:
485 2715 712 2750 Hvlyedam.
780 2716 809 2750 2)
828 2714 972 2743 Ad‹litnr;
992 2726 1008 2743 a
1027 2717 1179 2745 latente
1207 2727 1308 2745 rana.
1335 2717 1422 2745 Male.
