1742 3005
278 68 374 119 Cap.
405 66 579 106 LXVlll.
639 68 698 105 De
729 67 945 107 inventione
980 74 1134 107 sanctae
1164 68 1296 106 crucis.
1400 66 1482 107 305

96 171 233 208 videtur
267 171 451 217 apostolus
477 174 643 215 innuere,
681 183 757 208 eum
792 173 894 208 dicit:
937 177 974 209 ut
1006 175 1153 219 possitis
1186 173 1482 220 comprehendere

91 248 166 272 eum
194 237 353 272 omnibus
387 239 542 279 sanem,
577 248 666 283 quae
696 240 743 273 sit
765 239 974 286 longitudo,
1010 239 1183 283 latitudo,
1216 240 1412 275 sublimitas
1448 245 1482 275 et

91 303 311 348 profundum.
362 303 459 343 Quae
482 304 590 338 verba
605 303 733 338 ibidem
753 305 877 339 doetor
895 306 1062 351 egregius
1079 306 1131 339 sie
1147 307 1308 350 exponit:
1333 316 1480 347 erucem,

90 370 220 414 inquit,
247 369 398 410 domini,
434 369 534 414 cujus
559 369 707 403 latitudo
734 370 863 403 dieitur
888 371 922 403 in
946 374 1149 403 transverso
1178 371 1297 415 ligno,
1324 382 1391 416 quo
1419 382 1480 406 ex—

88 434 278 468 tenduntur
310 444 452 476 manus,
488 434 672 479 longitudo
707 444 728 468 a
760 438 856 468 terra
888 445 998 479 usque
1033 434 1079 468 ad
1104 436 1214 479 ipsam
1250 436 1481 479 latitudinem,

88 510 158 544 quo
192 509 213 533 a
239 500 399 534 manibus
436 499 529 533 infra
559 503 668 533 totum
693 509 820 543 eorpus
847 499 1025 545 affigitur,
1074 499 1221 534 altitudo
1249 509 1269 533 a
1294 500 1481 536 latitudine

90 575 201 610 usque
228 575 363 599 sursum
381 592 389 606 ‚
423 565 477 598 eui
504 563 676 598 adhaeret
701 568 826 609 eaput,
864 563 1072 609 profundum
1109 575 1210 607 vero,
1246 565 1339 611 quod
1364 570 1481 601 terrae

88 630 225 665 infixum
255 628 494 664 absconditur.
543 628 618 669 Quo
644 630 746 675 signo
777 632 889 664 erucis
915 631 1026 664 omnis
1052 632 1142 665 actio
1161 630 1311 664 humana
1335 636 1369 666 et
1386 631 1479 665 chri-

87 698 202 730 stiana
225 694 456 736 describitur,
502 694 592 729 bene
620 697 761 739 operari
791 696 824 729 in
854 694 993 730 Christo
1020 700 1054 730 et
1079 698 1110 730 ei
1136 695 1405 741 perseveranter
1425 699 1479 731 in-

88 761 246 803 haerere,
273 770 417 805 sperare
443 759 627 803 coelestia,
654 765 875 795 sacramenta
902 772 971 794 uon
996 760 1196 805 profanare.
1235 760 1331 795 Istud
1348 761 1479 807 lignum

87 827 201 860 erucis
235 827 426 871 pretiosum
460 835 525 870 per
556 835 667 859 annos
705 826 759 860 CC
794 830 828 861 et
860 827 951 860 ultra
977 826 1040 859 sub
1070 829 1164 860 terra
1189 826 1309 868 latuit,
1344 827 1407 861 sed
1435 827 1478 861 ab

85 891 229 933 Helena,
256 895 364 926 matre
392 890 610 925 Constantini
636 891 870 935 imperatoris,
897 890 963 924 hoo
988 890 1090 924 modo
1116 895 1288 935 repertum
1319 892 1394 925 suit.
1441 892 1478 926 In

86 961 242 1001 tempore
280 956 339 990 illo
375 961 594 1001 congregata
627 960 681 990 est
700 956 803 1000 juxta
826 955 1019 990 Danubium
1053 956 1191 990 fluvium
1218 957 1400 991 multitudo
1427 959 1480 991 in-

85 1021 312 1056 numerabilis
340 1020 588 1063 harbarorum⁷
616 1021 738 1055 volens
766 1021 904 1055 fluvium
930 1023 1081 1056 transire
1107 1026 1141 1056 et
1165 1033 1284 1056 omnes
1314 1024 1479 1067 regiones

85 1098 198 1133 usque
233 1087 277 1121 ad
310 1086 524 1121 occidentem
559 1097 622 1120 suo
657 1086 810 1120 dominio
838 1086 1044 1131 subjugare.
1095 1087 1194 1126 Quod
1219 1088 1277 1120 ubi
1308 1088 1479 1121 Constan-

84 1154 178 1187 tinus
203 1154 394 1197 imperator
421 1154 609 1197 comperit,
637 1156 755 1186 eastra
782 1153 887 1185 movit
915 1156 949 1185 et
974 1155 1096 1185 eontra
1119 1151 1314 1186 Danubium
1340 1164 1377 1188 se
1404 1164 1478 1187 cuni

86 1229 150 1253 suo
179 1219 334 1253 exercitu
361 1217 557 1259 collocavit,
584 1222 619 1251 at
644 1217 873 1251 barbarorum
899 1221 1079 1251 crescente
1103 1217 1323 1252 multitudine
1349 1223 1383 1253 et
1404 1220 1478 1264 Jam

86 1285 227 1318 fluvium
260 1287 464 1318 transeunte
502 1282 749 1317 Constantinus
792 1284 897 1316 nimio
936 1286 1073 1317 terrore
1111 1285 1307 1317 concutitur
1339 1283 1476 1326 videns,

87 1349 180 1395 quod
216 1354 335 1384 essent
366 1336 428 1382 die
460 1350 614 1382 crastino
647 1358 720 1382 cum
753 1358 794 1382 eo
827 1347 999 1391 proelium
1033 1349 1262 1382 commissuri.
1311 1348 1479 1393 Sequenti

86 1417 195 1460 igitur
218 1419 322 1448 nocte
347 1412 390 1447 ab
417 1413 544 1458 angelo
570 1414 744 1448 excitatur
766 1417 809 1455 et,
837 1417 873 1447 ut
900 1423 1036 1447 sursum
1054 1414 1235 1457 respiciat,
1260 1413 1477 1448 admonetur.

86 1480 152 1520 Qui
180 1482 215 1514 in
239 1479 373 1513 eoelum
406 1478 606 1523 adspiciens
637 1479 723 1512 vidit
755 1480 891 1524 signum
917 1480 1030 1512 crucis
1058 1489 1100 1513 ex
1129 1479 1324 1512 clarissimo
1350 1479 1477 1514 lumine

85 1546 214 1580 sactum
237 1545 365 1579 litteris
391 1546 507 1578 aureis
532 1544 622 1578 hune
650 1544 786 1578 titulum
814 1543 948 1577 habens
983 1544 1167 1587 seriptum:
1206 1545 1238 1577 in
1274 1544 1340 1578 hoe
1375 1546 1478 1590 signo

84 1613 216 1645 vinces.
267 1610 333 1650 Qui
369 1609 515 1644 coelesti
551 1611 687 1644 visione
720 1597 939 1643 confortatus
966 1608 1226 1642 similitudinem
1254 1611 1365 1643 crucis
1394 1610 1479 1644 l‘ecit

85 1681 119 1711 et
143 1678 254 1720 ipsam
283 1680 365 1709 ante
393 1685 490 1709 suum
520 1676 707 1709 exercitum
734 1673 819 1708 ferri
839 1674 950 1719 jussit
982 1675 1187 1719 irruensque
1214 1676 1247 1708 in
1275 1674 1396 1709 hostes
1423 1677 1476 1720 ip-

84 1752 144 1776 sos
189 1743 225 1775 in
268 1742 387 1786 sugam
420 1741 525 1775 vertit
567 1743 602 1774 et
633 1739 886 1773 multitudinem
924 1741 1107 1774 maximam
1141 1740 1328 1775 interfecit.
1379 1740 1478 1775 Tunc

85 1807 333 1841 Constantinus
371 1816 492 1841 omnes
529 1805 737 1850 templorum
770 1804 954 1850 pontifices
989 1807 1196 1840 convocavit
1229 1810 1264 1841 et
1288 1806 1387 1851 eujus
1413 1806 1478 1841 Dei

82 1872 149 1907 hoc
173 1873 310 1918 signum
335 1876 450 1914 esset,
486 1871 688 1917 diligentius
716 1872 906 1916 inquisivit.
958 1870 1090 1911 Quibus
1115 1881 1154 1906 se
1189 1872 1328 1906 nescire
1355 1871 1476 1905 dieen-

81 1937 176 1972 tibus
202 1937 340 1982 quidam
365 1937 547 1971 christiani
572 1937 790 1971 advenerunt
823 1941 858 1971 et
894 1938 926 1971 ei
962 1940 1107 1970 sanctae
1137 1939 1250 1970 crucis
1277 1939 1477 1981 mysterium

85 2007 118 2037 et
154 2001 255 2036 fidem
290 2003 458 2036 trinitatis
487 2002 625 2046 plenius
649 2005 893 2036 narraverunt.
943 2001 1008 2041 Qui
1041 2002 1076 2035 in
1110 2001 1284 2035 Christum
1319 2001 1478 2045 perfecte

82 2073 166 2102 tuno
193 2066 344 2102 credidit
369 2071 403 2101 et
427 2066 470 2100 ab
495 2065 649 2100 Eusebio
674 2076 769 2110 papa
789 2066 858 2107 vel,
886 2065 1073 2100 secundum
1109 2066 1277 2109 quosdam
1303 2065 1431 2107 libros,
1457 2076 1479 2100 a

84 2133 307 2168 Caesariensi
335 2133 501 2177 episeopo
529 2141 663 2165 sacrum
690 2132 867 2175 baptisma
892 2130 1058 2174 suscepit.
1107 2128 1179 2163 Sed
1207 2131 1241 2163 in
1266 2130 1330 2164 hac
1355 2130 1476 2175 hysto-

82 2201 137 2233 ria
160 2198 267 2233 multa
290 2201 464 2243 ponuntur
480 2224 488 2239 ,
523 2197 648 2242 quihus
684 2195 894 2230 contradicit
919 2195 1077 2240 hystoria
1100 2196 1279 2239 tripartita
1305 2200 1338 2230 et
1364 2196 1476 2231 ecele-

84 2264 229 2298 siastica
260 2266 295 2297 et
328 2264 400 2296 vita
434 2263 548 2296 saneti
584 2262 749 2297 Silvestri
790 2265 824 2296 et
858 2265 961 2307 gesta
1003 2260 1205 2305 pontificum
1232 2260 1475 2295 Romanorum.

84 2328 280 2364 Secundum
319 2326 489 2372 quosdam
527 2338 597 2361 non
632 2326 697 2361 fuit
728 2329 795 2361 iste
828 2327 1076 2361 Constantinus
1109 2327 1321 2370 imperator,
1367 2327 1424 2370 qui
1456 2335 1478 2359 a

81 2394 188 2429 beato
224 2392 394 2427 Silvestre
430 2401 524 2436 papa
560 2391 626 2426 fuit
654 2391 856 2436 baptizatus
884 2396 918 2426 et
944 2391 990 2425 ad
1014 2390 1116 2425 fidem
1140 2400 1351 2431 conversus,
1386 2391 1478 2425 sieut

83 2458 225 2504 aliquae
250 2458 432 2503 hystoriae
456 2456 618 2491 videntur
640 2457 806 2499 innuere,
840 2456 904 2491 sed
930 2455 996 2489 fuit
1021 2454 1270 2489 Constantinus
1295 2458 1399 2499 pater
1420 2457 1476 2500 ip-

85 2518 158 2559 sius
186 2523 431 2565 Constantini,
468 2523 559 2556 siout
594 2523 630 2555 in
662 2521 840 2566 aliquibus
875 2521 1042 2565 hystoriis
1066 2521 1252 2554 invenitur.
1297 2518 1361 2554 Ille
1387 2521 1477 2554 enim

85 2588 334 2624 Constantinus
370 2588 440 2623 alio
475 2587 576 2622 modo
615 2586 660 2621 ad
696 2585 797 2621 fidem
831 2587 945 2628 venit,
975 2586 1068 2620 sicut
1100 2586 1135 2620 in
1171 2585 1330 2630 hystoria
1363 2587 1476 2619 saneti

83 2653 247 2691 silvestri
272 2654 425 2702 legitur,
451 2663 516 2690 nec
541 2652 584 2687 ab
610 2651 785 2694 Eusebio,
811 2651 874 2687 sed
898 2662 919 2687 a
940 2651 1112 2688 Silvestre
1137 2650 1338 2696 baptizatus
1364 2650 1476 2685 fuisse

1150 2715 1196 2751 20
