1742 3005
333 103 430 153 Cap.
459 102 695 140 CCXXXVI.
740 103 798 141 De
830 111 958 141 sancta
989 105 1114 142 Clara.
1197 148 1200 153 ¹
1330 107 1411 146 949

140 208 265 235 Sanctus
289 211 418 236 Lazarus
442 218 479 236 ex
503 208 599 236 nobili
626 213 654 235 et
677 208 769 241 regali
794 210 936 244 progenie
967 220 1032 237 cum
1058 210 1149 238 Maria
1175 210 1350 243 Magdalena
1381 217 1409 239 et

39 251 154 279 Martha
180 254 332 281 sororibus
358 253 418 281 suis
443 258 610 281 sumserunt
636 252 792 286 originem,
817 256 888 288 Syro
914 259 998 289 patre
1024 259 1053 281 et
1075 255 1216 282 Eucharia
1235 260 1328 283 matre
1345 258 1407 284 nati

39 302 122 329 sunt,
141 306 157 324 a
176 297 264 325 beato
281 298 444 325 Maximino
463 298 612 333 discipulo
631 298 746 324 domini
763 298 911 333 baptizati
930 304 1011 331 suut,
1031 303 1158 327 Lazarus
1178 304 1276 327 autem
1294 305 1408 335 partem

37 342 120 368 urbis
138 342 499 378 Hierusalem‘possidens
518 352 639 377 operam
658 343 749 369 dabat
766 343 900 372 militiae.
938 344 993 379 Qui
1013 349 1153 377 quantum
1172 344 1262 372 fuerit
1280 346 1408 374 dilectus

37 396 54 413 a
80 387 202 414 domino
226 392 329 414 nostro
355 390 424 415 Jesu
452 387 575 420 Christo,
603 388 778 415 secretarius
804 390 866 422 ejus
890 389 1080 416 beatissimus
1104 390 1252 417 Johannes
1279 400 1343 425 cap.
1367 394 1410 418 XI

37 431 196 466 descripsit
214 432 330 464 dicens,
357 432 438 465 quod
462 437 524 458 erat
549 432 670 465 quidam
695 433 838 465 languens
857 437 1001 465 Lazarus,
1027 433 1169 460 miserunt
1193 439 1291 461 autem
1310 435 1408 462 dictae

36 484 152 503 sorores
171 477 210 503 ad
229 477 381 504 dominum
399 477 547 503 dicentes:
567 477 686 504 domine
705 488 782 510 ecce,
801 487 887 510 quem
902 487 993 510 amas,
1012 477 1192 509 infirmatum
1211 482 1295 506 Jesus
1308 485 1407 507 autem

34 521 139 548 mundi
158 521 290 548 salvator
307 521 478 556 respondit:
504 521 660 548 infirmitas
685 522 756 548 haee
781 531 840 548 non
865 526 909 548 est
936 522 975 548 ad
1001 527 1140 554 mortem,
1169 523 1220 549 sed
1241 533 1294 558 pro
1314 525 1407 556 gloria

33 566 89 593 Dei
108 571 137 593 et
154 571 187 593 ut
204 566 383 598 glorificetur
400 566 478 593 filius
496 566 552 592 Dei
578 576 631 600 per
657 576 730 593 eain.
767 570 801 592 Et
828 571 896 601 post
923 567 983 593 suis
1010 567 1051 593 ait
1078 566 1250 600 discipuliS:
1277 572 1404 596 Lazarus

33 617 136 640 noster
161 612 272 639 amicus
299 611 423 643 dormit,
450 611 504 637 sed
528 611 625 643 vado,
652 616 684 637 ut
709 621 724 637 a
752 620 854 637 somno
882 611 1007 637 excitem
1034 620 1111 637 eum.
1148 614 1217 639 Cum
1244 619 1342 640 autem
1367 614 1405 641 ad

31 657 131 684 locum
150 656 322 684 accessisset
342 661 370 682 et
390 664 505 682 sorores
525 655 619 681 sancti
640 656 740 681 Lazari
755 665 821 682 cum
838 656 973 683 maximis
986 656 1122 689 lacrymis
1139 666 1205 683 eum
1218 658 1403 691 adorassent,

31 702 189 735 querulose
214 700 342 727 dicendo
369 701 457 726 haec:
490 700 626 733 domine,
653 700 677 727 si
702 700 810 727 fuisses
837 701 892 733 liic,
913 701 1005 727 frater
1023 710 1104 727 meus
1124 710 1183 728 non
1201 701 1307 730 suisset
1325 712 1404 731 mor—

30 751 115 778 tuus,
140 745 179 772 ad
204 745 302 772 locum
321 746 446 773 accessit
471 750 499 772 et
518 746 638 772 beatum
656 749 800 772 Lazarum
817 746 877 779 jam
895 746 1125 779 quatriduanum
1144 752 1292 775 mortuum
1312 749 1406 776 susci-

30 792 116 818 tavit.
152 795 221 819 l¹ost
247 791 451 818 ascensionem
478 791 591 818 domini
624 801 691 817 cum
723 791 822 823 gravis
857 796 935 818 esset
967 791 1195 818 christianorum
1227 794 1405 827 persecutio,

29 836 134 864 Judaei
158 836 284 871 prodere
310 841 444 863 sanctum
469 839 614 875 Lazarum
641 846 707 862 cum
732 835 793 862 suis
819 836 971 862 sororibus
999 841 1027 863 et
1053 837 1280 865 christianorum
1298 848 1403 871 magna

28 883 115 917 copia
138 882 291 917 cupientes
318 882 347 908 in
374 881 444 907 navi
467 882 580 915 absque
606 882 694 908 remis
715 886 891 915 posuerunt,
916 881 1021 907 divino
1048 890 1119 907 vero
1145 887 1217 908 nutu
1246 887 1274 909 et
1297 883 1403 914 angelo

25 931 146 959 regente
171 926 297 953 veniunt
320 926 359 952 ad
385 926 559 954 Massiliam.
595 926 771 953 Praedicans
797 934 869 952 vero
899 926 1044 952 Christum
1070 926 1250 953 salvatorem
1268 932 1404 955 nostrum

26 972 141 1007 primus
166 972 324 1006 episcopus
353 971 549 998 Massiliensis
575 971 689 998 exstitit
715 975 744 997 et
771 971 836 1005 ipse
861 975 930 1004 post
949 971 1133 998 laudabilem
1151 971 1244 997 vitam
1264 976 1292 998 et
1311 972 1402 999 totius

27 1017 140 1051 patriae
159 1017 386 1044 conversionem
404 1016 491 1042 tertio
510 1016 626 1042 decimo
644 1015 762 1050 imperii
783 1015 897 1042 Claudii
916 1024 993 1042 aiino
1013 1016 1142 1043 secunda
1155 1020 1249 1042 morie
1262 1016 1400 1048 migravit

27 1062 65 1088 ad
83 1061 245 1089 dominum.
281 1063 372 1095 Hujus
391 1060 502 1095 qnippe
521 1059 701 1087 sanctissimi
720 1059 778 1086 viri
796 1060 900 1086 Lazari
919 1061 1062 1094 reliquiae
1078 1061 1157 1096 apud
1175 1061 1277 1087 urbem
1294 1061 1401 1088 Massi-

27 1106 95 1133 liam
120 1106 282 1141 praecipuo
306 1110 484 1134 venerantur
509 1105 666 1139 obsequio.
708 1106 775 1139 Ejus
801 1104 951 1132 festivitas
976 1108 1044 1132 XVI
1071 1105 1124 1133 cal.
1151 1106 1282 1133 Januarii
1307 1106 1401 1134 devo*

25 1151 140 1179 tissime
161 1151 338 1178 celebratur.

409 1480 535 1542 cAP.
570 1480 824 1543 ccxxxvl.
867 1481 1025 1544 (207.)

246 1579 374 1625 De
444 1583 800 1627 sancta
857 1582 1175 1628 Clara.

119 1690 240 1718 Gemine
258 1690 443 1718 admirabilis
463 1691 545 1719 Clara
564 1692 714 1719 vocabulo
732 1697 761 1718 et
778 1692 890 1719 virtute
909 1693 946 1719 de
966 1693 1087 1720 civitate
1106 1693 1211 1720 Assisii
1229 1692 1308 1719 claro
1324 1693 1396 1719 satis

18 1744 124 1768 genere
142 1737 232 1763 traxit
251 1736 393 1769 originem
411 1737 561 1770 beatoque
581 1737 734 1764 l-'rancisco
761 1737 857 1772 primo
885 1737 1018 1765 concivis
1043 1738 1072 1764 iu
1098 1738 1183 1764 terris
1203 1737 1396 1772 postmodum

17 1789 199 1814 conregnans
217 1781 250 1808 iu
267 1781 402 1809 excelsis.
439 1786 522 1808 Pater
541 1783 603 1815 ejus
623 1782 708 1809 miles
728 1787 755 1809 et
775 1787 837 1809 tota
856 1787 982 1815 utroque
1003 1787 1125 1817 parente
1142 1782 1298 1817 progenies
1316 1781 1396 1808 mili-

16 1826 96 1859 taris,
117 1826 222 1854 domus
242 1826 407 1858 abundans,
425 1820 520 1853 mater
533 1835 604 1853 vero
617 1829 680 1860 ejus
694 1827 835 1853 Ortulana
851 1828 929 1853 dicta
944 1832 997 1853 est.
1036 1830 1105 1854 Cum
1119 1833 1215 1854 autem
1230 1835 1394 1862 praegnans

16 1876 95 1898 esset
119 1871 214 1906 ipsius
244 1876 363 1898 sanctae
386 1871 504 1899 futurae
531 1877 559 1898 et
587 1876 655 1898 ante
682 1872 812 1899 crncifixi
839 1872 997 1904 imaginem
1016 1872 1045 1899 in
1065 1873 1189 1899 ecclesia
1208 1882 1262 1907 pro
1282 1871 1394 1899 salubri

13 1921 116 1951 partus
135 1916 329 1951 expeditione
347 1916 487 1944 dex-otius
507 1922 660 1949 exoraret,
687 1917 803 1944 audivit
821 1926 926 1944 vocem
947 1918 1096 1945 dicentem
1115 1918 1190 1945 sibi:
1217 1928 1254 1945 ne
1272 1926 1394 1952 paveas,

13 1961 134 1994 mulier,
169 1961 237 1995 quia
265 1961 415 1994 quoddam
441 1962 540 1989 lumen
568 1963 651 1990 salva
675 1962 839 1997 parturies,
871 1963 952 1996 qnod
984 1963 1082 1997 ipsum
1114 1963 1257 1990 muudum
1285 1962 1393 1989 clarius

12 2005 184 2032 illustrabit.
230 2008 294 2040 Quo
329 2006 436 2033 edocta
468 2007 588 2033 oraculo
616 2011 716 2033 natam
740 2007 771 2034 in
796 2008 947 2043 baptismo
976 2008 1088 2034 Claram
1115 2008 1260 2034 nominari
1286 2007 1393 2034 voluit.

13 2049 119 2077 Adhuc
136 2049 284 2077 infantula
302 2049 432 2077 libenter
450 2051 633 2078 extendebat
651 2061 754 2079 manus
781 2053 820 2079 ad
845 2062 992 2087 pauperes
1016 2058 1045 2079 et
1072 2053 1110 2079 de
1137 2053 1319 2080 abundantia
1339 2052 1393 2079 do-

12 2103 78 2122 mus
97 2103 168 2121 suae
187 2094 349 2129 supplebat
367 2095 485 2130 inopias
504 2096 700 2130 plurimorum
719 2097 884 2129 egentium,
911 2097 1033 2132 proprio
1060 2098 1236 2131 corpusculo
1264 2097 1393 2124 delicata

14 2139 210 2166 subtrahebat
229 2139 355 2171 cibaria,
375 2141 430 2166 sub
450 2140 586 2167 vestibus
606 2145 704 2167 autem
724 2141 862 2175 pretiosis
882 2146 912 2168 et
932 2142 1074 2169 mollibus
1091 2142 1252 2169 ciliciolum
1272 2142 1393 2174 gerebat

13 2183 223 2211 absconditum
258 2189 287 2211 et
320 2184 432 2211 inundo
467 2185 595 2212 exterius
628 2186 736 2213 florens
771 2186 916 2213 Christum
951 2189 1050 2213 Jesum
1081 2187 1204 2214 interius
1236 2186 1390 2215 induebat.

11 2229 147 2264 Denique
165 2229 226 2256 suis
246 2239 310 2257 eam
328 2230 434 2264 nuptui
453 2230 523 2257 dare
541 2230 714 2258 volentibus
741 2241 892 2264 nunquam
917 2232 1084 2265 acquievit,
1112 2232 1166 2259 sed
1189 2231 1391 2263 virginitatem

13 2283 96 2302 snam
115 2274 237 2302 domino
257 2275 473 2304 committebat.
509 2276 584 2303 Hinc
602 2285 702 2303 rumor
720 2276 864 2304 bonitatis
891 2279 953 2312 ejus
980 2278 1077 2312 coepit
1103 2277 1133 2303 in
1158 2276 1272 2312 populo
1292 2276 1392 2303 divul—

13 2320 84 2352 gari.
119 2320 251 2348 Audiens
277 2325 375 2347 autem
402 2326 503 2348 sancta
528 2322 628 2357 puella
659 2325 727 2356 post
752 2321 911 2349 multarum
938 2322 1110 2355 iniuriarum
1144 2322 1302 2349 latratibus
1327 2331 1391 2349 mo·

12 2364 176 2392 nasterium
194 2369 327 2392 sanctum
346 2365 490 2399 instituit,
518 2377 683 2402 pauperum
703 2367 889 2394 dominarum
907 2368 1042 2395 ordinem
1061 2368 1215 2395 inchoavit
1234 2373 1262 2395 et
1280 2368 1311 2394 in
1329 2367 1391 2394 alto

13 2409 174 2437 reclusorio
193 2406 261 2444 post
278 2412 358 2436 XLII
377 2419 470 2438 annos
487 2411 595 2444 frangit
615 2412 660 2440 sui
679 2412 811 2447 corporis
831 2413 1030 2446 alabastrum,
1055 2418 1087 2440 ut
1115 2413 1221 2440 domus
1248 2412 1391 2440 ecclesiae

11 2454 162 2489 repleatur
187 2454 346 2487 fragrantia
372 2461 597 2487 unguentorum.
634 2457 786 2492 Spargitur
812 2458 902 2493 paulo
925 2463 994 2493 post
1019 2458 1122 2493 opinio
1142 2457 1306 2484 sanctitatis
1325 2457 1387 2484 vir-

13 2499 89 2532 ginis
109 2499 226 2532 Clarae,
244 2499 388 2527 festinant
405 2501 536 2534 virgines
557 2504 620 2535 ejus
638 2503 776 2537 exemplo
795 2503 907 2530 servire
927 2503 1041 2530 Christo
1061 2502 1201 2531 damino.
1228 2512 1303 2536 quae
1322 2506 1391 2529 sunt

10 2545 184 2576 maritatae,
209 2545 318 2572 castius
337 2554 422 2578 agere
442 2552 588 2579 satagunt,
615 2547 732 2574 nobiles
759 2552 787 2574 et
812 2548 943 2575 illustres
962 2547 1070 2582 amplis
1089 2547 1246 2574 contemtis
1266 2547 1387 2582 palatiis

12 2589 74 2616 alta
99 2588 158 2616 sibi
182 2589 364 2616 monasteria
387 2596 561 2618 construunt
588 2596 676 2625 atque
702 2600 756 2626 pro
782 2592 896 2619 Christo
921 2592 984 2619 filio
1004 2592 1057 2619 Dei
1076 2592 1107 2618 in
1126 2591 1223 2618 cilicio
1244 2597 1272 2619 et
1291 2593 1389 2620 cinere

10 2634 116 2661 vivere
135 2642 270 2666 magnam
291 2634 414 2666 gloriam
433 2635 553 2663 ducunt.
589 2639 685 2663 Mater
701 2636 792 2663 filiam
804 2658 810 2669 ‚
829 2637 890 2664 filia
909 2642 1033 2664 matrem
1052 2637 1160 2664 invitat
1176 2636 1215 2663 ad
1234 2637 1390 2671 Christum,

12 2687 96 2706 soror
114 2687 231 2706 sorores
251 2679 363 2711 allicit,
390 2689 455 2707 cara
473 2690 596 2708 manens
624 2681 707 2708 Clara
725 2686 789 2708 toto
803 2682 964 2709 clarescere
979 2682 1091 2709 mundo
1108 2681 1214 2717 incipit
1227 2686 1256 2710 et
1269 2682 1392 2710 laudum

13 2723 108 2751 titulis
127 2723 278 2759 praeclara
295 2723 432 2757 refulget.
468 2729 547 2752 Haec
567 2725 695 2758 gloriosa
722 2727 810 2753 beata
830 2726 914 2754 Clara
939 2727 984 2754 sui
1003 2727 1117 2755 ordinis
1135 2727 1215 2763 lapis
1233 2727 1390 2763 primarius
