1742 3005
235 104 316 143 322
503 103 598 152 Cap.
628 100 782 138 LXXII.
838 101 898 137 De
927 99 1176 139 adscensione
1207 100 1365 138 domini.

240 212 339 244 emit:
373 207 451 253 quis
477 209 531 241 est
553 206 640 247 iste,
667 205 727 250 qui
751 205 845 239 venit
870 207 936 240 etc.
963 208 998 240 et
1020 205 1055 239 in
1079 205 1236 249 psalmo:
1271 206 1350 251 quis
1384 210 1438 240 est
1465 216 1524 240 rex
1549 206 1629 252 glo-

240 276 343 310 riae?
388 273 579 318 Dionysius
614 274 729 306 autem
761 271 797 304 in
829 270 921 305 libro
958 270 1142 316 angelicae
1181 270 1402 307 hierarchiae
1445 283 1521 317 cap.
1556 272 1629 307 vil.

239 342 418 375 insinuare
442 338 600 379 videtur,
632 336 725 383 quod
753 336 832 371 dum
860 336 1021 371 Christus
1055 335 1307 379 adscenderet,
1340 341 1414 372 tres
1449 340 1627 383 quaestio-

240 417 303 441 nes
331 405 374 440 ab
400 404 537 450 angelis
562 405 678 439 saetae
704 407 796 439 sunt.
842 403 991 439 Primam
1017 402 1177 437 fecerunt
1200 403 1354 448 maJores
1375 403 1493 448 angeli
1514 404 1557 438 ad
1576 406 1626 438 in-

241 474 348 507 vicem
367 471 436 506 sibi
454 471 554 516 ipsis,
580 470 769 506 secundam
790 469 947 504 fecerunt
967 470 1034 514 ipsi
1052 469 1206 513 majores
1230 467 1370 503 Christo
1393 468 1631 509 adscendenti,

241 539 380 573 tertiam
398 536 556 572 fecerunt
576 538 729 572 minores
751 535 957 581 majoribus.
986 534 1165 574 Quaerunt
1183 535 1291 581 igitur
1311 535 1402 569 inter
1420 545 1458 569 se
1478 536 1632 580 majores

241 605 418 639 dicentes:
461 604 539 648 quis
574 606 627 638 est
658 604 746 644 iste,
784 603 844 647 qni
875 602 973 636 venit
1005 600 1049 635 de
1083 599 1195 634 Edom
1231 602 1351 635 tinctis
1383 602 1542 635 vestibus
1567 606 1630 636 ete.

240 670 348 704 Edem
381 669 578 714 sanguinea
611 669 882 712 interpretatur,
914 666 1030 700 Bosra
1065 668 1215 708 munita,
1252 667 1353 711 qnasi
1381 666 1518 701 dicant:
1555 669 1632 712 quis

240 741 294 771 est
318 737 397 775 iste,
424 735 482 778 qui
507 734 603 767 venit
624 732 667 766 de
692 731 818 765 mundo
845 733 1040 777 sanguineo
1062 741 1127 775 per
1150 736 1330 775 peccatum
1357 737 1391 767 et
1414 734 1544 766 munito
1570 743 1634 777 per

239 801 406 835 malitiam
441 802 564 833 contra
593 797 723 840 Deum,
756 796 812 831 vel
838 798 896 842 qui
931 798 1025 831 venit
1056 796 1099 830 dc
1132 796 1259 830 mundo
1292 799 1486 842 sanguineo
1520 802 1554 831 et
1580 799 1632 832 iu-

242 867 343 902 serno
370 865 531 899 munito?
578 862 783 908 Respondet
809 862 987 897 domiims:
1021 873 1088 908 ego
1124 863 1183 907 qni
1208 861 1335 907 loquor
1363 864 1537 908 justitiam
1567 868 1631 898 etc.

239 931 430 976 Dionysius
454 930 553 973 ponit
578 929 683 963 talem
709 929 867 963 literam:
905 939 972 973 ego
999 929 1110 969 enim,
1148 927 1248 970 dicit,
1285 929 1426 973 disputo
1458 930 1633 974 justitiam

240 1002 275 1033 et
303 995 475 1041 judicium
506 994 684 1028 salutaris.
732 994 771 1028 In
804 993 1021 1028 redemtione
1056 993 1195 1027 humani
1226 996 1368 1040 generis
1393 994 1459 1029 fuit
1478 996 1632 1039 Justitia,

242 1066 276 1096 in
314 1065 478 1107 quantum
511 1060 646 1094 scilicet
679 1059 795 1094 factor
825 1063 1021 1094 creaturam
1053 1069 1151 1093 suam
1185 1069 1206 1093 a
1235 1060 1374 1095 domino
1400 1061 1549 1095 alienam
1576 1070 1633 1095 re-

241 1129 352 1169 duxit,
378 1130 413 1161 et
429 1125 494 1159 fuit
513 1125 697 1171 judicium,
727 1126 760 1159 in
786 1129 951 1170 quantum
977 1125 1163 1169 dyabolum
1188 1127 1386 1160 invasorem
1411 1127 1518 1160 alieni
1539 1127 1634 1171 juris

241 1194 285 1229 ab
311 1204 376 1233 eo,
404 1202 504 1237 quem
530 1190 740 1235 possidebat
763 1190 957 1232 hominem,
983 1195 1146 1234 potenter
1173 1192 1288 1236 ejecit.
1339 1191 1409 1226 Sed
1444 1192 1632 1226 secundum

242 1260 310 1293 hoc
336 1258 421 1292 facit
447 1257 636 1301 Dionysius
662 1257 904 1302 quaestionem
930 1256 1040 1290 hanc:
1076 1266 1150 1290 cum
1177 1258 1244 1301 ipsi
1280 1259 1484 1303 superiores
1513 1259 1633 1304 angeli

241 1326 313 1359 sint
335 1323 410 1358 Deo
436 1323 586 1368 proximi
612 1325 646 1356 ct
671 1321 868 1356 immediate
895 1332 916 1356 a
940 1322 1014 1356 Deo
1040 1322 1296 1365 illuminentur,
1330 1333 1438 1368 quare
1471 1324 1515 1358 ab
1542 1325 1630 1358 invi-

244 1401 318 1425 cem
346 1393 538 1435 quaerunt,
565 1388 666 1433 quasi
690 1387 734 1422 ab
762 1388 910 1422 invicem
935 1388 1073 1423 discere
1101 1389 1294 1433 cupientes.
1347 1388 1417 1423 Sed
1443 1390 1534 1423 sicut
1560 1390 1631 1423 sol—

243 1459 292 1491 vit
315 1458 392 1501 ipse
419 1459 454 1490 et
479 1444 733 1489 commentator
754 1455 908 1498 exponit,
933 1455 968 1488 in
993 1465 1034 1489 co
1060 1454 1152 1499 quod
1178 1455 1409 1500 interrogant,
1436 1454 1636 1501 significant

243 1533 283 1557 sc
308 1522 487 1555 scientiam
513 1523 692 1564 appetere.
740 1519 779 1554 In
804 1529 846 1554 eo
871 1523 999 1562 autem,
1026 1520 1119 1565 quod
1145 1521 1256 1564 primo
1276 1521 1366 1555 inter
1387 1530 1426 1554 sc
1440 1521 1634 1560 conserunt,

242 1588 502 1628 demonstrant,
539 1585 632 1630 quod
668 1585 817 1619 divinam
856 1587 891 1619 in
923 1596 962 1621 se
994 1587 1256 1631 percussionem
1280 1596 1351 1620 non
1376 1585 1505 1621 audent
1529 1596 1633 1631 prac-

242 1654 372 1688 venire.
421 1651 523 1697 Apud
548 1661 586 1685 se
611 1661 697 1696 crgo
723 1652 834 1695 primo
862 1652 1083 1697 interrogare
1108 1651 1325 1694 deliberant,
1362 1662 1406 1686 ne
1434 1652 1524 1686 sorte
1552 1652 1631 1686 illu-

241 1720 475 1759 minationem,
501 1726 591 1762 quae
616 1717 703 1761 ipsis
728 1727 748 1751 a
766 1717 840 1751 Deo
867 1717 915 1759 sit,
941 1719 1041 1751 nimis
1067 1718 1197 1752 festina
1221 1719 1499 1763 interrogatione
1526 1728 1630 1762 prae-

240 1785 391 1818 w‘eniant.
442 1781 605 1816 Secunda
629 1783 790 1826 quaestio
816 1787 890 1823 est,
929 1792 1029 1826 quam
1056 1782 1215 1816 fecerunt
1241 1783 1308 1826 ipsi
1335 1784 1488 1826 supremi
1514 1783 1631 1828 angeli

239 1848 286 1883 ad
315 1848 490 1882 Christum
515 1847 693 1882 dicentes:
730 1857 838 1892 quare
863 1858 948 1893 crgo
974 1847 1113 1881 rubrum
1141 1849 1195 1882 cst
1222 1846 1454 1881 indumentum
1482 1851 1571 1881 tuum
1599 1853 1632 1881 et

239 1915 395 1960 vestigia
425 1918 486 1948 tua
519 1915 611 1947 sicut
645 1914 852 1948 calcantium
889 1915 923 1946 in
957 1913 1151 1948 torculari?
1200 1912 1365 1946 Dominus
1401 1912 1529 1946 dicitur
1568 1913 1630 1946 ha-

238 1981 360 2014 huisse
387 1979 641 2021 indumentum,
678 1979 713 2012 id
744 1983 797 2014 est
822 1989 948 2023 corpus
975 1989 1072 2014 suum
1107 1977 1267 2019 rubrum,
1305 1976 1340 2010 id
1374 1981 1428 2012 est
1461 1979 1632 2024 sangnine

239 2049 477 2085 cruentatum,
513 2054 556 2078 ex
583 2054 624 2078 eo
651 2044 743 2090 quod
770 2045 895 2087 adhuc,
922 2044 1001 2078 dum
1027 2043 1278 2085 adscenderet,
1312 2044 1347 2077 in
1380 2054 1529 2088 corpore
1567 2054 1630 2077 sno

236 2111 420 2145 cicatrices
445 2109 611 2145 hahebat.
659 2110 779 2145 Voluit
814 2112 902 2145 enim
939 2111 1123 2145 cicatrices
1151 2110 1185 2144 in
1212 2120 1359 2155 corpore
1385 2119 1448 2143 suo
1474 2119 1629 2145 servare.

237 2176 427 2210 secundum
461 2175 554 2220 quod
591 2176 677 2210 dicit
709 2176 827 2219 Beda,
875 2177 1028 2221 quinque
1073 2176 1116 2210 dc
1150 2176 1279 2210 causis.
1327 2174 1388 2209 Ait
1429 2175 1517 2209 enim
1561 2176 1629 2208 sic:

237 2242 423 2275 cicatrices
459 2241 617 2275 dominus
653 2244 808 2277 servavit
843 2246 877 2277 et
901 2241 1091 2286 injudicio
1119 2245 1323 2275 servaturus
1348 2244 1424 2283 est,
1461 2245 1498 2274 ut
1528 2240 1629 2274 fidem

237 2307 507 2341 resurrectionis
532 2306 711 2350 adstruat,
738 2312 776 2341 ut
800 2318 862 2351 pro
890 2307 1087 2340 hominibus
1114 2306 1344 2351 supplicando
1371 2316 1431 2340 eas
1455 2307 1546 2350 patri
1574 2317 1628 2340 ro-

235 2375 459 2416 praesentet,
488 2376 526 2406 ut
551 2372 657 2415 honi,
685 2383 785 2417 qnam
812 2372 1089 2407 misericorditer
1116 2374 1186 2406 sint
1212 2372 1378 2415 redemti,
1407 2371 1566 2408 videant.
1592 2375 1629 2404 nt

236 2439 399 2481 reprobi,
441 2448 541 2483 quam
579 2438 678 2482 juste
713 2440 782 2472 sint
821 2438 997 2480 (lamnati,
1045 2441 1323 2484 recognoscant,
1366 2441 1403 2471 ut
1437 2440 1626 2482 perpetuae

236 2504 404 2537 victoriae
429 2513 514 2538 suae
538 2508 668 2538 certum
693 2503 899 2548 trimnphum
927 2503 1074 2538 deserat.
1124 2503 1211 2538 Huic
1232 2514 1318 2549 ergo
1338 2502 1535 2548 quaestioni
1561 2500 1624 2533 do-

232 2567 341 2600 minns
367 2569 417 2602 sic
444 2569 646 2613 respondit:
682 2569 839 2603 torcular
869 2569 1000 2604 calcavi
1035 2569 1132 2604 solus
1160 2572 1194 2603 et
1220 2568 1263 2603 de
1288 2566 1451 2613 gentibus
1478 2576 1546 2599 non
1573 2570 1625 2599 est

233 2633 285 2664 vir
309 2642 437 2665 mecum
466 2638 500 2667 et
525 2638 643 2678 potest
668 2636 786 2669 vocari
811 2635 967 2669 torcular
994 2646 1090 2677 crux,
1116 2635 1149 2668 in
1176 2643 1244 2678 qna
1268 2636 1440 2676 tamquam
1467 2632 1498 2664 in
1525 2631 1624 2675 prelo

228 2698 278 2730 sic
314 2707 459 2740 pressus
493 2703 569 2737 cst.
605 2703 642 2733 ut
676 2701 778 2734 etiam
812 2701 958 2746 sanguis
996 2701 1046 2734 sic
1083 2697 1330 2736 effunderetur.
1380 2696 1443 2731 Vel
1470 2696 1624 2732 torcular
