1742 3005
360 106 456 156 Cap.
489 105 697 143 CXXXtX.
758 105 816 142 De
847 111 975 142 sancta
1003 104 1192 142 Eusemia.
1388 104 1466 143 621

85 208 191 248 Quam
212 208 322 254 Judcx
348 215 488 247 secutus
514 223 555 247 ex
584 212 730 247 libidine
757 214 955 257 opprimere
981 211 1107 254 voluit,
1142 210 1203 246 sed
1235 210 1297 246 illa
1324 211 1471 246 viriliter

84 273 277 310 reluctante
311 286 446 312 manum
484 279 560 323 ejus
594 279 704 313 virtus
738 277 857 311 divina
894 278 1077 312 contraxit.
1133 276 1233 311 Tunc
1268 280 1394 321 putans
1433 287 1471 311 se

83 340 295 374 incantatum
327 345 567 388 praepositum
602 343 723 377 domus
761 352 846 376 suae
881 341 926 376 ad
963 343 1072 386 ipsam
1111 341 1258 383 direxit,
1294 345 1332 375 ut
1365 341 1472 375 multa

84 410 321 449 promitteret,
356 409 386 441 si
413 418 489 442 eam
516 408 648 443 faceret
673 408 883 442 consentire.
934 406 1003 440 Sed
1032 406 1091 440 ille
1117 416 1292 440 carcerem
1317 407 1470 440 clausum

84 479 146 504 nec
171 470 325 505 clavibus
352 474 490 517 aperire
517 476 629 518 potuit
655 482 717 506 nec
734 471 914 505 securibus
933 471 1109 515 frangere,
1137 470 1248 504 donec
1265 481 1285 504 a
1303 471 1472 506 daemone

83 540 244 580 arreptus
259 537 412 572 clamans
425 536 816 581 etseipsmndilanians
832 536 887 569 vix
906 537 1030 570 evasit.
1056 535 1189 569 Deinde
1211 535 1337 569 educta
1356 538 1473 579 posita

84 604 257 645 estsuper
274 606 395 643 rotam,
421 602 520 646 cujus
542 605 658 635 vectes
679 600 891 634 carbonibus
910 600 1003 645 pleni
1031 605 1141 641 erant,
1171 604 1204 635 et
1229 600 1357 634 artifex
1381 602 1473 634 intra

84 669 193 699 rotam
210 665 280 700 tale
301 667 437 711 signum
454 665 674 700 trahentibus
691 666 797 708 dedit,
821 670 868 707 ut,
895 665 1034 711 quando
1055 676 1175 699 sonum
1202 665 1344 708 faceret,
1371 667 1473 700 simul

82 729 262 765 traherent
292 735 326 765 et
359 733 410 765 sic
441 735 590 765 exeunte
617 732 699 777 igne
726 736 842 766 vectes
868 741 994 776 corpus
1021 733 1097 776 cjiis
1124 730 1350 775 dissiparent.
1401 731 1471 766 Sed

83 801 166 830 nutu
200 795 265 830 Dei
299 796 563 837 ferramentum,
599 807 667 841 quo
694 801 770 830 rota
795 796 1073 841 temperabatur,
1110 795 1152 830 de
1177 806 1278 830 manu
1306 798 1382 840 eJus
1411 797 1472 831 de-

81 860 201 895 cidens
239 872 360 896 sonum
404 863 486 897 fecit
529 866 563 897 et
600 864 763 896 continuo
802 862 872 896 illis
920 861 1140 895 trahentibus
1185 866 1264 895 rota
1306 862 1472 895 artificem

83 928 282 961 comminuit
306 932 340 962 ct
363 926 555 962 Eufemiam
581 931 728 961 stantem
753 937 858 971 snper
883 937 957 961 cam
980 927 1136 961 illaesam
1155 928 1322 962 servavit.
1372 926 1473 961 Tunc

83 996 247 1036 parentes
281 994 423 1027 artificis
458 993 688 1027 lamentantes
717 994 900 1037 supposito
928 993 1009 1037 igne
1036 993 1146 1036 ipsam
1176 1003 1248 1026 cum
1276 995 1353 1026 rota
1377 1003 1471 1027 com-

81 1057 210 1093 burere
236 1059 436 1101 voluerunt,
475 1058 536 1094 sed
571 1063 649 1092 rota
675 1058 857 1092 combusta
880 1057 1040 1092 Eufemia
1067 1058 1110 1091 ab
1139 1058 1267 1103 angelo
1296 1059 1412 1092 soluta
1439 1060 1471 1092 in

83 1123 231 1168 quodam
256 1124 335 1158 loco
363 1124 503 1159 excelso
525 1124 706 1158 incolumis
730 1128 824 1158 stare
842 1125 1068 1167 conspicitur.
1115 1123 1471 1168 Appellianusjudici

31 1172 148 1223 ’θὲῖἰη
185 1191 294 1224 virtus
328 1189 599 1224 christianorum
631 1191 769 1224 nonnisi
802 1191 836 1222 in
870 1189 962 1223 ferro
995 1189 1159 1230 vincitur,
1196 1188 1286 1223 unde
1312 1190 1470 1232 consulo,

80 1257 117 1288 ut
142 1264 217 1290 eam
243 1255 353 1290 iacias
380 1255 562 1290 decollari.
611 1254 746 1290 Erectis
781 1256 891 1301 igitur
921 1255 1026 1288 scalis
1061 1264 1135 1288 cum
1162 1254 1298 1299 quidam
1325 1254 1370 1289 ad
1397 1265 1470 1289 eam

35 1310 42 1321 ¹
81 1320 288 1366 capiendam
319 1332 454 1356 manum
489 1324 626 1357 mittere
662 1322 786 1363 vellet,
826 1331 905 1354 mox
939 1324 1033 1353 totus
1064 1320 1209 1364 paralisi
1243 1320 1379 1354 solutus
1414 1322 1470 1354 vix

81 1386 162 1422 inde
188 1388 375 1421 semivivus
401 1387 546 1421 eductus
573 1390 638 1421 est.
686 1387 786 1421 Alius
817 1390 930 1420 autem
965 1387 1100 1420 nomine
1126 1385 1319 1420 Sosthenes
1345 1396 1469 1420 ascen-

81 1451 167 1486 dens
194 1454 357 1486 continuo
383 1457 533 1486 mutatus
566 1454 610 1486 ab
636 1463 679 1487 ea
708 1454 840 1487 veniam
867 1453 968 1497 petiit
1004 1455 1037 1485 et
1062 1453 1250 1496 evaginato
1277 1453 1397 1497 gladio
1426 1453 1470 1487 ad

76 1517 231 1562 judicem
265 1517 446 1561 clamavit,
482 1518 574 1564 quod
607 1529 646 1553 se
680 1520 791 1563 ipsum
827 1518 994 1552 libentius
1022 1517 1218 1559 occideret,
1254 1527 1354 1562 quam
1382 1528 1469 1559 eam,

81 1592 182 1628 quam
208 1583 326 1628 angeli
353 1582 608 1626 defendebant,
643 1585 876 1629 contingeret.
923 1583 1080 1628 Denique
1107 1582 1186 1617 inde
1213 1582 1338 1616 educta
1358 1583 1469 1628 judex

79 1648 291 1683 cancellario
316 1658 380 1682 suo
410 1648 516 1692 dixit,
549 1653 585 1684 ut
618 1649 662 1683 ad
699 1659 772 1684 eam
799 1659 917 1683 onmes
943 1648 1140 1693 petulantes
1160 1650 1311 1693 juvenes
1339 1659 1468 1683 convo-

81 1718 196 1757 caret,
235 1715 294 1759 qui
324 1713 456 1749 tamdiu
488 1724 563 1749 eam
596 1715 805 1758 illuderent,
841 1715 954 1749 donec
987 1714 1140 1760 fatigata
1173 1714 1349 1749 deficeret.
1399 1715 1468 1749 Sed

80 1779 140 1814 ille
178 1779 222 1814 ad
264 1790 339 1814 eam
379 1780 585 1826 ingrediens
624 1786 659 1816 et
688 1782 814 1815 multas
848 1782 1002 1826 virgines
1035 1779 1339 1825 splendidissimas
1372 1782 1469 1815 circa

0 1886 1 1897 η
78 1854 154 1880 eam
179 1850 335 1880 orantem
361 1846 481 1880 videns
506 1848 645 1881 monitis
671 1848 749 1892 ejus
781 1848 940 1892 protinus
975 1845 1188 1880 christianus
1226 1846 1372 1880 effectus
1401 1851 1466 1880 cst.

0 1900 2 1942 l
77 1909 227 1945 Praeses
253 1921 336 1946 vero
361 1922 424 1956 per
451 1912 598 1957 capillos
624 1914 794 1958 virginem
819 1912 1013 1957 suspendit,
1039 1911 1102 1947 sed
1128 1913 1231 1946 etiam
1257 1912 1467 1946 immobilem

79 1980 335 2019 permanentem
359 1981 490 2022 negato
515 1977 594 2012 cibo
620 1979 655 2012 in
679 1988 821 2013 carcere
848 1978 983 2012 recludi
1011 1978 1113 2020 fecit,
1138 1982 1176 2012 ut
1199 1976 1267 2013 VlI.
1295 1977 1352 2012 die
1376 1978 1468 2012 inter

79 2042 230 2084 quatuor
253 2049 400 2085 magnos
424 2042 561 2086 lapides
586 2045 678 2077 sicut
705 2043 798 2076 oliva
822 2045 1133 2088 constringeretur.
1181 2043 1246 2076 llla
1270 2054 1353 2076 vero
1378 2053 1466 2087 quo-

77 2104 164 2138 tidie
197 2103 240 2138 ab
276 2104 405 2150 angelo
443 2107 574 2140 satiata
615 2106 694 2140 dum
737 2106 807 2140 Vll.
850 2107 907 2141 die
948 2108 1040 2140 intra
1078 2107 1216 2150 lapides
1258 2106 1465 2140 durissimos

77 2171 197 2215 posita
220 2174 337 2213 esset,
365 2169 410 2204 ad
437 2171 513 2215 ejus
539 2172 732 2205 orationem
757 2172 826 2215 ipsi
853 2171 992 2215 lapides
1018 2172 1052 2205 in
1076 2173 1227 2206 cinerem
1255 2173 1462 2215 ¹)tenuissi-

77 2246 166 2272 mum
199 2240 279 2271 sunt
311 2235 456 2271 redacti.
504 2234 602 2270 Unde
635 2246 780 2280 praeses
813 2247 851 2271 se
884 2238 1008 2271 victum
1040 2247 1062 2271 a
1095 2237 1213 2281 puella
1252 2237 1462 2272 erubescens

78 2311 154 2336 eam
189 2303 224 2336 in
248 2302 384 2338 foveam
408 2302 534 2346 projici
562 2302 687 2346 Jussit,
720 2302 778 2335 ubi
812 2305 883 2336 tres
913 2306 1033 2337 tantae
1069 2304 1292 2337 immanitatis
1324 2303 1462 2338 bestiae

77 2370 197 2409 erant,
229 2377 320 2412 quae
348 2377 481 2401 omnem
505 2365 677 2401 hominem
703 2367 928 2413 deglutit-ent.
978 2368 1073 2408 Quae
1106 2369 1223 2402 statim
1249 2368 1461 2403 blandiendo

77 2432 122 2466 ad
154 2433 326 2478 virginem
359 2436 608 2467 concurrentes
647 2436 681 2467 et
707 2434 841 2478 junctis
877 2433 921 2467 ad
952 2434 1099 2468 invicem
1136 2434 1257 2467 caudis
1294 2435 1325 2468 ei
1359 2435 1462 2478 quasi

77 2497 279 2533 cathedram
301 2498 347 2532 ad
373 2497 562 2532 sedendum
586 2498 796 2542 praebentes
815 2499 972 2544 judicem
994 2498 1060 2533 hoc
1085 2499 1257 2534 videntem
1274 2499 1459 2534 vehemen-

75 2564 144 2598 tius
168 2562 410 2598 confuderunt.
457 2562 554 2598 Unde
579 2573 652 2597 cum
678 2574 824 2608 praeses
851 2564 925 2600 fere
951 2575 1036 2609 prae
1061 2566 1228 2610 angustia
1253 2569 1458 2607 moreretur,

142 2707 170 2739 1)
188 2705 242 2734 Ed.
260 2710 304 2734 Pr.
323 2707 401 2735 male
421 2707 719 2736 tenerissimum
738 2707 833 2736 offert.
