1742 3005
208 98 293 138 490
406 98 501 148 Cap,
535 96 691 134 CXVll.
747 95 805 133 De
835 102 965 133 sancto
998 96 1206 134 Laurentio
1242 95 1410 132 martire.

209 201 260 237 Ne
280 212 362 236 vero
374 199 583 245 proditorie,
605 198 668 234 sed
681 198 757 234 zelo
768 197 1005 243 ydololatriae
1024 199 1305 234 dominumsuum
1317 198 1492 234 occidisse
1507 197 1604 232 vide-

209 271 316 308 retur,
343 266 556 299 christianos
581 266 698 310 eoepit
722 263 963 299 crudelissime
981 266 1159 310 persequi,
1186 266 1406 309 praecipiens
1428 265 1507 298 illos
1528 265 1603 298 sine

210 332 282 366 ulla
310 329 556 365 misericordia
575 331 757 368 trucidari,
783 330 820 364 In
837 329 903 364 hac
918 331 1162 375 perseeutione
1180 330 1287 364 multa
1307 330 1602 364 milliamartirtuu

210 402 435 439 corruerunt,
470 399 562 432 inter
596 408 683 443 quos
710 401 745 432 et
770 396 953 441 Philippus
975 397 1098 440 junior
1123 397 1280 429 martirio
1311 400 1365 430 est
1401 400 1603 432 coronatus,

210 464 293 499 Post
311 464 377 498 hoc
390 463 518 498 Decius
540 463 582 498 de
602 463 769 498 thesauro
786 463 916 497 domini
936 463 990 496 sui
1012 463 1273 507 inquisitionem
1290 461 1438 503 faciens,
1465 460 1603 494 oblatus

209 536 263 565 est
288 532 321 566 ci
343 530 468 564 beatus
494 530 631 572 Sixtus,
658 533 832 574 tamquam
858 529 916 573 qui
943 527 1116 562 Christum
1151 527 1283 561 coleret
1315 532 1349 561 et
1382 526 1606 571 imperatoris

207 598 396 632 thesauros
420 595 580 631 haberet.
629 594 728 629 Tunc
753 595 879 630 Decius
901 595 1011 640 jussit
1043 605 1119 629 eum
1144 595 1177 627 in
1205 603 1377 628 carcerem
1404 593 1534 637 recipi,
1569 597 1606 626 ut

210 675 273 709 per
300 663 399 696 illata
423 666 597 696 tormenta
625 661 800 696 Christum
828 664 977 706 negaret
1012 664 1045 694 et
1070 659 1258 694 thesauros
1284 658 1462 703 proderet.
1512 658 1602 693 Bea-

208 735 263 763 tus
290 733 404 763 autem
428 727 642 761 Laurentius
670 728 783 771 ipsum
808 737 957 771 sequens
984 729 1065 770 post
1092 736 1167 759 eum
1195 724 1391 759 clamabat:
1427 735 1494 769 quo
1521 734 1603 768 pro-

208 795 372 841 grederis
393 796 467 828 sine
494 792 578 835 filio,
604 793 734 837 pater?
767 802 847 837 quo,
877 790 1046 825 sacerdos
1074 794 1205 832 sancte,
1234 792 1309 824 sine
1336 790 1494 835 dyacono
1521 800 1603 834 pro-

208 862 340 906 peras?
389 859 446 894 Tu
480 870 655 904 nunquam
680 860 756 893 siue
782 858 941 891 ministro
968 854 1175 890 sacrificinm
1201 855 1329 890 offerre
1354 865 1602 890 consueveras.

210 927 301 968 Quid
336 928 371 960 in
409 936 462 960 me
500 924 682 969 displicuit
714 924 921 968 paternitati
951 923 1061 956 tuae?
1102 921 1269 967 numquid
1306 920 1516 967 degenerem
1553 932 1605 956 nie

209 993 400 1039 probasti?
448 990 620 1036 Experire
644 993 761 1032 certe,
794 994 906 1024 utrum
932 989 1093 1022 idoneum
1119 989 1312 1022 ministrum
1339 987 1514 1034 elegeris,
1551 989 1605 1022 cui

208 1060 415 1094 commisisti
450 1058 613 1091 dominici
647 1057 831 1101 sanguinis
863 1055 1176 1099 dispensationem.
1225 1055 1288 1089 Cui
1332 1054 1456 1088 beatus
1484 1054 1604 1088 Sixtus

211 1125 322 1159 dixit:
350 1134 420 1157 non
445 1134 512 1169 ego
540 1127 575 1157 te
601 1122 751 1164 desero,
779 1121 828 1154 lili
845 1149 853 1163 ‚
882 1132 994 1166 neque
1020 1120 1248 1166 derelinquo,
1285 1119 1348 1155 sed
1374 1121 1512 1165 majora
1538 1120 1603 1154 tibi

209 1191 381 1226 debentur
421 1200 484 1234 pro
526 1188 595 1223 fide
639 1188 772 1223 Christi
814 1188 1014 1222 certamina.
1064 1185 1136 1220 Nos
1180 1188 1281 1231 quasi
1317 1196 1419 1221 senes
1458 1186 1605 1220 levioris

207 1267 349 1303 pugnae
388 1266 524 1290 cursum
551 1256 759 1299 recipimus,
791 1257 827 1288 te
865 1257 980 1287 autem
1019 1239 1123 1297 quasi
1153 1254 1316 1297 juvenem
1342 1256 1458 1287 manet
1483 1252 1525 1287 de
1550 1257 1603 1298 ty-

209 1334 318 1358 ranno
347 1323 542 1369 gloriosior
567 1319 780 1366 triumphus:
812 1323 895 1365 post
928 1318 1079 1353 triduum
1112 1329 1164 1353 me
1198 1319 1357 1364 sequeris
1383 1318 1603 1353 sacerdotem

208 1390 327 1425 levita.
374 1388 550 1434 Deditque
585 1388 617 1422 ei
652 1397 771 1421 omnes
804 1385 991 1420 thesauros
1027 1385 1269 1429 praecipiens,
1306 1388 1345 1418 ut
1383 1384 1543 1419 ecclesiis
1571 1388 1604 1418 et

209 1455 425 1502 pauperibus
452 1453 628 1501 erogaret.
679 1453 809 1489 Beatus
844 1453 953 1497 igitur
988 1450 1201 1485 Laurentius
1236 1450 1449 1485 christianos
1477 1450 1534 1485 die
1562 1459 1604 1484 ac

208 1526 311 1557 nocte
338 1522 527 1567 diligenter
554 1520 730 1566 quaesivit
756 1522 791 1553 et
807 1519 1008 1563 uuicuique,
1037 1520 1141 1562 prout
1159 1527 1247 1562 opus
1268 1516 1394 1559 suerat,
1419 1517 1603 1550 ministra-

207 1590 269 1623 vit.
316 1587 422 1624 Venit
452 1587 494 1621 ad
534 1586 670 1620 (lonium
705 1584 886 1630 eujusdam
915 1583 1063 1626 viduae,
1103 1593 1193 1629 quae
1228 1583 1355 1617 multos
1389 1581 1602 1617 christianos

209 1656 244 1688 in
278 1653 380 1688 domo
415 1663 479 1687 sua
512 1651 769 1694 absconderat,
805 1661 906 1696 quam
941 1650 1071 1695 longus
1109 1649 1212 1684 dolor
1250 1650 1376 1694 eapitis
1412 1647 1604 1689 detinebat,

208 1724 350 1755 sanctus
389 1723 503 1753 autem
534 1719 746 1753 Laurentius
782 1727 845 1761 per
878 1718 1135 1761 impositionem
1170 1726 1291 1750 manus
1326 1725 1401 1750 eam
1434 1725 1455 1749 a
1482 1714 1606 1748 dolore

208 1788 334 1832 eapitis
369 1785 536 1820 liberavit
570 1788 604 1819 et
636 1782 854 1828 pauperibus
887 1781 996 1826 pedes
1031 1781 1152 1815 lavans
1187 1781 1347 1815 omnibus
1380 1781 1604 1815 elemosinam

208 1852 318 1889 dedit.
364 1851 495 1886 Eadem
521 1854 623 1884 nocte
651 1851 685 1883 in
710 1848 811 1883 domo
840 1846 1022 1892 cujusdam
1047 1846 1231 1880 christiani
1262 1848 1406 1880 veniens
1435 1845 1604 1891 querulam

207 1927 346 1954 caecum
372 1916 502 1952 ibidem
528 1918 658 1961 reperit
691 1919 725 1950 et
759 1914 853 1949 sacto
883 1915 985 1959 signo
1013 1914 1125 1947 erucis
1151 1922 1226 1947 eum
1252 1911 1471 1946 illuminavit.
1521 1911 1603 1944 (lum

209 1989 326 2020 autem
364 1983 489 2018 beatus
517 1982 636 2016 Sixtus
665 1981 771 2016 Decio
808 1980 918 2015 nollet
953 1981 1153 2014 consentire
1180 1989 1244 2012 nec
1268 1977 1383 2022 ydolis
1410 1977 1602 2017 immolare,

208 2053 321 2096 ipsum
366 2049 410 2084 ad
454 2047 697 2083 decollandum
741 2046 821 2081 duci
853 2046 1045 2091 praecepit.
1094 2044 1292 2079 Accurrens
1327 2048 1441 2078 autem
1479 2042 1603 2077 beatus

207 2118 421 2152 Laurentius
447 2118 528 2159 post
554 2115 666 2159 ipsum
695 2103 879 2147 clamaviti
906 2112 976 2146 noli
994 2122 1047 2145 me
1069 2110 1324 2155 derelinquere,
1351 2113 1452 2155 pater
1469 2111 1603 2148 sancte,

209 2185 292 2229 quia
316 2182 505 2217 thesauros
528 2184 608 2214 tuos
630 2181 702 2225 Jam
730 2178 904 2224 expendi,
939 2187 1027 2223 quos
1058 2175 1239 2211 tradidisti
1273 2175 1368 2210 mihi.
1418 2174 1515 2210 Tune
1540 2175 1603 2208 mi-

208 2250 289 2283 lites
316 2247 500 2282 audientes
525 2246 713 2281 thesauros
740 2245 965 2279 Laurentium
992 2246 1179 2278 tenuerunt
1209 2245 1242 2277 et
1258 2241 1447 2277 Parthenio
1464 2240 1604 2275 tribuno

209 2314 440 2349 tradiderunt.
489 2313 569 2358 Ipse
596 2317 711 2348 autem
735 2322 809 2347 eum
836 2310 944 2345 Decio
970 2309 1222 2354 praesentavit,
1250 2309 1303 2341 cui
1324 2307 1451 2342 Decius
1474 2306 1607 2340 Caesar

210 2383 279 2416 ait:
315 2380 375 2415 ubi
407 2383 488 2414 sunt
520 2379 677 2413 thesauri
708 2377 900 2418 ecclesiae,
947 2385 1034 2420 quos
1069 2373 1163 2419 apud
1198 2378 1230 2409 te
1262 2374 1491 2419 eognovimus
1527 2382 1606 2406 esse

213 2447 443 2483 reconditos?
493 2446 557 2486 Qui
584 2455 658 2480 cum
684 2444 751 2479 sibi
776 2454 844 2478 non
871 2441 1116 2487 responderet,
1141 2439 1289 2474 tradidit
1317 2451 1392 2475 eum
1417 2439 1603 2474 Valeriano

211 2514 413 2558 praesecto,
451 2515 487 2547 ut
512 2517 572 2547 aut
606 2511 794 2546 thesauros
819 2508 947 2554 prodat
975 2512 1007 2543 ct
1032 2507 1146 2551 ,ydolis
1173 2505 1346 2541 sacrificet
1370 2509 1429 2540 aut
1454 2503 1603 2538 diversis

213 2589 287 2612 eum
315 2580 458 2614 interire
485 2579 594 2613 saciat
619 2577 803 2622 suppliciis
829 2579 863 2610 et
899 2575 1092 2610 tormentis.
1138 2571 1348 2608 Valerianus
1380 2575 1492 2604 amem
1529 2570 1602 2602 cui-

213 2644 289 2677 dam
318 2644 499 2687 praelecto
528 2645 664 2679 nomine
689 2641 876 2687 ll3ppolilo
905 2642 937 2675 iu
965 2639 1159 2675 custodiam
1197 2650 1269 2674 euru
1304 2635 1467 2671 tradidit,
1505 2646 1604 2680 quein

214 2709 273 2744 ille
306 2719 379 2742 cum
418 2710 532 2743 multis
571 2709 650 2743 aliis
683 2711 884 2743 incarcere
924 2707 1078 2742 reclusit.
1131 2705 1210 2739 lirul
1243 2707 1356 2737 autem
1384 2704 1416 2735 in
1445 2701 1604 2737 eustodia
