1742 3005
296 140 378 180 658
557 144 654 192 (Tap.
687 141 857 180 CXLW.
921 143 997 197 De·
1019 146 1149 179 sancto
1181 142 1422 192 Hieronymo.

299 258 388 283 sem:
423 246 509 280 nihil
535 254 555 279 a
579 246 731 291 pueritia
756 246 806 280 ita
830 247 939 281 vitare
965 249 1110 280 conatus
1135 255 1230 289 sum,
1264 250 1301 280 ut
1326 248 1473 282 animum
1499 246 1683 279 tumentem

298 317 331 347 et
357 316 506 346 erectam
533 313 714 355 cervicem,
734 311 798 347 Dei
817 316 939 347 eontra
963 322 1002 347 se
1028 310 1143 346 odium
1168 315 1428 357 provocantem.
1476 311 1588 346 Idem:
1615 321 1683 355 ego

297 379 398 412 etiam
423 381 499 412 tuta
524 379 639 412 omnia
662 379 779 413 timeo.
826 377 939 414 Idem:
965 378 1000 412 in
1026 379 1240 412 monasterio
1265 376 1500 422 hospitalitati
1519 388 1560 412 ex
1580 376 1686 411 corde

296 444 505 478 intendimus
542 448 574 479 et
608 455 727 480 omnes
765 445 808 479 ad
849 455 913 480 nos
953 445 1132 480 venientes
1170 447 1312 489 praeter
1348 442 1546 478 haereticos
1591 443 1686 477 laeta
1738 486 1739 495 ἵ

298 509 412 544 fronte
453 512 661 556 suscipimus
694 521 733 545 ac
768 512 979 545 venientium
1014 509 1123 555 pedes
1157 509 1340 544 abluimus.
1395 508 1564 543 Ysidorus
1602 518 1685 543 vero
1737 524 1739 537 ›

297 577 331 609 iu
365 576 455 610 libro
492 578 779 623 etymologiarum
813 578 882 611 ait:
923 576 1150 620 Hieronymus
1183 577 1284 610 trium
1316 575 1513 620 linguarum
1554 575 1687 608 exstitit

299 643 445 684 perium,
473 643 572 687 eujus
600 645 843 688 interpretatio
868 644 1018 677 caeteris
1047 641 1261 684 antefertur,
1300 642 1462 686 quoniam
1496 643 1530 675 et
1558 639 1684 675 verbo-

300 717 370 739 rum
399 709 554 741 tenacior
581 713 634 743 est
654 713 686 742 et
701 710 952 753 perspicuitate
974 708 1170 742 sententiae
1198 707 1340 750 clarior,
1366 711 1540 752 tamquam
1565 710 1686 751 utpote

300 781 320 804 a
341 771 533 806 christiano
565 775 794 818 ¹)interprete
821 775 950 808 verior.
997 772 1034 806 In
1053 773 1206 818 dyalogo
1227 783 1365 818 quoque
1385 773 1505 807 Severi
1525 771 1686 816 discipuli

300 837 412 869 sancti
437 836 605 880 Martini,
639 840 698 884 qui
724 840 800 884 ejus
827 843 983 883 tempore
1009 838 1091 880 suit,
1127 839 1179 872 sic
1216 837 1259 872 de
1287 838 1494 882 Hieronymo
1520 840 1684 883 scriptum

301 901 459 937 liabetur.
519 903 746 950 llieronynus
791 908 934 949 praeter
967 903 1049 938 fidei
1091 905 1248 938 meritum
1295 903 1480 949 dotemque
1525 905 1687 938 virtutum

301 979 367 1002 non
398 970 507 1004 solum
535 970 652 1004 latinis
679 976 782 1016 atque
812 971 965 1015 graecis,
994 969 1057 1004 sed
1086 971 1189 1004 eliam
1218 968 1384 1004 hebraeis
1410 970 1459 1003 ita
1484 969 1610 1004 litteris
1637 971 1687 1004 in-

302 1039 454 1069 structns
488 1039 560 1078 est,
596 1041 632 1071 ut
665 1047 702 1071 se
734 1036 785 1070 illi
819 1037 853 1069 in
886 1036 975 1070 omni
1005 1037 1153 1070 seientia
1189 1045 1289 1070 nemo
1316 1035 1445 1070 audeat
1470 1045 1686 1081 comparare,

301 1104 354 1135 eui
384 1103 484 1148 jugis
517 1102 687 1137 adversus
719 1102 830 1136 malos
858 1111 975 1147 pugna
999 1106 1272 1147 perpetuumque
1296 1105 1482 1137 certamen.
1533 1101 1688 1137 Oderunt

303 1178 377 1201 eum
409 1167 599 1210 haeretici,
641 1169 723 1213 quia
756 1178 816 1202 eos
850 1169 1055 1214 impugnare
1096 1178 1164 1202 non
1209 1168 1333 1210 desiit,
1374 1168 1522 1203 oderunt
1553 1168 1686 1212 cleriei,

303 1235 386 1278 quia
411 1235 514 1268 vitam
541 1245 657 1269 eorum
682 1236 875 1268 insectatur
900 1238 934 1269 et
958 1235 1120 1276 erimina,
1155 1233 1218 1268 sed
1252 1234 1355 1279 plane
1388 1233 1471 1267 boni
1505 1245 1622 1270 omnes
1657 1240 1689 1270 et

302 1301 471 1335 mirantur
503 1305 536 1335 et
570 1300 730 1346 diligunt.
780 1300 866 1334 Nam
899 1301 957 1346 qui
993 1311 1067 1335 eum
1101 1299 1313 1334 haereticum
1346 1310 1424 1334 esse
1458 1301 1686 1343 arbitrantur,

302 1368 498 1409 insaniunt3
534 1371 628 1401 totus
660 1377 798 1412 semper
830 1368 863 1400 iu
890 1366 1064 1409 lectione,
1097 1369 1192 1401 totus
1222 1367 1255 1400 in
1283 1365 1384 1400 libris
1419 1371 1490 1409 est,
1526 1378 1593 1402 uon
1620 1368 1687 1410 die,

302 1443 367 1466 non
403 1436 503 1467 nocte
539 1434 749 1478 requiescit,
786 1436 845 1467 aut
877 1433 964 1479 legit
998 1432 1131 1478 aliquid
1167 1436 1226 1466 aut
1252 1442 1389 1478 semper
1415 1434 1550 1470 scribit.
1596 1433 1688 1468 Haec

301 1498 464 1533 Severus.
514 1497 555 1533 Et
580 1500 670 1533 sieut
693 1484 737 1534 *ex
757 1498 812 1533 liis
833 1499 948 1534 verbis
968 1503 1065 1544 patet
1081 1502 1114 1533 et
1131 1500 1220 1533 sieut
1237 1501 1339 1534 etiam
1358 1501 1432 1545 ipse
1450 1509 1557 1544 saepe
1576 1503 1686 1534 testa-

301 1568 367 1605 tur,
395 1564 522 1598 multos
540 1569 786 1609 persecutores
805 1569 838 1600 et
863 1566 989 1600 multos
1017 1564 1233 1600 detractores
1261 1576 1451 1611 perpessus
1479 1569 1541 1600 est.
1593 1565 1686 1606 Quas

301 1633 413 1664 tamen
448 1631 713 1674 persecutiones
739 1642 840 1676 quam
866 1631 1017 1666 libenter
1047 1633 1272 1675 sustinuerit,
1308 1635 1406 1677 patet
1433 1643 1475 1667 ex
1500 1642 1561 1674 eo,
1594 1632 1684 1678 quod

299 1696 350 1728 sic
378 1695 464 1729 dit-it
490 1697 522 1729 in
558 1696 710 1740 epistola
743 1696 787 1730 ad
819 1698 1015 1731 Assellam:
1053 1699 1189 1743 gratias
1214 1708 1284 1743 ago
1318 1698 1411 1741 Deo,
1444 1699 1526 1744 quia
1558 1698 1684 1745 dignus

298 1772 372 1795 sum
409 1761 569 1805 habitus,
603 1772 702 1807 quem
729 1762 844 1797 oderit
869 1762 1026 1805 mundus,
1056 1767 1089 1797 et
1115 1764 1304 1798 maleficum
1329 1774 1382 1798 me
1408 1765 1585 1809 garriunt,
1621 1763 1683 1798 sed

298 1829 372 1861 seio
405 1827 448 1861 ad
482 1838 625 1873 regumn
662 1829 846 1873 pervenire
881 1839 945 1873 per
976 1828 1153 1862 infamiam
1188 1832 1221 1863 et
1246 1829 1372 1863 bonam
1399 1829 1537 1866 samam.
1583 1828 1682 1863 lieni:
1720 1838 1721 1850 ¹

297 1894 425 1926 utinam
452 1893 496 1926 ob
523 1893 650 1927 domini
679 1895 742 1927 mei
770 1904 891 1928 nomen
921 1898 1026 1938 atque
1047 1895 1219 1938 justitiam
1240 1896 1403 1929 universa
1421 1905 1472 1929 me
1492 1893 1681 1928 infidelium
1718 1929 1719 1935 ,

297 1957 399 1991 turba
425 1959 677 2004 persequatur!
717 1960 844 1993 utinam
878 1960 910 1992 in
946 1959 1170 2003 opprobrium
1201 1971 1309 1995 meum
1336 1959 1486 1994 solidius
1514 1965 1682 2006 exsurgat

295 2024 350 2058 hie
375 2024 539 2059 mundus!
590 2024 740 2059 Tantum
767 2029 803 2058 ut
828 2034 964 2059 merear
995 2034 1015 2058 a
1041 2024 1180 2059 Christo
1207 2025 1344 2059 laudari
1372 2030 1405 2060 et
1429 2036 1515 2060 suae
1542 2027 1679 2070 pollici-
1716 2019 1719 2062 s

294 2090 439 2123 tationis
465 2100 610 2134 sperare
635 2090 835 2124 mercedem.
885 2089 994 2124 Grata
1021 2091 1140 2135 utiquc
1167 2095 1201 2125 et
1220 2091 1424 2126 desiderata
1442 2093 1591 2126 tentatio
1614 2096 1678 2135 est,

295 2157 393 2201 eujus
421 2157 609 2200 praemium
638 2166 656 2189 a
684 2155 822 2189 Christo
849 2160 1012 2200 speratur
1038 2157 1070 2189 in
1098 2157 1215 2200 coelo,
1249 2167 1311 2192 nec
1337 2157 1533 2193 maledictio
1558 2159 1677 2204 gravis

294 2227 366 2264 est,
418 2232 507 2267 quae
558 2222 674 2255 (lirina
723 2221 826 2255 laude
876 2226 1034 2256 mutatur.
1108 2221 1204 2257 Obiit
1252 2225 1347 2259 eirca
1392 2233 1502 2258 annos
1550 2223 1676 2258 domiui
1712 2232 1715 2246 ¹

293 2287 527 2323 cccxcviii.

361 2435 383 2459 ll
404 2433 455 2460 vd.
477 2437 519 2459 l‘r.
542 2432 625 2464 tegit:
648 2431 949 2465 interpretetur.
