1742 3005
308 101 403 152 Cap.
435 101 550 138 CXL.
622 102 678 138 De
710 108 839 138 sancto
870 100 1064 139 Matthaeo
1099 100 1286 152 apostolo.
1411 100 1491 139 627

102 206 190 239 verti
215 205 373 247 voluerit,
401 205 566 250 desperet
591 205 634 240 de
661 207 774 248 venia,
802 206 939 251 quando
965 209 1081 240 tantos
1107 207 1140 240 in
1156 205 1260 251 eulpa
1286 204 1376 241 tales
1398 215 1483 240 eon-

99 271 203 315 spicit
226 270 336 306 suisse
363 273 396 305 in
425 273 553 317 gratia.
601 271 798 306 Notandum
824 273 986 316 insuper,
1013 271 1104 317 quod
1132 270 1318 306 seeundum
1344 270 1483 306 beatum

98 336 319 371 Ambrosium
357 339 451 372 circa
484 338 744 371 conversionem
780 336 876 371 beati
910 337 1083 372 Matthaei
1115 336 1286 382 quaedam
1317 347 1358 371 ex
1386 340 1485 382 parte

97 400 248 444 medici,
283 403 453 447 quaedam
482 414 523 437 ex
550 408 648 448 parte
683 402 804 436 infirmi
831 404 966 441 sanati,
1003 402 1171 445 quaedam
1200 413 1241 436 ex
1267 406 1367 446 parte
1392 402 1486 436 modi

98 466 247 500 sanandi
280 468 558 504 considerantur.
617 467 653 501 In
687 467 820 501 medico
851 469 921 500 tria
952 466 1102 507 suerunt,
1138 467 1274 500 scilieet
1297 469 1484 511 sapientia,

98 543 188 578 quae
213 533 362 567 radicem
389 533 500 566 morbi
526 534 703 577 cognovit,
733 532 886 573 bonitas,
914 541 1004 576 quae
1031 531 1284 566 medicamenta
1310 531 1484 572 adhibuit,

97 599 274 643 potentia,
309 607 398 642 quae
426 599 537 641 ipsum
562 601 630 630 tam
656 597 774 631 subito
802 601 935 631 mutare
960 598 1084 641 potuit.
1134 597 1185 632 De
1216 596 1272 631 his
1294 597 1408 631 trihus
1435 598 1486 631 sic

97 663 186 698 idem
235 663 320 697 dicit
359 661 567 696 Ambrosius
611 663 646 696 in
687 672 840 707 persona
879 663 992 708 ipsius
1035 662 1232 698 Matthaei:
1275 662 1332 697 hie
1368 666 1487 708 potest

96 728 236 763 auferre
262 727 378 762 cordis
403 728 469 762 mei
497 727 652 762 dolorem
678 733 713 763 et
739 729 876 763 animae
902 728 1094 773 pallorem,
1122 730 1181 774 qui
1207 730 1304 762 novit
1328 728 1485 770 oeculta3

97 797 132 828 et
155 792 221 827 hoc
247 797 411 838 quantum
437 793 479 827 ad
508 795 666 838 primum.
713 793 829 828 Inveni
856 794 1045 836 medicum,
1073 795 1130 839 qui
1158 795 1190 827 in
1216 794 1324 828 coelis
1351 793 1487 828 habitat

95 863 131 894 et
155 861 190 892 in
215 860 324 893 terris
350 861 489 905 spargit
512 859 784 900 medicamenta;
817 859 883 893 hoo
915 863 1078 904 quantum
1103 859 1147 893 ad
1173 859 1372 893 secundum.
1422 859 1486 893 Hic

96 928 215 969 potest
239 924 336 958 solus
365 934 492 959 sanare
520 925 665 959 vulnera
688 935 788 966 mea,
824 926 882 970 qui
909 926 1020 958 nescit
1046 934 1127 966 sua,
1159 924 1226 958 hoc
1249 929 1414 970 quantum
1441 925 1486 959 ad

95 992 245 1025 tertium.
293 989 329 1024 In
356 992 433 1035 ipso
462 995 577 1025 autem
604 989 736 1024 infirmo
764 994 910 1032 sanato,
937 989 1073 1024 scilicet
1098 992 1130 1024 in
1159 989 1264 1025 beato
1290 990 1484 1033 Matthaeo‚

95 1057 164 1090 tria
187 1056 466 1102 considerantur,
494 1055 800 1102 seeundumquod
827 1057 940 1091 dictus
966 1055 1174 1090 Ambrosius
1200 1056 1367 1092 ostendit.
1404 1056 1484 1100 Ipse
1538 1093 1542 1097 ,

96 1130 242 1166 namque
259 1121 414 1156 morbum
438 1121 593 1166 perfecte
617 1123 809 1167 ¹)ouravit‚
836 1123 970 1157 curanti
996 1125 1119 1167 gratus
1147 1122 1282 1156 exstitit
1306 1126 1339 1156 et
1363 1122 1398 1155 in
1424 1131 1483 1156 sa-

96 1187 205 1221 nitate
237 1191 379 1232 recepta
413 1197 553 1233 semper
586 1188 744 1222 mundum
773 1199 810 1222 se
836 1188 1001 1222 servarit.
1049 1186 1146 1221 Unde
1170 1189 1236 1221 ait:
1272 1186 1486 1232 sequebatur

95 1251 298 1287 Matthaeus
319 1253 392 1298 jam
418 1253 532 1288 iaetus
559 1258 593 1288 et
616 1254 734 1288 alacer
756 1258 789 1288 et
809 1253 1007 1288 exsultabat
1026 1253 1164 1287 dicens:
1187 1254 1261 1297 Jam
1280 1264 1346 1287 non
1367 1253 1482 1298 pubii-

95 1328 216 1353 canum
241 1329 348 1364 gero,
379 1320 452 1364 jam
479 1330 546 1353 non
575 1324 677 1364 porto
705 1319 809 1361 Levi,
846 1321 925 1353 exui
949 1318 1055 1360 Levi,
1090 1323 1276 1363 postquam
1308 1319 1483 1354 Christum

97 1384 216 1426 indui;
245 1388 279 1418 et
304 1383 370 1418 hoe
390 1395 457 1429 quo
478 1384 521 1418 ad
544 1386 701 1429 primum.
751 1384 817 1419 Odi
838 1395 950 1430 genus
967 1396 1091 1427 meum,
1120 1385 1217 1431 fugio
1238 1386 1340 1419 vitam
1359 1396 1482 1428 meam,

96 1450 207 1484 solum
234 1455 270 1484 te
298 1460 444 1495 sequor,
481 1450 618 1485 domine
651 1450 756 1491 Jesu,
795 1452 852 1495 qui
886 1460 992 1484 sanas
1022 1451 1167 1486 vulnera
1192 1460 1288 1492 mea3
1323 1451 1390 1484 hoo
1416 1462 1484 1495 quo

96 1515 142 1550 ad
168 1515 369 1551 secundum.
420 1515 504 1555 Quis
532 1521 597 1559 est,
625 1518 683 1562 qui
710 1527 762 1551 me
791 1522 934 1560 separat
959 1526 979 1550 a
1002 1517 1148 1550 caritate
1168 1516 1243 1557 Dei,
1268 1525 1358 1560 quae
1377 1517 1410 1549 in
1432 1526 1485 1550 me

97 1586 168 1624 est,
194 1581 375 1616 tribulatio
401 1591 445 1615 an
471 1584 636 1627 angustia
661 1591 705 1616 an
732 1583 869 1616 sames?
902 1581 967 1615 hoc
995 1593 1062 1626 quo
1091 1581 1136 1616 ad
1160 1583 1309 1616 tertium.
1358 1580 1486 1616 Modus

97 1651 212 1682 autem
247 1647 395 1682 sanandi
430 1647 617 1682 seeundum
651 1647 791 1682 beatum
825 1647 1046 1681 Ambrosium
1078 1647 1205 1692 triplex
1251 1647 1333 1681 suit:
1373 1648 1486 1692 primo

97 1715 186 1748 enim
227 1712 388 1748 Christus
425 1714 537 1758 ipsum
580 1713 726 1747 vinculis
765 1713 911 1759 ligavit,
952 1713 1105 1748 secundo
1146 1714 1336 1748 cauterium
1374 1715 1486 1758 ipsum

97 1780 299 1824 impressit,
332 1780 438 1814 tertio
473 1789 604 1813 omnem
639 1779 854 1824 putredinem
884 1779 1095 1816 emendavit,
1141 1779 1238 1815 Unde
1266 1782 1316 1814 ait
1339 1780 1488 1816 Ambro-

97 1846 170 1879 sius
196 1844 343 1890 loquens
371 1846 406 1878 in
432 1855 584 1890 persona
608 1844 796 1880 Matthaei:
831 1845 961 1892 ligatus
987 1856 1060 1879 sum
1086 1845 1168 1880 fidei
1191 1846 1301 1881 clavis
1327 1850 1361 1881 et
1385 1846 1488 1880 bonis

96 1909 324 1955 compedibus
350 1911 530 1953 caritatis,
557 1911 678 1953 aufer,
705 1911 808 1953 Jesu,
843 1922 996 1946 meorum
1022 1911 1225 1956 putredines
1250 1915 1488 1956 peecatorum,

98 1974 177 2008 dum
207 1975 319 2010 habes
354 1976 500 2010 vinculis
525 1978 684 2010 caritatis
710 1976 878 2022 ligatum,
914 1987 1018 2019 seca,
1053 1977 1284 2023 quodcunque
1312 1978 1502 2012 inveneris>

99 2041 274 2074 vitiosum.
321 2039 590 2085 Hoc'quantum
625 2041 668 2075 ad
704 2043 860 2086 primum.
911 2041 1020 2076 Omne
1056 2042 1254 2076 mandatum
1279 2047 1372 2076 tuum
1399 2043 1492 2076 sicut

100 2106 292 2140 cauterium
323 2105 528 2148 impressum
557 2105 684 2139 tenebo
718 2109 752 2139 et
786 2107 817 2139 si
848 2108 918 2139 urit
950 2107 1141 2140 cauterium
1167 2106 1341 2148 mandati,
1375 2110 1492 2141 tamen

100 2170 301 2216 putrefacta
343 2170 460 2203 earnis
500 2170 633 2211 exurit,
678 2171 768 2214 2)η(ε
801 2169 846 2204 ad
883 2172 978 2204 virus
1012 2174 1134 2215 serpat
1168 2173 1352 2218 contagio,
1390 2175 1425 2206 et
1460 2172 1492 2206 si

103 2235 239 2271 mordet
264 2234 572 2277 medicamentum,
606 2239 721 2270 tamen
753 2235 882 2270 ulceris
911 2235 1012 2270 tollet
1042 2237 1170 2270 vitium.
1220 2235 1293 2271 Hoc
1327 2240 1492 2282 quantum

101 2302 146 2335 ad
179 2301 377 2336 seeundum.
425 2299 514 2335 Veni
544 2301 634 2343 cito,
675 2301 831 2344 domine,
878 2301 1034 2336 incidens
1073 2301 1228 2336 occultas
1271 2302 1492 2337 et'latentes

102 2368 218 2402 varias
237 2367 437 2411 passioneS,
462 2367 560 2411 aperi
581 2367 650 2401 cito
672 2367 807 2409 vuinus,
836 2377 880 2402 ne
899 2368 1024 2401 noxius
1042 2370 1163 2412 serpat
1182 2367 1317 2410 humor,
1346 2366 1494 2402 emunda

103 2442 227 2474 omne,
270 2432 361 2477 quod
405 2431 570 2466 foetidum
606 2436 676 2474 est,
720 2433 908 2479 peregrino
942 2432 1099 2469 lavaero.
1147 2432 1218 2467 Hoc
1250 2436 1416 2478 quantum
1449 2431 1493 2467 ad

101 2499 257 2533 tertium.
305 2495 390 2542 Ejus
425 2500 539 2531 autem
572 2497 792 2543 evangelium
829 2507 919 2532 anno
957 2496 1085 2531 domini
1123 2497 1172 2540 D,
1206 2498 1299 2543 quod
1334 2497 1493 2533 manibus

104 2564 177 2597 suis
210 2564 424 2607 scripserat,
466 2572 541 2597 eum
573 2562 714 2597 ossibus
739 2563 834 2598 beati
860 2561 1044 2598 Barnabae
1070 2566 1244 2608 repertum
1277 2565 1343 2599 est.
1392 2562 1493 2604 Quod

174 2662 201 2694 1)
221 2661 296 2688 Alii':
321 2661 438 2688 exuit.
544 2662 572 2693 2)
598 2660 651 2687 Ed.
679 2663 723 2687 l’r²
752 2659 845 2688 male:
878 2669 944 2687 nec
964 2660 1009 2686 ad
1035 2659 1179 2688 vitium
1205 2665 1370 2696 usurpat
1397 2666 1494 2689 cont.

107 2709 176 2735 Rev.
196 2706 314 2739 legunt:
336 2715 380 2733 ne
399 2710 438 2733 nt
458 2705 566 2732 virus
587 2710 641 2733 etr.

1129 2757 1209 2790 40*
