1742 3005
269 109 349 148 744
458 110 552 159 Cap.
584 107 752 145 CLXVI.
819 108 877 144 De
909 114 1039 145 sancto
1071 109 1235 146 Mar-tino
1266 110 1460 161 episcope.

268 216 389 261 palatii
423 213 492 247 sibl
524 212 641 246 claudi
672 211 764 246 tecit.
813 212 859 246 At
893 212 1065 247 Martinus
1098 213 1204 248 semel
1242 217 1345 259 atque
1377 217 1500 250 iterum
1527 225 1654 260 passus

270 280 444 324 repulsam
472 278 589 312 cilicio
616 277 803 312 obvolutus
829 282 862 312 et
885 280 1002 313 cinere
1025 288 1238 323 conspersus
1264 290 1327 324 per
1346 280 1654 316 unamhebdoma-

270 346 348 379 dam
376 345 444 379 cibi
472 347 506 379 et
530 347 634 389 potus
659 343 873 378 abstinentia
899 348 1105 378 maceratur.
1154 344 1253 379 Tune
1278 349 1438 380 monente
1464 347 1591 391 angelo
1611 346 1657 380 ad

269 411 436 456 palatium
463 412 558 445 veuit
582 414 617 444 et
641 409 735 443 nullo
763 410 829 443 sibi
857 409 1068 455 prohibente
1099 409 1142 444 ad
1171 412 1416 456 imperatorem
1440 421 1550 456 usque
1575 423 1656 456 per-

271 478 365 512 venit
426 476 533 516 Quem
558 486 632 509 cum
658 477 851 510 venientem
880 475 1032 518 videret,
1059 478 1183 517 iratus,
1213 478 1294 522 quia
1322 477 1446 512 suisset
1471 477 1658 519 admissus,

271 545 303 578 ei
329 553 518 588 assurgere
544 542 676 583 uoluit,
711 542 823 576 donee
859 542 980 576 sellam
1014 543 1147 588 regiam
1179 543 1271 588 iguis
1306 544 1463 588 operiret
1489 547 1521 577 et
1547 544 1660 588 ipsum

270 611 515 653 imperatorem
551 618 573 642 a
606 611 706 653 parte
739 609 928 652 posteriori
966 609 1059 653 iguis
1103 609 1342 644 succenderet.
1393 608 1494 642 Tunc
1537 612 1660 643 sancto

269 674 423 709 Mai-tino
458 675 567 708 iratus
602 684 794 719 assurgens
829 674 987 707 virtutem
1021 673 1173 708 divinam
1206 685 1245 709 se
1281 676 1438 709 sensisse
1474 673 1659 708 consessus

269 744 324 775 est
356 740 567 784 uuiltumque
602 740 712 783 ipsum
745 739 979 782 complectens
1014 739 1080 773 sibi
1114 742 1246 781 omnia,
1283 744 1466 785 antequam
1501 743 1659 785 rogaret,

271 807 445 840 concessit
480 804 656 850 multaque
690 813 832 837 numera
866 803 1012 845 obtulit,
1046 804 1106 838 sed
1136 804 1310 839 Martinus
1336 817 1402 839 non
1429 807 1575 850 aceepit.
1622 804 1661 840 Iu

269 871 390 906 eodem
417 882 555 916 quoque
581 870 734 915 ‹lyalogo
762 869 903 915 legitur,
931 869 1082 914 qualiter
1104 872 1242 905 tertium
1269 875 1436 904 mortuum
1464 873 1659 905 suscitavit.

271 938 354 972 Cum
391 939 479 972 euim
513 936 652 981 quidam
689 937 831 981 juvenis
858 935 1044 970 ‹lesuuetus
1071 935 1197 971 suisset
1221 940 1255 971 et
1280 940 1391 970 mater
1416 947 1479 981 pro
1506 938 1660 971 resusci-

268 1006 404 1038 tatione
440 1003 501 1037 lilii
545 1003 682 1037 beatum
714 1001 903 1036 Martiuum
947 1001 1108 1046 lacrymis
1150 1006 1333 1044 exoraret,
1378 1004 1444 1036 iste
1478 1003 1511 1036 in
1546 1002 1660 1036 medio

270 1072 400 1114 campi,
433 1069 492 1103 ubi
529 1072 605 1103 erat
637 1067 900 1102 innumerabilis
926 1067 1107 1101 multitudo
1134 1069 1337 1114 gentilium,
1363 1078 1479 1114 genua
1504 1068 1601 1102 flexit
1627 1072 1661 1103 et

268 1138 400 1170 cunctis
436 1134 637 1169 videntibus
672 1144 759 1178 puer
791 1135 955 1168 surrexit.
1005 1133 1228 1178 Quapropter
1262 1145 1381 1168 omnes
1422 1134 1471 1167 illi
1508 1134 1661 1179 gentiles

269 1202 314 1236 ad
349 1200 450 1236 tidem
487 1202 649 1235 conversi
687 1204 779 1235 sunt.
827 1198 946 1234 Eidem
986 1210 1124 1244 quoque
1168 1201 1242 1233 viro
1283 1204 1403 1235 sancto
1447 1200 1662 1235 obediebant

274 1270 376 1303 etiam
409 1266 644 1308 insensibilia,
677 1265 894 1312 vegetabilia
929 1269 962 1300 et
989 1264 1259 1299 irrationabilia.
1305 1264 1530 1300 Inseusibilia
1572 1267 1664 1300 sicut

270 1336 364 1381 ignis
401 1337 435 1368 et
466 1343 572 1379 aqua.
629 1332 714 1367 Nam
753 1342 854 1378 quum
890 1333 923 1365 iu
960 1332 1108 1377 quodam
1143 1331 1224 1365 fauo
1258 1333 1373 1377 ignem
1409 1334 1582 1375 misisset,
1627 1334 1663 1366 iu

271 1401 374 1435 domo
404 1401 566 1445 proxima
590 1399 806 1434 adhaerente
839 1402 967 1443 agente
997 1401 1098 1432 vento
1124 1398 1261 1432 lla-uuna
1288 1397 1513 1434 efferebatur.
1561 1398 1662 1433 Tunc

270 1467 445 1502 Martinus
477 1476 584 1510 super
616 1464 743 1500 tectum
779 1464 901 1498 domus
935 1463 1155 1498 adscendens
1190 1463 1328 1498 obvium
1360 1474 1398 1499 se
1425 1464 1569 1499 ssanuuis
1595 1464 1661 1498 ad-

270 1532 492 1568 venientibus
518 1532 677 1565 inseruit.
725 1530 810 1566 Mox
836 1535 958 1564 eontra
984 1531 1050 1564 vim
1075 1531 1168 1564 venti
1196 1529 1332 1564 flamma
1360 1535 1601 1576 retorquetur,
1626 1534 1664 1565 ut

272 1598 455 1633 conflictus
490 1596 628 1641 quidam
661 1598 966 1642 compugnantium
1003 1597 1094 1630 iuter
1126 1606 1164 1630 se
1197 1596 1444 1631 elementorum
1472 1596 1661 1632 videretur.

269 1664 378 1699 Navis
404 1664 507 1698 etiam
533 1662 702 1707 quaedam
728 1673 801 1696 cum
837 1662 1114 1706 periclitaretur,
1152 1665 1189 1695 ut
1224 1663 1257 1696 iu
1290 1662 1471 1707 praedicto
1507 1662 1661 1708 dyalogo

270 1730 422 1775 legitur,
458 1728 596 1774 quidam
632 1729 834 1773 negotiator
869 1727 1013 1762 necdum
1050 1727 1264 1762 christianus
1299 1728 1524 1762 exclamavit:
1566 1727 1659 1762 Deus

269 1796 416 1831 Martini
442 1796 538 1839 eripe
564 1804 640 1836 nos,
667 1798 701 1829 et
729 1795 844 1828 statim
861 1793 1097 1839 tranquillitas
1118 1803 1245 1838 magna
1265 1794 1447 1827 successit.
1495 1793 1662 1826 Similiter

270 1861 499 1907 vegetabilia.
547 1859 631 1894 Nam
659 1870 733 1893 cum
761 1861 794 1893 iu
820 1859 968 1904 quodam
996 1859 1073 1892 loco
1100 1859 1261 1902 templum
1294 1859 1572 1902 antiquissimum
1602 1857 1657 1891 di-

272 1929 402 1961 ruisset
437 1931 471 1960 et
508 1926 670 1960 arborem
706 1926 778 1969 pini
815 1924 965 1968 dyabolo
1004 1923 1198 1958 dedicatam
1234 1923 1340 1957 vellet
1374 1922 1557 1965 excidere,
1594 1922 1657 1956 ob-

271 1993 478 2027 sistentibus
513 1992 653 2025 rusticis
686 1994 720 2025 et
753 1989 944 2034 gentilibus
970 1999 1057 2022 unus
1084 1999 1200 2022 eorum
1232 1988 1338 2022 dixit:
1373 1989 1402 2021 si
1429 1987 1472 2022 de
1496 1988 1570 2022 Deo
1599 1992 1659 2022 tuo

270 2058 432 2092 fiduciam
467 2056 599 2097 habes,
633 2065 697 2089 nos
730 2055 819 2088 lianc
844 2053 1005 2089 arborem
1031 2053 1251 2088 succidemus
1283 2057 1318 2088 et
1341 2057 1376 2087 tu
1403 2063 1477 2088 eam
1505 2054 1660 2098 suscipe,

272 2128 306 2159 et
333 2125 363 2158 si
388 2128 499 2158 tecum
524 2126 578 2156 est
594 2122 684 2156 Deus
700 2125 793 2163 tuus,
820 2123 858 2154 ut
883 2119 984 2161 dicis,
1012 2118 1153 2154 evades.
1204 2119 1279 2159 Quo
1305 2124 1477 2154 aunuente
1502 2121 1661 2154 succisae

270 2190 389 2224 arbori
417 2193 451 2223 et
473 2190 546 2234 Jam
573 2197 696 2222 versus
722 2197 796 2221 eum
825 2185 952 2220 ibidem
976 2186 1120 2231 ligatum
1150 2184 1288 2219 cadenti
1308 2185 1444 2230 signum
1464 2187 1576 2220 crucis
1595 2196 1659 2230 op-

270 2256 390 2300 posuit
408 2259 440 2289 et
457 2256 489 2287 in
509 2254 612 2288 aliam
634 2257 765 2297 partem
780 2251 918 2286 rediens
930 2252 1096 2293 rusticos,
1125 2251 1181 2296 qui
1202 2251 1234 2285 in
1253 2254 1327 2285 tuto
1348 2250 1426 2285 loeo
1446 2255 1556 2293 erant,
1585 2250 1659 2285 sero

270 2322 468 2365 oppressit,
500 2320 557 2365 qui
586 2320 659 2353 viso
685 2318 853 2352 miraculo
879 2316 923 2351 ad
951 2316 1048 2351 iidem
1073 2318 1235 2351 conversi
1260 2320 1350 2351 sunt.
1398 2315 1659 2351 Irrationabilia

270 2396 409 2432 quoque
434 2384 600 2419 animalia
626 2383 695 2417 sibi
724 2383 856 2428 pluries
882 2381 1111 2424 obedierunt,
1144 2383 1234 2416 sicut
1258 2382 1389 2428 legitur
1416 2384 1448 2417 in
1474 2383 1656 2428 praedicto

270 2451 437 2496 dyalogo.
487 2450 568 2484 Cum
588 2451 674 2484 enim
695 2459 800 2483 canes
818 2449 1031 2494 lepusculum
1050 2450 1274 2494 insequentes
1293 2448 1452 2489 vidisset,
1478 2448 1659 2492 imperavit

271 2516 435 2557 canibus,
470 2520 506 2549 ut
540 2515 665 2549 animal
702 2516 837 2559 insequi
875 2514 1096 2549 desisterent.
1156 2514 1241 2550 Mox
1276 2513 1329 2547 illi
1359 2515 1587 2548 constiterunt
1623 2515 1657 2546 et

269 2583 368 2624 quasi
397 2582 500 2615 vincti
526 2582 558 2614 iu
579 2582 652 2615 suis
678 2581 838 2625 vestigiis
865 2578 923 2613 lixi
948 2583 1158 2616 manserunt.
1207 2580 1360 2624 Serpens
1379 2580 1480 2612 etiam
1499 2576 1652 2621 quidam,

268 2656 341 2679 cum
370 2647 505 2680 fluvium
533 2645 702 2691 «pieridum
730 2646 881 2679 natando
908 2646 1085 2688 transiret,
1112 2644 1284 2679 Martinus
1301 2645 1351 2677 ait
1368 2641 1411 2676 ad
1439 2646 1653 2685 serpentem:

269 2712 302 2745 in
329 2711 464 2745 nornine
491 2711 620 2745 domini
642 2712 751 2755 jubeo
781 2715 814 2746 te
841 2710 966 2746 redire.
1015 2710 1099 2746 Mox
1132 2721 1171 2745 se
1202 2709 1247 2744 ad
1284 2708 1422 2743 verbum
1457 2709 1567 2742 sancti
1599 2718 1653 2744 re-
