1742 3005
257 46 338 87 280
505 47 604 97 Cap.
635 44 773 84 LXIII.
829 45 888 83 De
918 49 1049 83 sancto
1079 43 1193 82 Petro
1226 43 1392 81 martire.

256 152 340 188 Cum
366 162 451 197 ergo
475 150 674 184 haereticus
701 158 740 184 se
765 147 927 194 obligare
952 148 1078 192 nollet,
1114 148 1239 183 beatas
1260 148 1384 183 Petrus
1417 157 1492 183 cum
1516 156 1645 193 inagna

257 216 384 250 fiducia
415 215 519 249 dixit:
559 213 603 248 ad
638 213 724 257 hoc,
760 212 854 259 quod
893 223 996 247 verus
1030 213 1125 248 Deus
1149 213 1338 248 visibilium
1364 219 1397 248 et
1422 212 1645 247 invisibilium

259 286 397 316 creator
420 283 632 315 monstretur
656 283 690 313 et
713 278 758 312 ad
785 278 1061 313 consolationem
1087 277 1237 313 fidelium
1274 283 1309 313 et
1340 279 1383 313 ad
1407 279 1647 313 confusionem

257 347 513 382 haereticorum
540 356 630 391 rogo
658 344 789 386 Deum,
814 347 853 378 ut
876 343 996 389 aliqua
1019 343 1192 378 nubecula
1218 343 1410 378 adscendat
1435 349 1470 379 et
1494 355 1532 379 se
1559 345 1649 378 inter

258 412 368 447 solem
394 416 427 447 et
451 411 617 458 populum
643 413 855 455 interponat.
905 409 1005 449 Quod
1039 420 1119 443 mox
1151 410 1347 454 praemisso
1380 411 1494 444 crucis
1526 411 1648 455 signa-

257 478 336 513 culo
363 478 490 513 factum
518 478 602 520 fuit,
635 487 699 522 per
724 485 883 521 magnam
910 474 1031 509 horam
1055 476 1091 509 in
1114 474 1250 509 modum
1274 475 1463 521 papilionis
1488 475 1652 519 populum

258 542 431 578 nubecula
456 548 677 589 protegente.
703 561 749 567 —-
770 560 816 566 ——
837 560 883 567 —
921 545 968 579 3.
995 541 1203 575 Contractus
1230 541 1391 586 quidam,
1417 541 1555 574 nomine
1581 539 1647 574 As-

261 609 386 644 serbus
414 620 489 644 cum
526 620 591 655 per
623 610 775 659 quinque
808 617 918 641 annos
959 608 1147 641 mansisset
1180 611 1403 649 contractus,
1445 607 1496 640 ita
1527 609 1564 639 ut
1590 616 1654 651 per

260 679 388 709 terram
413 677 448 709 in
475 676 630 709 sextario
650 673 862 714 traheretur,
888 672 1128 707 Mediolanum
1153 672 1196 706 ad
1216 672 1355 707 beatum
1375 672 1512 707 Petrum
1531 671 1654 705 ductus

262 741 348 775 fuit:
375 751 475 785 quem
501 750 576 773 cum
602 739 730 772 beatus
754 737 878 783 Petrus
904 739 1101 782 signasset,
1129 739 1291 771 continuo
1318 742 1460 771 sanatus
1487 739 1653 772 surrexit.

262 805 442 845 Quaedam
468 806 570 840 etiam
596 803 783 845 miracula,
814 812 905 847 quae
934 813 996 847 per
1023 812 1099 836 eum
1125 801 1296 844 dominus,
1323 802 1402 836 dum
1430 804 1575 844 viveret,
1602 803 1654 837 se-

261 873 328 913 cit,
364 870 588 905 Innocentius
615 871 649 903 in
674 868 856 914 praedicta
883 868 1035 913 epistola
1060 869 1184 903 recitat
1210 867 1350 902 dicens:
1385 868 1566 913 cujusdam
1592 879 1655 902 no-

262 935 345 969 bilis
382 936 488 969 filium
520 946 606 980 prae
642 935 746 968 nimio
783 939 817 968 et
850 933 1013 968 horribili
1043 935 1151 968 totius
1184 934 1289 979 gulae
1314 938 1448 968 tumore
1471 945 1536 969 nec
1561 934 1656 979 loqui

264 1012 326 1035 nec
359 1003 498 1046 spirare
533 1001 705 1035 valentem
738 999 864 1033 levatis
902 999 946 1033 ad
972 999 1145 1033 dominum
1171 1000 1329 1034 manibus
1355 1004 1389 1034 et
1415 1002 1526 1034 crucis
1555 1001 1590 1033 in
1616 1011 1657 1034 eo

265 1067 358 1101 facto
383 1066 567 1111 signaculo
595 1066 727 1110 illoque
754 1066 948 1109 accipiente
983 1067 1095 1110 ipsius
1129 1075 1277 1110 cappam
1310 1070 1344 1100 et
1369 1066 1501 1100 infirmo
1527 1077 1658 1111 suppo-

264 1136 369 1166 nente
407 1142 482 1166 eum
515 1131 610 1165 illico
645 1131 793 1164 sanavit.
840 1129 934 1165 Idem
964 1131 1094 1165 nobilis
1120 1131 1317 1166 vehementi
1337 1132 1554 1175 postmodum
1581 1142 1658 1166 cor—

264 1199 361 1242 poris
388 1199 540 1232 tortione
565 1200 755 1242 gravatuS,
790 1195 937 1230 credens
964 1201 998 1230 et
1020 1201 1176 1230 metuens
1202 1196 1328 1231 exinde
1353 1198 1422 1232 sibi
1446 1199 1569 1230 mortis
1596 1199 1658 1230 im-

266 1265 397 1298 minere
425 1263 611 1297 discrimen
635 1272 781 1308 cappam
807 1263 938 1306 ipsam,
974 1272 1077 1307 quam
1111 1265 1235 1296 extunc
1261 1267 1553 1304 conservavemt,
1603 1274 1659 1297 re—

267 1333 429 1363 verenter
454 1328 537 1363 fecit
561 1328 701 1371 afferri,
736 1338 804 1373 qua
829 1338 893 1361 suo
921 1330 1086 1373 apposita
1110 1329 1244 1373 pectori
1268 1339 1349 1362 mox
1375 1339 1522 1363 vermem
1552 1340 1661 1373 quen-

269 1394 348 1428 dam
384 1394 451 1428 duo
491 1393 677 1428 habentem
712 1395 830 1438 capita
862 1399 896 1429 et
929 1394 1077 1439 pilorum
1114 1394 1288 1429 densitate
1322 1394 1482 1429 villosum
1510 1396 1663 1429 evomuit

267 1461 374 1505 plena
398 1460 607 1496 liberatione
631 1464 764 1494 secuta.
816 1459 961 1494 Cuidam
980 1461 1102 1505 juveni
1131 1465 1245 1502 muto,
1283 1461 1438 1494 immisso
1474 1462 1508 1495 in
1542 1472 1582 1495 os
1610 1460 1663 1494 ‹li-

269 1527 344 1570 gito
371 1536 525 1570 suaeque
548 1526 692 1571 linguae
718 1526 833 1560 soluto
860 1526 1027 1572 ligamine
1050 1526 1256 1562 beneficium
1284 1526 1448 1571 loquelae
1477 1529 1662 1561 concessit.

270 1590 364 1625 llaec
389 1594 423 1625 et
450 1590 522 1624 alia
547 1590 669 1635 plura,
705 1591 784 1625 dum
818 1593 973 1635 viveret,
1007 1592 1172 1638 dignatus
1212 1596 1265 1627 est
1302 1604 1365 1637 per
1399 1603 1475 1627 eum
1507 1592 1664 1627 dominus

271 1657 423 1701 operari.
450 1677 493 1681 —
517 1677 561 1681 ——
585 1677 628 1681 —
667 1660 713 1693 4.
748 1656 874 1691 Verum
907 1668 981 1691 cum
1012 1660 1124 1702 pestis
1160 1658 1340 1693 haeretica
1372 1660 1407 1692 in
1431 1658 1666 1693 Lombardiae

271 1724 452 1766 provincia
476 1722 666 1767 pullularet
691 1726 725 1757 et
751 1722 875 1755 multas
898 1723 972 1766 jam
995 1725 1156 1758 civitates
1178 1726 1391 1769 contagione
1417 1725 1589 1769 pestifera
1614 1726 1666 1758 in-

274 1787 438 1830 fecisset,
473 1798 624 1822 summus
651 1789 808 1833 pontifex
841 1788 885 1822 ad
914 1792 1046 1832 pestem
1073 1788 1289 1833 dyabolicam
1316 1790 1523 1824 abolendam
1550 1790 1665 1824 diver-

274 1863 333 1887 sos
359 1854 587 1898 inquisitores
623 1854 666 1888 de
703 1854 824 1889 ordiile
858 1854 1141 1898 praedicatorum
1176 1855 1211 1888 in
1247 1854 1397 1888 diversis
1432 1855 1669 1890 Lonibardiae

275 1920 434 1964 partibus
464 1919 654 1965 delegavit.
702 1919 771 1953 Sed
795 1930 869 1953 eum
895 1919 986 1964 apud
1011 1919 1249 1954 Mediolanum
1273 1919 1441 1955 baeretici
1463 1931 1531 1954 non
1558 1920 1669 1954 solum

274 1984 371 2018 multi
396 1996 559 2027 numero,
596 1985 658 2020 sed
696 1986 801 2019 etiam
826 1986 1003 2019 saeculari
1036 1987 1194 2031 potentia
1229 1988 1323 2020 acuti
1348 1985 1572 2020 framlulenta
1597 1986 1671 2020 elo-

277 2052 420 2094 quentia
442 2055 476 2085 et
492 2051 586 2095 pleni
607 2050 792 2095 dyabolica
809 2052 956 2087 seientia
976 2051 1184 2094 residerent,
1211 2062 1361 2086 summus
1380 2052 1537 2097 pontifex
1558 2053 1672 2086 sciens

276 2119 311 2150 ct
339 2116 542 2161 intelligens
566 2116 705 2151 beatum
730 2117 869 2152 Petrum
896 2119 1004 2152 virum
1032 2128 1111 2152 esse
1136 2119 1411 2164 magnanimum,
1448 2119 1506 2163 qui
1535 2117 1578 2151 ab
1606 2118 1670 2150 ho-

277 2183 379 2215 stium
408 2182 627 2217 multitudine
654 2194 721 2217 non
750 2188 907 2229 paveret,
933 2183 1212 2219 animadvertens
1238 2194 1376 2228 quoque
1403 2184 1480 2229 ejus
1508 2186 1672 2216 constan-

276 2249 346 2280 tem
372 2248 549 2288 virtutcm,
574 2259 638 2292 per
663 2259 764 2293 quam
790 2249 1072 2283 adversariorum
1100 2250 1279 2293 potentiae
1306 2260 1369 2283 nec
1396 2250 1428 2283 in
1452 2248 1586 2282 modico
1614 2259 1671 2283 ce-

281 2312 398 2354 deret,
435 2323 654 2357 cognoscens
689 2316 792 2348 ctiam
820 2315 896 2359 ejus
922 2314 1141 2358 facundiam,
1176 2326 1240 2359 per
1265 2325 1366 2360 quam
1394 2315 1496 2349 facile
1521 2314 1674 2349 haereti-

282 2388 399 2413 corum
434 2378 594 2413 fallacias
631 2379 833 2425 detegeret,
871 2391 940 2414 non
978 2382 1147 2426 ignorans
1184 2383 1328 2426 insuper
1363 2382 1475 2426 ipsum
1498 2382 1534 2414 in
1558 2380 1675 2414 divina

282 2444 383 2489 plene
411 2445 587 2488 sapientia
612 2445 795 2488 eruditum,
821 2456 885 2491 per
912 2456 1013 2491 quam
1040 2446 1166 2481 frivola
1190 2446 1445 2482 haereticorum
1471 2433 1675 2491 argumenta

284 2509 542 2544 rationabiliter
564 2510 784 2553 confutaret,
825 2512 935 2556 ipsum
964 2516 1032 2547 tam
1059 2517 1236 2547 strenuum
1262 2512 1343 2548 fidei
1368 2511 1522 2557 pugilem
1548 2513 1582 2543 et
1607 2513 1674 2542 tam

285 2574 496 2609 indefessum
523 2575 650 2609 domini
684 2575 893 2612 bellatorem
922 2579 955 2612 in
981 2578 1183 2614 Mediolano
1210 2582 1244 2613 et
1283 2578 1359 2622 ejus
1383 2576 1547 2610 comitatu
1572 2576 1674 2609 insti-

283 2639 369 2681 tuit,
405 2645 438 2673 ct
463 2643 705 2686 inquisitorem
738 2653 835 2678 suum
869 2645 1081 2678 auctoritate
1109 2652 1277 2678 concessa
1302 2641 1462 2686 plenaria
1487 2641 1673 2677 ordinarit.
