1742 3005
132 140 228 189 Cap.
258 137 539 175 CCXXXVIII.
595 136 656 173 De
685 142 814 173 sancto
844 135 1020 172 Anselmo
1050 135 1244 185 episcopo.
1301 132 1379 172 951

17 243 78 272 sed
95 243 186 270 ultrix
202 251 307 270 manus
326 241 441 269 domini
457 242 514 268 hoc
530 241 711 277 impunitmn
728 249 789 268 non
807 239 943 275 pertulit,
962 250 1030 267 nam
1047 248 1122 267 unus
1141 249 1178 266 ex
1194 239 1231 267 iis
1248 239 1310 267 ictu
1327 239 1387 267 ful-

18 289 97 322 guris
122 288 250 321 interiit,
276 287 352 315 alius
373 286 468 323 *etiam
490 295 573 314 more
599 286 662 314 Arii
688 285 717 312 in
743 285 960 319 sterquilinium
978 285 1076 312 omnia
1094 285 1235 312 intestina
1253 286 1316 320 ejus
1335 285 1387 312 de-

18 334 121 370 posuit
136 333 349 366 indignamque
365 332 460 359 vitam
476 331 597 364 indigna
615 335 711 358 morte
728 330 836 359 finivit.
871 334 997 363 Postque
1016 330 1265 357 constructionem
1282 338 1389 357 coeno-

18 379 138 406 biorum
159 383 189 406 et
213 378 421 406 miraculorum
442 376 602 404 multorum
629 374 832 411 operationem
859 379 887 402 et
913 379 982 410 post
1005 374 1125 403 labores
1149 375 1310 403 immensos
1337 384 1390 410 pro

20 424 143 452 domino
162 423 281 451 felicem
298 423 411 450 exit-um
428 421 510 449 fecit.

386 745 509 811 GAP.
541 742 838 809 ccxxxvln.
875 741 1037 808 (209.)

190 847 288 891 De
323 844 541 890 sancto
569 843 878 889 Anselmo
918 843 1230 898 episcopo.

128 958 214 983 Auno
241 955 355 982 domini
373 954 533 982 millesimo
551 956 617 980 LXI
639 952 739 978 floruit
757 951 901 983 gloriosus
920 950 1162 985 archiepiscopus
1182 952 1399 980 Cantuariensis

29 1004 148 1028 sanctus
173 999 340 1027 Anselmus.
376 999 430 1026 Hic
457 998 514 1025 fnit
537 1007 574 1024 ex
597 996 725 1023 confinio
744 995 968 1027 Longobardiae
988 1001 1017 1022 et
1034 995 1221 1027 Burgundiae
1241 996 1400 1025 oriumlu>;;

29 1044 136 1072 litteris
159 1044 286 1072 traditus
313 1044 419 1070 didicit
443 1047 473 1070 et
496 1043 527 1069 in
551 1040 639 1068 bren·
663 1040 788 1067 multum
811 1039 955 1075 profecit,
981 1040 1109 1067 necdum
1127 1043 1181 1067 XV
1200 1041 1305 1068 aetatis
1332 1052 1402 1069 suae¹

30 1100 140 1117 annum
167 1089 344 1122 contigerat,
368 1098 434 1116 cum
458 1089 530 1122 jain,
564 1085 690 1119 qualiter
713 1085 805 1112 vitam
831 1095 914 1112 suani
940 1085 1103 1112 secundum
1128 1088 1221 1111 Deum
1247 1085 1403 1114 instituere

30 1140 134 1171 posset
151 1134 267 1166 melius,
284 1138 383 1161 mente
401 1132 556 1159 tractabat.
592 1130 719 1165 Expleto
738 1134 835 1157 autem
852 1130 951 1163 aliquo
968 1135 1103 1165 tempore
1118 1129 1243 1164 patriam
1259 1139 1403 1163 egressus,

30 1190 99 1208 cum
117 1180 148 1206 in
164 1184 337 1206 transcensu
352 1177 461 1205 montis
475 1176 626 1211 cujusdam
643 1175 782 1207 fatigatus
799 1184 921 1210 corpore
941 1175 1090 1207 deficeret,
1110 1175 1188 1201 vires
1203 1183 1270 1202 suas
1287 1176 1405 1209 juvenis

32 1224 203 1253 mandendo
228 1232 365 1258 reparare
389 1221 536 1249 tentabat.
570 1222 670 1253 Neque
696 1220 775 1246 enim
794 1225 863 1247 tunc
881 1220 968 1253 illuc,
996 1229 1054 1254 quo
1072 1224 1259 1251 vesceretur,
1284 1226 1404 1255 praesto

31 1275 105 1299 erat.
141 1268 228 1305 Quod
246 1267 381 1295 minister
400 1269 462 1301 ejus
480 1266 588 1293 videns
608 1264 719 1297 doluit,
747 1270 774 1291 et
799 1275 836 1292 ne
861 1264 938 1293 sorte
965 1266 1037 1299 quid
1064 1265 1213 1292 edendum
1238 1264 1268 1290 iu
1287 1266 1405 1293 sacculo

32 1323 136 1342 eonun
153 1314 327 1345 haberetur,
354 1312 512 1344 diligenter
534 1309 713 1342 investigare
739 1311 838 1345 coepit
864 1315 893 1338 et
917 1320 986 1338 mox
1012 1315 1113 1338 contra
1132 1319 1216 1345 spem
1234 1310 1264 1337 in
1284 1319 1319 1338 eo
1337 1311 1407 1338 niti-

33 1359 192 1387 dissimum
209 1357 324 1385 invenit
342 1366 460 1392 panem.
496 1358 561 1391 Quo
588 1354 641 1381 illo
666 1354 793 1382 resectus
821 1360 850 1382 et
873 1361 1021 1383 recreatus
1048 1360 1093 1383 est
1118 1360 1147 1382 et
1165 1355 1233 1382 viae
1250 1355 1408 1384 incolumis

37 1405 198 1432 redonatus
224 1407 253 1430 et
276 1401 372 1429 sactus
398 1400 560 1428 monachus
586 1399 722 1432 religioni
741 1410 794 1435 per
817 1400 915 1427 omnia
934 1401 1094 1429 serviebat.
1130 1400 1257 1435 Quidam
1276 1402 1354 1428 enim
1373 1411 1408 1429 ex

39 1448 257 1482 antiquioribus
281 1446 441 1478 fratribus,
469 1445 519 1479 qui
543 1449 646 1471 vetere
664 1445 734 1471 odio
759 1445 917 1480 plurimum
937 1451 997 1473 erat
1017 1445 1141 1472 infestus
1160 1446 1248 1472 beato
1267 1447 1408 1474 Anselmo

36 1504 93 1522 nec
115 1497 233 1528 poterat
257 1501 324 1519 enm
350 1491 498 1518 ullatenus
522 1489 685 1525 respicere,
710 1489 839 1524 simplici
865 1490 951 1517 oculo
975 1490 1145 1517 infirmitate
1163 1499 1283 1525 pressus
1302 1492 1340 1517 ad
1360 1502 1409 1519 ex—

36 1544 132 1567 trema
157 1542 201 1565 est
229 1537 385 1564 deductus.
419 1538 551 1568 Cumque
576 1534 682 1562 fratres
707 1535 737 1561 in
759 1535 882 1562 meridie
905 1537 935 1562 in
958 1536 1044 1563 lectis
1063 1546 1099 1562 ex
1117 1544 1198 1562 more
1216 1535 1410 1569 quiescerent,

37 1585 104 1620 ipse
122 1583 153 1610 in
173 1583 262 1610 domo
281 1581 463 1609 infirmorum
479 1581 580 1614 jacens
599 1580 698 1615 coepit
713 1580 899 1608 miserandas
917 1589 1007 1608 voces
1026 1581 1161 1608 emittere
1186 1584 1215 1606 et
1234 1581 1318 1613 quasi
1337 1591 1410 1615 quo-

38 1629 164 1657 rundam
181 1627 395 1654 horrendorum
412 1625 588 1660 adspectum
613 1625 828 1659 subterfugere,
854 1626 970 1660 pallens
990 1631 1019 1653 et
1037 1631 1166 1653 tremens
1191 1626 1308 1653 vultum
1327 1635 1411 1653 suum

38 1672 246 1701 delitescendo
263 1672 333 1699 hinc
349 1671 419 1698 inde
438 1676 627 1698 commutare.
663 1671 773 1698 Tei-riti
797 1671 921 1704 fratres,
945 1671 993 1705 qui
1021 1671 1160 1703 aderant,
1185 1670 1259 1704 quid
1279 1671 1412 1704 liaberet,

39 1719 231 1753 quaerebant.
266 1719 306 1744 At
322 1715 391 1743 ille:
417 1715 550 1748 geminos
575 1715 719 1744 immanes
737 1716 825 1752 lupos
843 1717 920 1743 inter
938 1715 1058 1743 brachia
1077 1724 1131 1742 sua
1148 1725 1195 1742 me
1213 1720 1314 1743 tenere
1332 1726 1413 1744 com-

39 1773 175 1800 pressum
201 1767 230 1790 et
255 1766 354 1795 guttur
377 1770 475 1788 meum
499 1761 653 1795 impressis
678 1762 818 1789 dentibus
845 1763 964 1795 jamjam
984 1759 1128 1788 suffocare
1145 1760 1267 1794 videtis,
1294 1766 1323 1788 et
1341 1762 1415 1795 quid

33 1807 113 1836 ,mihi
131 1807 184 1840 sit,
211 1805 369 1840 quaeritisz
405 1808 470 1841 Quo
497 1805 599 1833 andito
627 1807 747 1840 quidam
774 1817 810 1833 ex
826 1806 871 1833 -iis
896 1806 934 1832 ad
953 1807 1071 1832 beatum
1091 1805 1263 1833 Anselmum
1282 1809 1415 1834 concitus

40 1852 172 1889 perrexit
190 1856 220 1879 et
238 1851 265 1879 ei
283 1850 398 1884 singula
415 1849 568 1885 patefecit.
604 1854 688 1879 Tunc
712 1852 764 1879 ille
790 1852 820 1879 in
847 1851 1036 1879 secretiorem
1055 1851 1151 1878 locum
1172 1851 1314 1879 orationis
1334 1861 1416 1879 sece-

41 1898 116 1926 dens
134 1902 164 1925 et
181 1901 251 1932 post
269 1896 308 1923 ad
326 1896 462 1929 domum,
487 1895 519 1922 in
545 1906 602 1929 qua
625 1896 757 1924 infirmus
777 1901 858 1929 erat,
882 1896 1050 1927 ingrediens
1078 1896 1175 1922 levata
1194 1906 1283 1923 manu
1300 1897 1416 1929 signum

39 1943 137 1971 *crucis
156 1942 252 1970 edidit
269 1942 386 1969 dicens:
404 1941 436 1968 in
453 1941 572 1968 nomine
591 1942 683 1977 patris
703 1947 732 1970 et
750 1942 805 1969 filii
823 1946 852 1968 et
871 1941 992 1976 spiritus
1012 1940 1115 1968 sancti.
1150 1941 1198 1968 Ad
1212 1942 1293 1975 quod
1306 1941 1418 1969 sactum

43 1988 144 2016 statim
169 1996 256 2019 aeger
280 1986 453 2020 conquievit
479 1990 509 2013 et
533 1987 696 2014 exhilarato
722 1987 807 2014 vultu
831 1986 935 2013 intimo
963 1986 1060 2014 coi-ilis
1085 1985 1195 2013 affectu
1219 1990 1282 2014 Deo
1309 1987 1418 2019 gratias

44 2041 130 2065 agere
153 2031 252 2066 coepit
276 2036 306 2058 et
327 2032 417 2058 beato
436 2031 591 2064 Ansehno,
618 2033 687 2065 quia
704 2032 851 2063 malignos
871 2031 992 2066 spiritus
1011 2031 1136 2066 expulit.
1162 2035 1198 2058 Et
1215 2032 1286 2058 inde
1304 2037 1419 2059 monuit

44 2081 168 2112 paterna
187 2075 307 2102 demum
325 2076 500 2103 auctoritate
518 2076 704 2109 absolutiun,
725 2081 754 2104 et
779 2076 872 2109 dixit,
897 2077 985 2109 liora,
1011 2086 1069 2110 qua
1088 2076 1193 2102 fratres
1212 2081 1363 2108 surgerent
1381 2077 1420 2103 ad

44 2130 156 2154 nonas,
182 2120 333 2155 praesenti
357 2120 421 2147 vita
447 2117 648 2150 decessurum.
685 2121 772 2157 Quod
799 2125 828 2147 et
852 2119 963 2146 sactum
990 2125 1043 2147 est.
1088 2121 1223 2156 Quadam
1256 2121 1321 2153 die,
1354 2131 1421 2148 cum

47 2170 127 2194 esset
144 2165 176 2192 in
192 2165 259 2198 via,
286 2169 458 2192 occurrente
476 2164 536 2192 sibi
553 2165 683 2198 quodam
700 2166 846 2192 monacho
864 2164 966 2196 brevi,
993 2164 1065 2197 quid
1091 2164 1207 2192 consilii
1233 2165 1270 2192 de
1288 2166 1420 2201 hospitio

47 2211 109 2240 sibi
131 2209 236 2243 ferret,
260 2209 465 2242 interrogavit.
509 2209 566 2245 Qui
589 2211 760 2245 respondit:
793 2210 937 2237 habemus
962 2217 1021 2236 non
1046 2209 1133 2241 longe
1157 2209 1336 2244 hospitium,
1367 2212 1421 2239 sed

47 2265 109 2284 non
127 2260 185 2289 est,
212 2254 294 2289 quod
315 2255 404 2282 nobis
431 2259 460 2282 et
482 2254 624 2282 fratribus
651 2260 819 2291 apponatur
836 2259 953 2290 praeter
978 2264 1085 2289 panem
1104 2259 1133 2282 et
1151 2263 1278 2282 caseum.
1313 2259 1351 2282 At
1369 2256 1421 2283 ille

48 2301 207 2330 subridens
225 2300 281 2327 ait:
307 2309 345 2327 ne
365 2300 472 2327 timeas
497 2300 546 2327 vir
570 2301 666 2333 bone,
693 2301 746 2328 sed
765 2300 823 2327 cito
842 2299 986 2335 praecede
1006 2304 1034 2326 et
1052 2299 1144 2327 misso
1163 2305 1224 2327 rete
1242 2300 1272 2327 in
1291 2301 1422 2329 vicinum

44 2356 168 2374 munem
185 2346 287 2373 statim
305 2344 441 2372 invenies
458 2345 590 2379 piscem,
613 2346 665 2379 qui
687 2345 816 2373 sufficiet
835 2345 973 2372 omnibus
997 2345 1096 2372 nobis.
1129 2345 1183 2372 me
1208 2346 1349 2373 mandato
1375 2356 1423 2374 ac-
1455 2348 1458 2350 ’

51 2396 139 2426 cepto
156 2390 335 2426 praevolans
353 2389 470 2417 nuntiat
487 2390 645 2425 piscatori,
670 2391 720 2425 qui
746 2391 785 2417 ad
808 2390 968 2417 ridendum
990 2391 1109 2425 potius,
1136 2401 1224 2424 quam
1249 2391 1289 2418 ad
1306 2396 1423 2419 tentan-

52 2437 140 2470 dum,
157 2435 240 2470 quod
257 2436 387 2468 (licebat,
404 2435 469 2462 fore
486 2436 698 2470 praenuntians
716 2435 838 2463 tandem
856 2446 872 2462 a
889 2436 981 2462 fratre
999 2440 1119 2463 coactus
1138 2440 1240 2463 contra
1259 2445 1344 2470 spem
1361 2441 1424 2463 rete

53 2481 122 2514 iecit
145 2485 176 2508 et
196 2480 279 2508 illico
303 2484 432 2514 tmytam
456 2479 596 2508 insolitae
619 2480 834 2513 magnitudinis
863 2491 928 2508 cum
947 2481 1077 2514 quodam
1095 2480 1154 2508 alio
1172 2480 1317 2516 pisciculo
1336 2481 1425 2516 cepit.

54 2525 180 2561 Scripsit
196 2525 343 2558 gloriosus
359 2525 517 2553 Anselmus
534 2525 754 2558 monologium,
772 2526 844 2553 item
870 2525 1081 2559 soliloquium,
1108 2525 1145 2551 de
1164 2529 1267 2551 sancta
1283 2525 1426 2558 trinitate,

55 2572 94 2598 de
110 2570 255 2603 veritate,
281 2570 319 2598 de
344 2570 536 2605 processione
554 2570 676 2605 spiritus
694 2570 805 2603 sancti,
830 2570 868 2597 de
887 2580 957 2598 casu
975 2569 1114 2603 dyaboli,
1139 2569 1177 2596 de
1195 2574 1319 2604 peccato
1337 2570 1426 2603 origi-

55 2615 127 2649 nali,
145 2616 183 2642 de
200 2614 402 2642 incarnatione
419 2615 515 2647 verbi,
535 2625 586 2642 cur
603 2618 682 2642 Deus
700 2616 805 2648 hoino,
824 2621 853 2642 et
871 2616 981 2642 multos
999 2615 1074 2641 alios
1093 2614 1186 2641 libros
1205 2614 1427 2648 devotissimos,

57 2665 88 2688 et
104 2660 260 2696 potissime
278 2660 354 2687 hanc
372 2659 552 2687 orationem:
578 2664 670 2687 terret
694 2669 742 2687 me
766 2661 831 2688 vita
852 2670 934 2694 mea,
960 2670 1028 2687 nam
1047 2659 1205 2691 diligenter
1222 2659 1356 2687 discussa
1374 2670 1427 2695 ap-

58 2710 143 2740 paret
159 2705 234 2732 mihi
251 2709 301 2732 aut
318 2709 472 2740 peccatum
490 2709 540 2732 aut
558 2705 699 2732 sterilitas
715 2705 798 2732 velut
816 2704 1014 2737 infructuosa,
1041 2709 1070 2731 et
1088 2704 1113 2731 si
1132 2704 1198 2737 quis
1214 2703 1328 2732 fructus
1346 2705 1377 2732 in
1395 2714 1428 2732 ea

14 2777 19 2781 ,
60 2749 218 2783 invenitur,
236 2754 286 2776 aut
303 2754 347 2777 est
361 2750 515 2778 simulatus
529 2755 579 2778 aut
593 2749 784 2786 imperfectus
797 2754 847 2777 aut
860 2750 960 2783 aliquo
974 2749 1063 2777 modo
1079 2754 1243 2784 corruptus.
1269 2749 1347 2785 Quid
1361 2759 1429 2782 ergo
