1742 3005
260 145 340 185 242
537 147 632 197 Cap.
665 145 763 183 le.
821 145 879 183 De
907 145 1186 184 resurrectione
1215 144 1373 186 domini.

262 254 373 287 minus
396 253 493 297 prius
518 251 655 292 obtulit,
681 249 775 284 hona
797 253 918 293 mater,
943 251 1094 296 grandia
1117 252 1305 299 divulgans
1334 251 1523 293 miracula,
1562 260 1653 296 quae

261 319 326 352 suit
350 318 431 351 olim
457 316 677 351 advenientis
703 317 790 358 iter,
828 315 915 351 haec
940 316 979 350 fit
1003 317 1182 352 redeuntis
1207 322 1242 353 et
1263 318 1380 354 index.
1427 318 1478 353 De
1503 319 1652 363 septimo

258 388 374 417 autem
400 386 434 417 et
453 383 573 417 ultimo
596 381 652 416 hio
672 381 943 424 considerando,
970 382 1124 427 qualiter
1151 387 1291 418 sanctos
1316 388 1449 429 patres,
1475 385 1654 430 quierant

259 452 294 483 in
316 447 445 490 limbo,
481 447 642 483 Christus
668 447 788 482 eduxit
815 451 850 482 et
874 447 957 493 quid
981 448 1032 482 ihi
1059 451 1154 494 egit,
1192 449 1411 495 evangelium
1436 454 1558 495 aperte
1584 460 1653 484 non

261 514 476 560 explanavit.
525 514 744 560 Augustinus
769 518 885 549 tamen
909 515 943 548 in
969 514 1119 560 quodam
1144 525 1304 549 sermone
1330 518 1365 549 et
1386 513 1594 550 Nioodemus
1617 517 1653 549 in

260 592 324 617 suo
351 580 536 626 evangelio
563 581 784 626 aliquatenus
808 580 874 615 hoc
898 580 1097 615 ostendunt.
1136 581 1197 615 Ait
1216 582 1305 615 enim
1322 585 1462 616 sanetus
1482 581 1653 627 Augusti-

259 658 343 682 nus:
369 657 448 681 mox
474 650 512 681 ut
536 646 695 682 Christus
720 648 879 692 spiritum
902 646 1062 688 tradidit,
1086 648 1185 681 unita
1209 657 1295 681 suae
1320 647 1443 681 deitati
1467 648 1583 681 anima
1608 646 1653 680 ad

259 714 450 748 inferorum
478 712 654 758 profunda
689 712 870 747 descendit
904 722 1050 757 eumque
1082 712 1304 748 tenebrarum
1337 715 1518 748 terminum
1552 714 1654 758 quasi

261 779 401 825 quidam
428 777 665 822 depraedator
691 776 894 821 splendidus
922 787 963 811 ao
986 778 1156 812 terribilis
1183 781 1381 824 attigisset,
1416 779 1654 823 adspicientes

260 855 337 879 eum
362 845 489 888 impiae
525 853 567 877 ac
591 846 771 877 tartareae
797 841 958 887 legiones
989 845 1136 878 territae
1171 846 1349 889 inquirere
1382 848 1573 888 coeperunt
1599 843 1653 877 di-

261 913 400 945 rentes:
426 909 517 944 unde
543 912 597 944 est
617 910 685 944 iste
710 912 782 942 tam
808 908 910 942 sortis
926 936 934 951 ‚
971 912 1041 943 tam
1064 908 1235 944 terribilis
1263 910 1317 945 vel
1342 914 1413 944 tam
1437 909 1654 954 splendidus,

259 980 328 1009 tam
370 975 601 1020 praeclarus?
646 974 793 1009 mundus
829 974 912 1017 ille,
948 976 1007 1020 qui
1040 974 1143 1009 nohis
1170 975 1330 1010 subditus
1358 975 1443 1018 suit,
1481 984 1656 1020 nunquam

260 1040 361 1075 nobis
386 1041 491 1075 talem
516 1044 685 1075 mortuum
711 1042 826 1081 misit,
864 1051 1038 1086 nunqnam
1063 1041 1186 1076 inseris
1219 1041 1307 1075 talia
1330 1051 1474 1076 munera
1499 1041 1656 1076 destina-

260 1108 327 1147 vit3
354 1108 431 1151 quis
458 1110 511 1141 est
531 1117 631 1152 ergo,
658 1107 717 1151 qui
742 1108 793 1140 sic
814 1106 1011 1151 intrepidus
1037 1111 1178 1141 nostros
1204 1106 1289 1141 lines
1314 1107 1511 1153 ingreditur
1532 1111 1571 1142 et
1587 1117 1657 1141 non

259 1172 370 1206 solum
399 1176 520 1206 nostra
554 1172 739 1217 supplicia¹
762 1183 831 1206 non
857 1176 1016 1214 veretur,
1050 1183 1167 1206 verum
1205 1174 1308 1207 etiam
1343 1173 1433 1207 alios
1458 1173 1501 1208 de
1525 1174 1656 1207 nostris

263 1238 411 1272 vinculis
443 1237 624 1272 absolvit?
675 1236 763 1272 Ecce
800 1239 890 1283 ipsi,
923 1239 982 1283 qui
1015 1237 1079 1272 sub
1117 1239 1248 1272 nostris
1278 1237 1441 1273 solebant
1476 1240 1656 1283 suspirare

259 1304 441 1338 tormentis
458 1331 466 1346 ,
499 1303 669 1337 insultant
694 1303 796 1338 nobis
821 1303 863 1338 de
888 1305 1115 1348 perceptione
1149 1304 1274 1338 salutis
1298 1307 1332 1339 et
1354 1315 1425 1338 non
1449 1305 1560 1339 solum
1580 1306 1656 1350 Jam

259 1368 346 1402 nihil
375 1372 556 1411 verentur,
582 1368 645 1404 sed
672 1370 817 1414 insuper
840 1369 942 1404 nobis
968 1371 1151 1404 minantur.
1199 1369 1381 1415 Nunquam
1407 1370 1463 1405 hio
1487 1372 1538 1405 sio
1561 1382 1656 1405 mor-

259 1435 309 1468 tui
343 1435 591 1480 superbierunt
623 1445 688 1470 neo
728 1435 918 1481 aliquando
954 1436 1004 1470 sic
1047 1439 1236 1480 potuerunt
1272 1435 1358 1470 laeti
1398 1446 1477 1471 esse
1512 1438 1655 1481 captivi.

260 1500 362 1545 ¹)Ad
390 1501 474 1547 quid
499 1501 565 1536 huo
591 1503 694 1535 istum
722 1501 899 1536 adducere
924 1501 1117 1536 voluistis?
1145 1500 1172 1535 0
1199 1503 1363 1546 princeps
1391 1506 1523 1543 noster,
1550 1503 1657 1547 periit

259 1567 398 1601 laetitia
422 1571 495 1610 tua,
522 1569 557 1601 in
580 1567 707 1602 luctum
733 1577 906 1602 conversa
933 1571 1012 1601 sunt
1038 1566 1170 1613 gaudia
1196 1571 1266 1602 tua.
1313 1567 1398 1602 Dum
1424 1571 1461 1601 tu
1482 1567 1657 1602 Christum

260 1631 446 1676 suspendis
468 1634 503 1666 in
527 1632 639 1678 ligno,
666 1634 824 1679 ignoras,
848 1636 979 1678 quanta
1001 1632 1127 1667 damna
1147 1634 1322 1668 sustineas
1342 1634 1376 1667 in
1397 1632 1546 1668 inferno.
1572 1633 1659 1668 Post

262 1699 350 1732 istas
378 1697 569 1732 crudelium
595 1708 700 1733 voces
725 1698 947 1732 infernalium
972 1698 1018 1732 ad
1042 1700 1224 1743 imperium
1249 1698 1379 1734 domini
1406 1709 1524 1733 omnes
1550 1688 1657 1734 ferrei

263 1763 436 1798 confracti
467 1767 548 1798 sunt
581 1767 698 1798 vectes
724 1766 758 1798 et
791 1773 870 1798 ecee
906 1764 1180 1799 innumerabiles
1207 1769 1407 1800 sanctorum
1432 1764 1553 1810 populi
1579 1765 1657 1810 ejus

262 1829 412 1874 genibus
437 1829 612 1873 provoluti
639 1829 850 1864 lacrimabili
877 1838 964 1863 voce
989 1828 1206 1863 clamabant:
1231 1830 1458 1875 advenisu2)
1482 1830 1658 1865 redemtor

264 1894 393 1937 mundi,
408 1894 596 1937 advenisti,
613 1905 714 1941 quem
733 1893 977 1929 desiderantes
995 1894 1151 1939 quotidie
1169 1894 1482 1940 exspectabamu83
1511 1896 1657 1931 descon-

263 1959 345 1994 disti
370 1970 434 2005 pro
462 1959 564 1995 nobis
591 1959 636 1995 ad
660 1960 816 2002 inferos,
843 1959 914 1994 noli
942 1959 1045 1994 nobis
1070 1960 1216 2004 deesse,
1253 1970 1328 1995 oum
1355 1970 1521 1996 reversus
1547 1963 1657 1997 fueris

263 2025 309 2060 ad
336 2036 504 2071 superos:
539 2025 727 2068 adscende,
759 2025 896 2060 domine
914 2013 1027 2067 'Jesu,
1064 2026 1200 2061 inferno
1226 2026 1425 2071 exspoliato
1452 2030 1487 2061 et
1512 2031 1658 2063 auctore

264 2093 384 2126 mortis
412 2093 484 2127 suis
509 2091 656 2126 vincuHs
679 2090 982 2134 irretito‚sredde
1001 2091 1075 2136 Jam
1104 2091 1275 2126 laetitiam
1300 2091 1448 2135 mundo,
1480 2103 1657 2137 succurre,

266 2158 446 2203 inquiunt,
470 2158 543 2203 Jam
569 2167 697 2192 saevas
725 2158 911 2203 exstingue
936 2167 1071 2202 poenas
1097 2160 1132 2191 et
1155 2157 1354 2191 miserando
1383 2158 1522 2193 resolve
1545 2160 1659 2203 capti-

267 2233 352 2265 vos,
381 2223 458 2257 dum
478 2223 535 2258 hio
560 2234 620 2266 es,
645 2222 792 2258 absolve
819 2233 920 2261 reos,
947 2222 1026 2256 dum
1055 2222 1091 2267 ³)
1105 2221 1350 2264 adscenderis,
1388 2222 1538 2258 defendo
1564 2228 1658 2261 tuos.

266 2287 361 2322 Haec·
385 2289 614 2334 Augustinus.
661 2288 698 2323 ln
724 2288 911 2334 evangelio
937 2287 1118 2323 Nicodemi
1143 2287 1294 2334 legitur,
1331 2288 1424 2334 quod
1453 2287 1600 2324 Carinus
1625 2293 1660 2325 et

265 2354 417 2388 Lencius
442 2353 503 2388 tilii
529 2355 702 2389 Simeonis
733 2355 826 2388 senis
854 2364 927 2388 cum
958 2352 1097 2388 Christo
1131 2357 1399 2388 resurrexerunt
1423 2358 1458 2389 et
1482 2353 1604 2389 Annae
1625 2357 1661 2389 et

268 2420 432 2466 cayphae
466 2424 500 2456 et
526 2419 718 2455 Nicodemo
744 2423 779 2455 et
811 2418 945 2464 Joscph
979 2422 1011 2453 et
1046 2418 1230 2454 Gamalieli
1277 2423 1516 2465 apparuerunt
1546 2423 1581 2455 et
1612 2419 1658 2454 ab

266 2488 310 2521 iis
331 2487 369 2531 ⁴)
419 2487 596 2532 adJurati,
652 2478 743 2531 quae
774 2484 933 2520 Christus
966 2484 1061 2529 apud
1093 2485 1226 2521 interos
1258 2487 1394 2532 gessit,
1429 2488 1660 2520 narraverunt

268 2552 444 2588 dicentes:
479 2562 554 2586 cum
580 2561 736 2587 essemus
764 2562 839 2586 oum
864 2550 1024 2586 omnihus
1049 2550 1209 2596 patribus
1235 2553 1365 2586 nostris
1388 2549 1597 2596 patriarchis
1623 2551 1658 2584 in

339 2708 363 2738 l)
389 2706 484 2738 Vulgo
511 2710 541 2733 nt
569 2706 684 2738 legitur.
788 2709 818 2740 2)
843 2709 1035 2735 nocentiores
1075 2706 1188 2733 addunt
1214 2714 1319 2733 vocem
1353 2704 1659 2734 desiderabili&

269 2753 297 2781 3)
318 2749 367 2778 bd.
381 2753 423 2778 l'r.
444 2750 521 2777 ιιι-ἰΙο
540 2750 610 2783 legit
630 2751 894 2779 descenderis.
963 2752 992 2783 4)
1012 2750 1109 2779 Verba
1130 2749 1189 2777 duo
1209 2748 1417 2776 antecedentia
1433 2749 1658 2781 omittitEd.1¹r.
