1742 3005
266 105 347 146 746
459 109 555 157 Cap.
589 104 757 142 CLXVI.
816 104 875 141 De
906 110 1037 140 saneto
1067 103 1234 141 Martino
1265 104 1461 156 episcopo·

265 212 368 245 humo
394 209 461 244 fixa
488 206 762 254 permanebant,
801 209 838 241 ut
872 209 1181 251 quantumcumque
1212 206 1394 252 flagellata
1422 207 1516 242 velut
1545 216 1655 241 saxea

264 277 396 310 moveri
420 285 489 309 non
516 276 680 319 possent,
710 283 892 318 quousque
919 272 963 307 ad
988 272 1176 307 Martinum
1201 271 1390 306 redeuntes
1416 277 1450 307 et
1474 277 1653 318 peccatum

264 352 384 384 suum,
418 339 509 386 quod
545 340 752 385 ignoranter
786 339 821 372 in
852 349 927 374 eum
962 340 1224 379 commiserant,
1258 336 1483 381 confitentes,
1519 339 1578 374 ille
1610 340 1654 373 iis

265 407 442 441 licentiam
479 405 578 440 dedit
616 409 651 439 et
689 404 803 451 gradu
840 406 976 439 concito
1012 403 1177 438 animalia
1213 407 1473 448 processerunt.
1521 403 1655 438 Multae

265 471 486 506 assiduitatis
514 473 547 505 in
577 471 732 513 orando,
767 471 869 516 quia,
905 474 943 504 ut
978 471 1014 504 in
1037 468 1189 515 legenda
1214 478 1279 504 sua
1305 468 1450 510 dicitur,
1483 478 1656 514 nunquam

264 538 338 572 ulla
364 537 453 571 hora
481 541 757 583 momentumque
782 538 983 582 praeteriit,
1011 546 1078 581 quo
1105 545 1172 569 non
1192 538 1251 569 aut
1270 535 1420 568 orationi
1438 538 1497 568 aut
1514 534 1655 569 lectioni

266 603 489 639 incumberet.
538 603 631 638 luter
654 602 838 649 legendum
871 606 988 636 tamen
1013 605 1048 636 et
1073 600 1286 645 operandum
1311 610 1484 646 nunquam
1508 601 1657 634 animum

265 669 309 704 ab
337 671 498 704 oratione
523 669 686 711 laxabat,
718 679 794 703 nam
831 672 869 702 ut
899 667 1010 702 fabris
1040 666 1200 701 ferrariis
1228 667 1334 700 moris
1365 669 1442 709 est,
1475 668 1534 712 qui
1564 668 1657 700 intra

266 734 480 779 operandum
506 745 568 779 pro
595 733 745 779 quodam
770 733 905 767 laboris
931 733 1099 767 levamine
1127 731 1284 766 incudem
1310 731 1459 775 feriunt,
1487 734 1536 766 ita
1559 732 1657 767 Mar-

248 801 382 842 tinus,
421 799 498 834 dum
526 799 661 844 aliquid
688 802 830 844 ageret,
861 808 1000 842 semper
1034 797 1170 831 orabat.
1220 797 1354 832 Multae
1379 800 1596 832 austeritatis
1621 800 1656 832 in

266 877 304 900 se
331 867 432 911 ipso3
459 866 568 901 refert
596 866 684 900 enim
713 865 866 900 Severus
892 866 927 898 in
953 862 1105 908 epistola
1131 862 1175 897 ad
1200 862 1409 905 Eusebium,
1440 863 1551 908 quod,
1582 874 1656 897 eum

266 932 438 967 Martinus
463 933 497 965 in
526 931 698 976 quandam
720 931 835 965 villam
853 940 938 964 suae
957 929 1140 974 dyoecesis
1161 929 1316 963 venisset
1340 932 1374 963 et
1393 928 1510 963 clerici
1532 929 1656 964 lectum

266 997 334 1031 sibi
368 997 516 1041 plurimo
551 998 716 1032 stramine
748 999 1044 1042 praeparassent,
1081 995 1140 1030 ille
1177 994 1306 1029 ibidem
1339 996 1565 1040 requiescens
1602 996 1656 1029 in-

266 1067 400 1098 suetam
428 1063 606 1097 mollitiem
633 1062 896 1108 perhorrescit,
933 1063 1063 1107 quippe
1099 1062 1157 1107 qui
1183 1061 1277 1095 nuda
1303 1061 1405 1095 humo
1431 1072 1499 1095 uno
1524 1065 1656 1096 tantum

265 1129 380 1162 cilicio
404 1129 607 1173 superjecto
637 1128 766 1163 cubare
793 1131 1037 1162 consueverat.
1085 1126 1207 1172 Itaque
1234 1131 1409 1172 permotus
1427 1128 1556 1172 injuria
1579 1138 1658 1161 sur—

265 1205 354 1240 gens
389 1198 615 1229 stramentum
653 1204 752 1228 omne
786 1194 938 1238 projecit
969 1196 1004 1226 et
1038 1203 1076 1227 se
1102 1203 1208 1238 super
1231 1193 1357 1227 nudam
1383 1192 1518 1227 humum
1546 1193 1656 1227 collo-

264 1262 377 1302 cavit,
414 1262 508 1295 circa
532 1260 679 1295 mediam
709 1271 790 1295 vero
816 1263 952 1294 noctem
976 1262 1051 1293 tota
1077 1258 1138 1293 illa
1164 1259 1267 1303 palea
1291 1260 1372 1305 igne
1398 1259 1598 1294 accenditur
1624 1263 1658 1294 et

265 1326 441 1362 Martinus
469 1328 654 1369 excitatus,
681 1326 758 1360 dum
785 1328 881 1361 exire
906 1330 1077 1368 tentaret,
1111 1324 1173 1359 sed
1199 1326 1381 1370 nequiret,
1416 1325 1459 1359 ab
1486 1326 1568 1370 igne
1595 1335 1654 1359 ca.-

265 1393 359 1437 pitur
392 1397 426 1427 et
461 1394 536 1438 ejus
566 1394 640 1438 jam
676 1394 884 1428 vestimenta
917 1397 1074 1426 uruntur.
1129 1391 1282 1426 Rediens
1321 1401 1404 1425 vero
1439 1390 1482 1424 ad
1518 1391 1656 1425 solitum

266 1460 438 1494 orationis
463 1458 664 1505 confugium
695 1464 729 1494 et
755 1461 869 1494 crucis
896 1461 1056 1494 emittens
1082 1458 1298 1503 signaculum
1333 1459 1367 1491 in
1406 1457 1520 1492 medio
1562 1458 1657 1503 ignis

267 1526 420 1559 intactus
448 1527 641 1570 permansit
669 1529 703 1560 et
729 1525 883 1560 ssammas
908 1526 1020 1560 sensit
1047 1528 1227 1566 rorantes,
1264 1533 1351 1569 quas
1376 1523 1465 1559 male
1491 1528 1656 1569 expertus

266 1596 344 1626 erat
375 1595 529 1626 urentes.
586 1591 752 1626 Monachi
798 1593 906 1637 igitur
949 1591 1091 1626 excitati
1132 1593 1341 1624 concurrunt
1383 1593 1418 1624 et
1454 1589 1656 1633 Martinam,

266 1668 366 1702 quem
388 1658 461 1703 jam
489 1661 702 1691 consumtum
729 1657 910 1701 putabant,
938 1657 981 1691 de
1008 1656 1122 1692 medio
1148 1655 1359 1690 flammarum
1387 1656 1546 1691 illaesum
1572 1655 1656 1690 edu-

265 1727 360 1761 cunt.
406 1723 542 1758 Multae
567 1724 824 1768 compassionis
852 1733 939 1769 erga
963 1723 1220 1768 delinquentes,
1247 1723 1330 1767 quia
1354 1732 1472 1756 omnes
1498 1722 1656 1756 volentes

266 1791 447 1835 poenitere
471 1791 728 1834 compassionis
754 1790 831 1823 sinu
858 1788 1064 1833 recipiebat.
1112 1786 1198 1821 Nam
1220 1791 1344 1821 etcum
1366 1786 1538 1831 dyabolus
1557 1785 1655 1821 Mar-

265 1856 373 1890 tinam
402 1855 703 1900 reprehenderet,
742 1865 804 1889 cur
837 1855 945 1889 semel
977 1854 1098 1898 lapsos
1125 1853 1169 1886 ad
1195 1853 1443 1896 poenitentiam
1470 1853 1653 1895 reciperet,

266 1921 378 1956 eidem
405 1921 604 1965 respondit:
631 1920 662 1954 si
688 1924 725 1953 tu
752 1921 849 1963 ipse,
877 1929 896 1953 ο
923 1917 1148 1958 miserabilis,
1175 1916 1218 1950 ab
1237 1915 1410 1950 hominum
1427 1916 1653 1951 infestatione

267 1987 460 2021 desisteres
498 1991 531 2021 et
564 1989 597 2019 te
630 1985 797 2018 sactorum
831 1989 965 2018 tuorum
993 1984 1206 2027 poeniteret,
1241 1991 1308 2027 ego
1342 1981 1406 2015 tibi
1439 1981 1590 2016 confisus
1620 1984 1654 2016 in

267 2052 407 2086 domino
435 2051 566 2086 Christi
591 2049 866 2086 misericordiam
893 2048 1091 2093 pollicerer.
1139 2046 1273 2082 Multae
1299 2048 1440 2091 pietatis
1462 2057 1549 2093 erga
1568 2058 1658 2092 pau-

267 2128 388 2162 peres3
423 2117 554 2162 legitur
586 2117 619 2150 in
655 2114 836 2160 praedicto
875 2113 1047 2160 dyalogo‚
1089 2113 1182 2158 quod
1214 2112 1401 2147 Martinam
1437 2114 1471 2147 in
1504 2113 1654 2158 quadam

266 2183 459 2217 festivitate
490 2180 534 2215 ad
572 2181 756 2216 ecelesiam
787 2179 987 2214 tendentem
1022 2188 1159 2224 pauper
1193 2178 1331 2224 quidam
1367 2178 1479 2213 nudus
1513 2183 1655 2214 secutus

267 2251 335 2285 est.
381 2248 557 2283 Martinus
584 2252 698 2281 autem
724 2245 984 2291 archidyacono
1011 2246 1214 2290 praecepit,
1248 2248 1286 2278 ut
1311 2248 1468 2290 egentem
1497 2246 1653 2288 vestiret,

266 2313 328 2348 sed
355 2323 428 2348 cum
455 2312 521 2346 hoe
546 2312 605 2347 ille
632 2312 749 2346 facere
776 2299 991 2354 distulisset,
1018 2312 1201 2357 ingressus
1226 2310 1400 2345 Martinus
1426 2312 1654 2346 secretarium

265 2380 419 2414 tunicam
452 2388 548 2412 suam
583 2378 636 2411 illi
668 2378 792 2412 tribuit
826 2381 860 2412 et
883 2378 1047 2412 continuo
1076 2376 1269 2411 abscedere
1289 2378 1411 2422 juissit.
1460 2377 1543 2411 Cum
1569 2386 1654 2422 ergo

266 2444 546 2489 archidyaconus
571 2447 748 2485 moneret,
771 2447 808 2478 ut
832 2443 877 2478 ad
901 2443 1086 2478 sollemnia
1109 2442 1315 2489 peragenda.
1340 2442 1568 2488 procederet,
1595 2441 1653 2476 ille

267 2511 310 2545 de
336 2521 374 2545 se
399 2510 546 2555 loquens
574 2509 778 2555 respondit,
816 2520 856 2544 se
892 2511 942 2544 ire
967 2520 1036 2543 non
1064 2519 1192 2554 posse,
1229 2508 1339 2543 donec
1365 2518 1500 2553 pauper
1523 2511 1652 2542 vestem

268 2578 428 2620 accipiat.
477 2575 767 2621 Areliitl)·aconus
793 2586 963 2611 veronen
984 2575 1198 2621 intelligens,
1226 2576 1320 2620 quia,
1346 2584 1418 2609 eum
1438 2573 1653 2607 extrinsecus

267 2651 381 2685 cappa
413 2647 525 2677 tectus
562 2646 676 2684 esset,
720 2643 829 2687 ipsum
878 2642 1004 2676 nudum
1039 2642 1185 2675 interius
1218 2651 1284 2675 non
1321 2638 1481 2680 videbat,
1519 2648 1652 2682 paupe-

269 2717 338 2741 rem
371 2717 437 2741 uon
472 2707 598 2743 adesse
634 2712 808 2742 causatur.
860 2708 904 2742 At
932 2707 1007 2742 illc:
1036 2707 1142 2750 mihi,
1175 2707 1303 2750 inquit,
1343 2704 1449 2739 vestis
1475 2703 1653 2739 deseratur
