1742 3005
201 94 301 144 Cap.
333 93 465 131 CLIX.
524 93 582 131 De
614 94 752 130 sanctis
784 93 951 141 Syinone
983 101 1020 131 et
1049 94 1149 132 suda
1179 96 1376 145 apostolis.
1436 96 1515 134 707

122 199 232 243 recipi
265 208 319 233 me
357 198 400 232 ab
438 210 496 241 eo,
531 209 550 233 a
586 210 652 244 quo
688 201 814 234 missus
839 210 925 234 sum.
976 199 1056 234 Cum
1084 210 1168 246 ergo
1196 205 1370 236 assumtus
1398 203 1508 246 suero,

120 263 273 309 aliquem
301 263 344 298 de
370 264 551 310 discipulis
578 268 663 299 meis
689 267 818 300 mittam
844 265 887 299 ad
916 269 960 307 le,
989 269 1024 299 ut
1051 270 1148 300 curet
1171 270 1206 301 te
1232 270 1266 301 et
1292 267 1442 303 vivificet
1460 273 1508 304 tc.

119 327 163 364 Et
196 328 283 364 haec
317 331 350 364 in
383 329 539 374 hystoria
575 332 829 367 ecclesiastica.
880 330 1010 366 Videns
1046 335 1158 365 autem
1187 331 1374 377 Abgarixs,
1412 333 1507 380 quod

119 395 407 439 praesentialiter
431 397 604 431 Christum
632 397 748 431 videre
773 408 841 430 non
868 400 990 440 posset
1015 396 1215 436 (secundum
1242 398 1335 442 quod
1359 400 1393 433 in
1418 410 1504 444 qua-

118 460 196 495 dam
223 463 367 507 antiqua
390 462 548 507 hystoria
572 463 758 503 invenitur,
785 462 875 494 sicut
900 461 1078 496 ‚lohannes
1099 461 1335 496 Damascenus
1356 465 1388 496 in
1415 464 1504 498 liin-o

117 525 175 561 lV.
201 527 376 572 testatur)
403 529 569 571 pictorem
596 526 766 571 quendam
792 525 836 559 ad
861 526 978 561 Jesum
1005 527 1116 568 misit,
1150 531 1188 561 ut
1217 526 1346 561 domini
1379 530 1503 574 imagi-

117 602 194 627 nem
220 591 399 638 figuraret,
424 595 461 625 ut
486 593 537 625 sic
565 592 677 636 ipsum
704 591 826 627 saltem
854 602 917 636 per
942 592 1127 637 imaginem
1144 593 1376 637 conspiceret,
1403 604 1504 639 quem

115 659 151 692 iu
189 657 279 691 facie
315 657 436 692 videre
467 667 535 692 non
571 661 721 702 poterat.
771 657 840 692 Sed
874 668 949 691 cum
984 657 1030 691 ad
1063 668 1139 692 eum
1180 659 1295 702 pictor
1336 660 1503 698 venisset,

114 726 260 768 propter
273 723 413 757 nimium
433 722 619 768 fulgorem,
643 722 758 768 quiab
780 723 857 768 ejus
876 722 967 757 facie
983 723 1209 767 procedebat,
1229 724 1264 757 in
1281 725 1358 768 eJus
1378 724 1504 760 Faciem

114 787 210 823 clare
229 787 398 834 nequibat
420 787 540 823 videre
562 787 616 823 vel
641 788 822 823 intendere
840 798 903 823 nec
924 790 1048 833 ipsam,
1074 792 1110 823 ut
1130 788 1198 822 sibi
1213 790 1349 833 jussum
1377 789 1502 829 suerat,

112 852 277 900 figurare.
327 853 427 893 Quod
448 863 592 888 cernens
611 853 782 895 dominus,
808 855 1047 889 vestimentum
1070 853 1209 887 linteum
1228 855 1339 898 ipsius
1357 856 1502 898 pictoris

112 920 289 964 accipiens
323 922 358 954 et
391 929 476 954 suae
503 919 604 953 faciei
630 921 930 964 superimponens,
959 920 1012 952 sui
1040 920 1151 963 ipsius
1177 920 1361 964 imaginem
1389 920 1501 955 eidem

112 986 291 1030 impressit
315 995 357 1020 ac
381 984 596 1020 desideranti
622 985 700 1029 regi
728 984 874 1029 Abgaro
903 983 1105 1019 destinavit.
1155 983 1358 1029 Cujiismodi
1385 990 1501 1021 autem

111 1052 276 1097 imaginis
303 1051 462 1085 dominus
493 1050 617 1092 fuerit,
651 1051 686 1084 in
717 1049 839 1084 eadem
876 1051 1018 1095 antiqua
1044 1049 1202 1094 hystoria
1228 1050 1359 1096 legitur
1386 1053 1501 1095 (sicut

111 1116 201 1150 idem
231 1115 413 1151 ,Iohannes
443 1116 626 1160 testatur).
675 1114 755 1149 Fuit
786 1117 873 1150 enim
910 1115 999 1150 hene
1035 1115 1216 1155 oculatus,
1250 1115 1340 1150 bene
1373 1127 1498 1162 superv

107 1181 269 1224 eiliatuS,
303 1181 446 1227 lengum
479 1181 606 1215 vultum
641 1180 764 1215 habuit
795 1184 830 1215 et
865 1181 928 1214 fuit
962 1181 1122 1222 acclivis,
1159 1180 1253 1225 quod
1279 1184 1333 1215 est
1361 1183 1498 1228 signum

107 1249 332 1285 maturitatis.
377 1246 443 1282 Illa
461 1251 574 1282 autem
593 1247 745 1292 epistola
763 1246 892 1280 domini
909 1248 1018 1280 nostri
1035 1246 1119 1282 Jcsu
1139 1246 1269 1281 Christi
1287 1250 1406 1282 tantae
1426 1249 1495 1283 vir-

107 1314 191 1348 tutis
215 1323 295 1348 esse
321 1312 468 1355 dicitur,
502 1316 540 1347 ut
574 1314 608 1346 in
643 1312 705 1346 illa
739 1313 883 1346 civitate
908 1310 1044 1346 Edessa
1077 1312 1191 1347 nullus
1217 1312 1416 1348 haereticus
1442 1314 1496 1350 vel

107 1388 268 1424 paganus
296 1380 413 1413 vivere
439 1378 556 1412 valeat
579 1388 645 1412 nec
668 1382 834 1422 tyrannus
856 1377 986 1422 aliquis
1006 1376 1117 1412 eidem
1137 1388 1265 1412 nocere
1285 1384 1495 1423 praesumat.

108 1442 194 1477 Nam
219 1445 250 1477 si
277 1443 467 1489 aliquando
494 1453 582 1489 gens
607 1443 727 1487 aliqua
752 1446 887 1477 armata
913 1453 1014 1477 mann
1052 1447 1173 1477 contra
1199 1443 1293 1477 illam
1319 1446 1495 1479 civitatem

107 1510 356 1551 insurrexerit,
384 1508 498 1543 infans
526 1508 654 1554 aliquis
679 1519 786 1553 super
812 1512 946 1553 portam
973 1512 1070 1542 stans
1091 1509 1274 1553 epistolam
1295 1509 1387 1543 illam
1408 1510 1497 1556 legit

107 1579 143 1610 et
167 1585 210 1610 ea
235 1575 291 1610 die
317 1574 438 1610 hostes
462 1578 523 1609 aut
546 1576 659 1609 territi
685 1574 823 1619 fugiunt
847 1578 907 1608 aut
931 1575 1048 1618 pacati
1082 1584 1157 1607 cuni
1193 1575 1236 1608 iis
1271 1580 1494 1620 componunt,

106 1641 197 1674 sicut
235 1639 344 1675 fertur
380 1640 461 1675 olim
504 1640 615 1674 fuisse
657 1639 891 1683 adimpletum.
940 1638 1010 1673 Sed
1052 1638 1271 1683 postmodum
1310 1641 1433 1674 civitas
1474 1651 1496 1675 a

106 1705 295 1740 Saracenis
322 1710 427 1750 capta
453 1705 518 1739 ruit
545 1710 580 1740 et
606 1704 810 1750 profanata,
844 1704 984 1738 sublato
1012 1703 1182 1739 benefic-lo
1210 1709 1357 1750 propter
1382 1706 1494 1740 abun-

107 1770 259 1805 dantiam
287 1775 508 1816 peecatorum
532 1772 569 1805 iu
594 1772 728 1805 oriente
753 1770 906 1815 undique
931 1770 1154 1815 patefactam.
1203 1770 1390 1816 Postquam
1411 1782 1492 1806 vero

104 1835 265 1871 dominus
291 1841 466 1872 assumtus
500 1841 556 1871 est
591 1837 653 1880 (ut
680 1837 715 1870 in
738 1835 898 1881 hystoria
925 1835 1170 1871 ecelesiastica
1194 1836 1364 1882 legitur),
1401 1838 1495 1871 misit

104 1900 259 1937 Thomas
294 1903 478 1948 apostolus
504 1901 755 1945 Thaddaeum,
789 1903 846 1947 qui
883 1905 917 1937 et
949 1901 1059 1937 Judas
1094 1901 1205 1936 dictus
1231 1906 1305 1944 est,
1340 1901 1386 1936 ad
1418 1902 1491 1937 Ah-

103 1976 225 2011 garum
261 1978 379 2014 regem
412 1968 597 2008 secundum
629 1968 693 2003 Dei
727 1969 1008 2012 promissionem.
1059 1967 1123 2007 Qui
1154 1977 1228 2001 cum
1255 1966 1301 2001 ad
1327 1978 1401 2001 eum
1430 1978 1491 2002 ve*

105 2033 217 2067 nisset
241 2036 276 2067 et
301 2043 340 2068 se
364 2034 571 2078 discipulum
593 2033 679 2068 Jesu
704 2032 773 2066 sihi
800 2033 1008 2076 promissum
1035 2032 1195 2073 dixisset,
1223 2032 1307 2066 vidit
1326 2032 1492 2078 Abgarus

104 2097 139 2130 in
174 2097 268 2132 vultu
298 2096 485 2132 Thaddaei
518 2097 690 2143 quendam
725 2098 845 2130 mirum
882 2100 916 2131 et
944 2096 1097 2130 divinum
1132 2095 1367 2140 splendorem.
1416 2097 1491 2136 Quo

102 2164 178 2197 viso
215 2162 434 2207 stupefactus
465 2168 500 2198 et
531 2165 675 2198 territus
708 2162 881 2196 dominum
908 2162 1072 2196 adoravit
1097 2161 1233 2196 dicens:
1270 2171 1350 2196 vere
1385 2161 1491 2195 disci-

103 2227 205 2272 pulus
231 2238 270 2264 es
294 2228 379 2264 Jcsu
404 2228 465 2263 tilii
493 2229 578 2271 Dei,
606 2230 665 2274 qui
691 2228 772 2262 mihi
799 2228 958 2270 dixerat,
984 2229 1114 2261 mittam
1141 2227 1292 2272 aliquem
1318 2226 1361 2260 ad
1388 2230 1422 2261 te
1449 2226 1492 2262 de

102 2293 286 2338 discipulis
307 2295 407 2336 meis,
437 2295 548 2340 quite
568 2298 666 2329 curet
685 2298 719 2329 et
740 2294 805 2327 tibi
827 2295 930 2328 vitam
952 2297 1119 2338 praestet.
1169 2293 1233 2327 Cui
1259 2292 1489 2327 Thaddaeus:

102 2359 133 2393 si
163 2359 196 2392 in
233 2358 296 2393 Dei
329 2358 433 2393 filium
463 2359 679 2402 credideris,
713 2361 829 2394 omnia
863 2360 913 2393 tui
951 2358 1068 2393 cordis
1097 2358 1277 2394 desideria
1302 2356 1492 2391 obtinebis.

103 2423 168 2459 Cui
191 2423 378 2470 Abgarus:
413 2424 518 2458 credo
547 2435 646 2467 vere,
686 2429 720 2459 et
743 2425 920 2467 Judaeos,
955 2426 1013 2469 qui
1042 2435 1116 2459 eum
1144 2423 1410 2464 erucifixerunt,
1446 2423 1490 2456 li-

101 2489 226 2526 benter
247 2489 485 2530 trucidarem,
517 2490 549 2523 si
582 2489 663 2523 mihi
688 2490 910 2534 possibilitas
944 2489 1090 2524 adesset
1118 2493 1151 2524 et
1174 2499 1393 2534 nequaquam
1419 2489 1490 2524 Ro-

103 2566 279 2590 manorum
303 2556 497 2590 auctoritas
522 2553 717 2598 impediret.
767 2554 848 2588 Cum
874 2555 981 2599 igitur
1000 2554 1166 2600 Abgarus
1191 2556 1248 2598 (ut
1264 2556 1301 2588 in
1316 2554 1490 2600 aliquibus

104 2619 204 2655 libris
243 2620 410 2667 legitur),
450 2619 612 2664 leprosus
657 2623 769 2661 esset,
820 2619 1035 2654 Thaddacus
1082 2619 1267 2663 epistolam
1303 2620 1492 2655 salvatoris

105 2686 241 2731 accepit
273 2691 307 2721 et
339 2685 382 2720 dc
423 2696 465 2720 ea
491 2685 568 2729 ejus
598 2683 718 2719 faeiem
748 2683 955 2719 confricavit
991 2688 1024 2719 et
1053 2685 1168 2719 statim
1194 2685 1330 2729 plenam
1357 2687 1489 2720 sanita—

1136 2749 1212 2784 45*
