1742 3005
272 67 353 106 950
416 68 510 117 Cap.
542 67 800 103 CCXXXVII.
857 68 917 104 De
946 75 1075 104 sancto
1106 69 1311 107 Philiberto
1342 70 1576 110 confessore.

278 185 312 202 ac
336 174 436 201 nobile
460 173 685 201 fundamentum
709 174 740 201 in
764 174 959 202 fundamento
981 175 1159 202 humilitatis
1182 176 1325 204 virtutum
1349 178 1480 204 omnium
1496 175 1643 203 fabricam

280 219 317 245 ab
334 218 401 252 ipso
419 217 565 252 principio
585 218 697 245 studuit
717 219 876 251 collocare,
903 228 1020 246 carnem
1045 229 1099 254 per
1124 221 1226 247 crebra
1244 221 1352 256 jejunia
1367 222 1554 254 macerabat,
1579 229 1644 247 ora-

279 262 354 289 tion'i
378 261 525 294 instabat,
558 262 733 298 saepissime
766 263 805 290 ad
838 263 1002 291 orationem
1035 269 1183 299 prostrata
1213 270 1322 292 terram
1353 265 1486 292 infundit
1509 265 1645 299 lacrymis

280 307 450 341 osculisque
469 306 631 339 demulcet,
649 312 682 334 ut
700 317 817 341 semper
835 317 920 335 snum
938 307 1090 335 dominum
1108 311 1209 336 Jesum
1228 310 1374 338 Christum
1391 315 1493 338 tenere
1510 311 1646 337 manibus

280 352 442 380 videretur.
476 352 660 386 Lacrymanti
693 353 788 380 semel
819 352 969 388 profunda
996 357 1083 379 nocte
1117 353 1213 381 adsuit
1238 356 1359 387 angelus
1390 355 1578 381 tenebrarum
1617 354 1649 381 in

281 397 376 424 forma
394 397 469 430 nigri
487 398 618 432 pueruli,
637 398 754 425 dicens:
777 407 814 424 ne
832 402 893 424 tam
910 397 1026 432 plores,
1052 397 1121 431 qnia
1140 408 1225 426 caeca
1244 399 1306 427 fies.
1343 399 1394 426 Cui
1419 409 1485 426 cum
1503 399 1584 426 illico
1601 408 1649 425 re-

283 442 458 477 sponderet:
485 452 589 470 caecns
615 452 674 470 non
699 442 770 474 erit,
796 443 846 476 qui
868 446 963 470 Deum
987 443 1124 477 videbit,
1159 443 1299 471 confusus
1324 444 1376 471 ille
1395 444 1544 471 discessit.
1579 446 1650 470 Cum

283 487 314 514 in
331 488 478 515 Assisium
496 488 612 515 hostilis
633 487 725 515 semel
742 487 823 515 furor
841 487 964 515 irrueret
983 493 1011 515 et
1030 488 1104 523 ipsis
1123 488 1217 524 portis
1236 489 1382 516 exercitus
1397 489 1651 524 appropinquaret

284 535 512 565 Saracenorum,
551 542 620 565 gens
661 533 791 568 pessima
825 533 997 565 sanguinem
1031 542 1148 569 semper
1181 534 1283 561 sitiens
1318 533 1543 561 christianornm
1575 533 1652 560 intra

285 577 445 604 claustrum
469 577 616 610 virginum
641 578 829 607 influxerunt.
866 578 1044 611 Liquescnnt
1071 579 1257 606 dominarum
1280 579 1369 606 corda
1392 578 1548 605 timoribus
1567 582 1596 604 et
1614 578 1653 604 ad

285 626 410 649 matrem
428 628 559 649 sanctam
579 623 692 650 Claram
710 622 841 649 referunt
859 623 946 650 fletus
965 632 1051 656 suos,
1078 633 1152 657 quae
1178 633 1210 651 se
1228 623 1373 650 infirmam
1390 623 1545 658 impavido
1564 622 1653 649 corde

286 666 326 693 ad
347 666 478 693 hostium
502 677 606 699 agmen
631 668 700 694 duci
724 669 807 702 jubet
831 673 859 695 et
885 673 952 695 ante
977 668 1078 695 hostes
1105 668 1193 703 poni,
1219 668 1416 703 praecedente
1442 676 1508 695 eam
1533 667 1654 702 capsula

287 716 440 744 argentea,
465 712 496 738 in
514 722 571 745 qna
592 717 653 738 erat
672 717 886 739 sacramentum
905 712 1108 740 eucharistiae.
1145 717 1273 746 cumque
1297 722 1331 743 ,se
1355 718 1447 740 totam
1472 712 1503 739 in
1522 712 1654 739 oratione

288 757 519 790 substravisset,
547 757 660 783 Christo
686 757 807 783 domino
834 767 899 783 eum
923 756 1059 789 lacrymis
1078 756 1134 783 ait:
1161 757 1274 792 placet,
1299 758 1341 784 mi
1367 757 1503 790 domine,
1528 757 1655 784 inermes

288 801 411 828 ancillas
429 806 512 834 tuas,
532 810 604 834 quas
622 801 680 828 tuis
700 802 850 828 amoribus
870 801 1014 834 enutrivi,
1040 801 1177 828 manibus
1201 802 1279 828 tradi
1305 809 1502 837 paganorum!
1529 802 1655 835 custodi,

288 846 417 879 domine,
435 847 488 873 has
506 845 632 873 famulas
650 851 724 879 tuas,
744 855 816 879 quas
834 846 900 880 ipsa
919 846 949 873 iu
968 846 1117 880 praesenti
1136 846 1260 873 articulo
1279 847 1427 874 custodire
1447 855 1506 873 non
1525 856 1656 882 possum.

287 895 355 919 Vox
373 891 457 925 quasi
476 891 597 926 pueriliS
617 891 654 918 de
673 891 880 926 propitiatorio
901 892 938 918 ad
956 900 1040 918 aures
1060 893 1122 925 ejus
1141 891 1268 918 intonuit
1287 892 1405 919 dicens:
1432 900 1489 924 ego
1506 901 1562 919 vos
1581 901 1657 919 sem-

289 945 343 971 per
361 936 536 964 custodiam.
571 936 613 963 Mi
632 936 766 969 domine,
785 936 903 963 addidit
920 936 990 969 illa,
1014 941 1043 963 et
1061 936 1136 963 hanc
1155 937 1322 970 civitatem,
1347 936 1371 964 si
1390 936 1503 971 placet,
1528 941 1659 971 protege,

290 990 365 1015 quae
388 989 442 1008 nos
467 989 521 1016 pro
546 986 598 1008 tuo
624 990 722 1008 amore
741 986 896 1008 sustentat.
930 984 966 1008 Et
984 990 1044 1008 vox
1062 981 1100 1008 ad
1118 991 1199 1009 eam:
1218 982 1388 1014 gravamina
1408 981 1583 1014 sustinebit,
1606 981 1660 1009 sed

290 1035 357 1053 meo
376 1035 495 1053 munere
515 1026 694 1053 defenditur.
731 1030 815 1054 Tunc
833 1036 953 1059 surgens
975 1027 1057 1054 Clara
1076 1027 1181 1054 flentes
1201 1026 1347 1054 confortat
1367 1027 1485 1054 dicens:
1509 1026 1660 1059 fidejubeo

291 1079 346 1106 pro
363 1071 463 1103 vobis,
486 1071 606 1103 filiolae,
632 1071 713 1104 quod
732 1070 804 1097 nihil
823 1070 895 1097 mali
913 1070 1076 1105 patiemini.
1111 1074 1168 1098 Nec
1188 1080 1281 1099 mora:
1301 1073 1401 1100 statim
1420 1081 1524 1099 canum
1541 1071 1661 1098 illorum

291 1125 427 1150 repressa
445 1115 579 1150 pavescit
597 1115 720 1142 audacia
739 1119 767 1142 et
786 1125 838 1150 per
856 1124 965 1148 muros,
984 1124 1057 1149 quos
1075 1116 1277 1150 ascenderant,
1296 1117 1511 1144 descendentes
1528 1116 1662 1143 celeriter

293 1164 400 1187 exeunt
426 1159 537 1187 orantis
564 1160 674 1186 virtute
696 1160 817 1187 turbati.
854 1163 888 1186 Et
913 1165 982 1195 post
1000 1161 1160 1188 multorum
1178 1161 1361 1189 sanationem
1380 1166 1409 1189 et
1427 1161 1662 1190 exhortationem

294 1210 323 1232 et
343 1210 591 1233 sacramentorum
610 1205 787 1232 sumtionem
805 1205 836 1231 in
855 1205 976 1231 domino
996 1205 1118 1238 quievit.

652 1535 777 1596 GAP.
803 1534 1091 1595 -ccxxxvlt
1140 1532 1304 1598 (208.)

404 1633 504 1677 De
541 1635 758 1678 sancto
787 1632 1143 1680 Philiberto
1173 1631 1558 1678 confessore.

399 1745 522 1771 Sanctus
541 1744 736 1778 philibertus,
764 1755 829 1771 cum
856 1747 934 1770 esset
952 1743 1049 1769 bonae
1067 1742 1177 1769 indolis
1197 1742 1389 1774 adolescens,
1416 1740 1476 1773 regi
1493 1744 1669 1767 Francorum

299 1789 467 1820 Dagoberto
488 1789 638 1816 nuntiatus
658 1790 820 1816 advocatur
838 1788 867 1815 in
886 1787 1030 1822 palatium
1048 1792 1243 1822 receptusque
1263 1791 1308 1814 est
1327 1786 1355 1813 in
1375 1786 1509 1812 ordinem
1523 1783 1670 1811 nobilium

299 1838 329 1860 et
347 1843 448 1860 eorum
467 1834 657 1861 consortium.
693 1835 749 1870 Qui
774 1835 828 1862 snb
856 1842 944 1860 aureo
964 1832 1084 1858 baltheo
1103 1836 1197 1858 Deum
1224 1831 1313 1858 valde
1334 1830 1458 1862 diligens
1478 1828 1671 1863 postmodum

299 1878 555 1913 praefulgentibus
584 1879 664 1905 vitae
695 1888 764 1906 suae
789 1877 902 1905 meritis
929 1877 1099 1904 cathedram
1127 1876 1218 1903 subiit
1244 1873 1491 1906 Rothomagensis
1518 1873 1671 1900 ecclesiae.

300 1926 370 1950 Cum
390 1928 487 1949 autem
505 1928 582 1949 esset
603 1924 779 1950 l'ltilibertus
805 1932 947 1949 annorum
974 1921 1093 1953 viginti,
1121 1920 1222 1947 diviua
1247 1924 1405 1955 praecepta
1432 1918 1555 1945 audiens
1583 1917 1672 1950 etegit

300 1967 465 2003 discipulus
486 1967 592 1994 Christi
610 1968 722 1995 domini
742 1972 811 1995 Jesu
830 1967 892 1994 lieri
912 1966 1069 1999 agnitoque
1085 1965 1138 1992 Dei
1158 1965 1251 1992 milite
1267 1965 1344 1996 Agili
1364 1963 1498 1995 nomine,
1518 1962 1566 1996 qni
1587 1972 1671 1997 prae-

300 2018 363 2040 erat
387 2012 566 2040 nesbacensi
590 2013 754 2045 coenobio,
780 2013 850 2039 illuc
875 2011 999 2038 veniens
1027 2020 1140 2037 corn-'nn
1167 2010 1306 2044 deposuit
1332 2009 1528 2041 omnibusque
1556 2007 1616 2035 suis
1642 2007 1673 2034 iu

300 2059 493 2085 elemosinam
513 2057 639 2089 erogatis
667 2060 765 2091 jugum
785 2057 898 2084 domini
916 2066 1007 2083 suave
1032 2055 1153 2090 recepit.
1190 2054 1246 2082 Ubi
1265 2064 1330 2081 cnm
1355 2053 1447 2080 multo
1474 2053 1624 2085 religionis
1644 2057 1673 2079 et

300 2103 499 2131 abstinentiae
518 2103 645 2130 culmine
664 2107 823 2135 cresceret,
852 2094 892 2128 ita
919 2106 949 2128 ut
968 2101 1040 2128 viris
1059 2100 1287 2135 perfectioribus
1306 2098 1460 2125 imitabilis
1487 2099 1586 2132 fieret,
1622 2108 1674 2125 an-

300 2149 400 2182 tiquus
426 2149 520 2176 hostis
548 2147 685 2175 invidens
716 2148 834 2183 pulsare
860 2147 989 2174 animum
1017 2146 1131 2181 coepit,
1162 2150 1193 2173 ut
1226 2144 1370 2179 ampliora
1404 2143 1503 2171 edulia
1535 2147 1673 2170 sumeret.

300 2197 372 2221 Nam
392 2203 457 2221 cum
476 2194 603 2227 quadam
623 2198 708 2220 nocte
726 2192 833 2219 suisset
852 2192 918 2219 cibo
939 2191 1080 2224 resectus,
1107 2191 1157 2218 ille
1183 2195 1318 2217 ventrem
1344 2191 1407 2223 ejus
1433 2188 1554 2223 palpare
1581 2193 1609 2215 et
1628 2187 1675 2214 di-

302 2249 382 2267 cere:
409 2239 498 2266 modo
525 2239 580 2265 hoc
603 2242 648 2264 est
673 2238 758 2266 bene,
795 2241 878 2263 Tunc
902 2236 953 2264 ille
979 2235 1090 2263 inimici
1117 2235 1209 2269 jacula
1237 2243 1417 2267 cognoscens
1437 2233 1562 2265 rigorem
1581 2232 1674 2259 absti-

301 2284 419 2312 nentiae
447 2283 543 2318 coepit
570 2283 720 2318 triplicare
747 2288 775 2310 et
799 2287 899 2309 contra
919 2291 998 2309 arma
1016 2281 1131 2315 tyranni
1150 2280 1205 2307 Dei
1223 2279 1365 2307 auxilium
1384 2278 1551 2313 implorare.
1589 2280 1675 2304 Cum--

301 2340 358 2364 que
377 2329 499 2362 singulis
518 2329 655 2356 noctibus
674 2328 829 2356 ecclesiam
848 2328 1056 2361 frequentaret,
1076 2326 1104 2353 in
1126 2326 1219 2353 tribus
1234 2329 1334 2352 contra
1350 2324 1446 2359 ipsum
1462 2323 1674 2350 tentationibus

304 2376 385 2403 dirus
416 2375 518 2407 anguis
545 2374 670 2406 exarsit,
701 2383 769 2400 nam
795 2373 854 2400 ursi
881 2372 979 2407 specie
1012 2382 1078 2399 eum
1110 2371 1187 2398 intra
1210 2370 1365 2398 ecclesiam
1391 2368 1519 2396 tentavit
1544 2368 1674 2403 primum

303 2426 412 2447 terrere
431 2425 460 2446 et
480 2424 564 2447 nocte
584 2419 641 2445 alia
661 2419 698 2445 de
720 2417 797 2445 serro
817 2417 988 2444 candelabri
1006 2416 1088 2444 visus
1108 2421 1152 2444 est
1170 2426 1237 2443 enm
1256 2415 1426 2448 transfigere
1445 2418 1474 2440 et
1488 2418 1575 2440 nocte
1588 2412 1673 2439 tertia

302 2466 411 2493 ostium
435 2464 578 2491 ecclesiae
604 2463 743 2498 expansis
770 2463 898 2490 brachiis
922 2462 1019 2489 voluit
1047 2461 1215 2496 prohibere.
1251 2461 1310 2489 Sed
1328 2459 1427 2487 omnia
1445 2461 1506 2493 ejus
1525 2457 1673 2486 machina-

303 2515 400 2537 monta
427 2511 531 2537 beatus
557 2509 735 2536 l'hilibertus
760 2508 875 2543 expulit
900 2507 1011 2534 virtute
1036 2507 1139 2534 divina
1163 2517 1215 2542 per
1239 2511 1357 2533 sanctae
1388 2504 1481 2533 crucis
1516 2502 1675 2538 praesidia.

303 2559 373 2583 Cum
400 2561 496 2582 antem
516 2556 620 2582 beatus
639 2554 740 2586 Agitus
760 2553 883 2580 obiisset
910 2553 939 2580 in
964 2553 1101 2585 domino,
1121 2552 1244 2579 fratrum
1270 2560 1415 2579 consensu
1441 2554 1558 2578 sanctus
1584 2546 1672 2573 Phili-

303 2602 404 2627 bertns
439 2599 588 2631 regiminis
621 2609 719 2626 curam
746 2599 878 2633 suscepit
905 2603 933 2625 et
958 2598 1077 2624 domum
1104 2596 1162 2624 sibi
1192 2596 1332 2624 traditam
1357 2600 1474 2623 strenue
1501 2594 1673 2626 gubernare,

303 2646 412 2672 nultius
432 2655 587 2680 personam
607 2645 759 2679 excipere,
787 2644 907 2671 inventa
933 2643 1007 2670 vitia
1034 2642 1174 2669 radicitus
1202 2641 1379 2676 exstirpare,
1415 2650 1481 2667 cum
1499 2637 1619 2672 qnidam
1638 2647 1673 2664 ex

305 2690 442 2717 tratribus
467 2695 596 2717 assmuta
624 2690 786 2717 rebellione
812 2694 945 2717 sanctum
965 2690 1019 2715 Dei
1043 2688 1080 2715 de
1110 2687 1233 2715 ecclesia
1254 2687 1490 2721 praesumserunt
1510 2682 1672 2710 extrahere.
