1742 3005
384 36 479 82 sap.
514 35 592 70 (ῘΙΙ.
663 34 718 71 De
751 38 890 71 sanctis
921 36 1085 71 Nazario
1117 45 1153 72 et
1189 37 1313 73 (Ielso.
1466 36 1546 73 ⁴:39

623 260 750 323 GAP.
792 261 886 323 cn.
924 262 1053 325 (97.)

308 362 406 405 lle
441 361 682 405 sanetis
714 360 983 405 Nazario
1027 360 1137 403 ’ωε
1166 360 1368 405 Celso.

232 468 401 503 Nazarius
428 469 554 503 (licitur
581 470 683 513 quasi
709 468 931 509 Nazarenus,
958 468 1050 513 quod
1075 469 1325 512 interpretatur
1349 478 1532 501 coriscum>

143 539 197 568 tus
225 534 276 568 vel
310 533 454 567 mundus
492 533 547 566 vel
581 537 766 577 separatus
803 533 854 567 vel
880 532 1024 568 floridus
1059 538 1118 567 aut
1145 532 1359 566 custodiens.
1407 531 1441 566 ln
1470 532 1531 565 lio-

140 600 229 632 mine
255 599 478 642 requiruntur
502 597 588 632 haee
613 600 785 643 quinque,
814 599 948 633 seilicet
973 600 1164 643 cogitatio,
1189 598 1346 640 allectio,
1373 599 1532 637 intentio,

137 665 229 698 aetio
258 667 292 697 et
316 663 459 698 locutio.
511 663 688 709 Cogitatio
715 670 828 699 antem
848 665 953 699 debet
974 674 1052 699 esse
1073 669 1206 706 sancta,
1235 664 1374 698 affectio
1393 662 1531 703 munda,

136 730 282 764 intentio
307 732 414 770 recta,
441 730 532 762 actio
554 730 651 773 Justa
677 734 710 763 et
736 730 865 764 locutio
892 730 1084 765 moderata.
1132 729 1225 765 Hae(-
1251 730 1368 763 omnia
1392 728 1531 763 fuerunt

135 797 172 829 in
196 794 301 829 heato
329 793 500 836 Nazario,
526 794 648 828 habuit
673 797 761 829 enim
787 797 1035 841 cogitationem
1062 800 1214 829 sanctam
1243 800 1277 829 et
1303 794 1380 828 inde
1404 794 1531 827 dieitur

136 865 385 902 consecratus·²
431 860 648 895 allectionem
686 861 844 895 mundam
884 866 918 895 et
955 861 1034 895 inde
1060 860 1378 899 (licitin·1mni(lus;
1416 860 1527 892 inten-

133 927 262 960 tionem
298 931 425 960 reetam
460 930 494 960 et
530 926 609 960 inde
635 926 761 960 dicitur
787 932 995 971 separatus,
1027 928 1173 961 intentio
1207 928 1295 961 enim
1331 930 1402 967 est,
1437 935 1527 970 quae

133 996 277 1036 separat
300 1002 426 1036 opera,
464 992 548 1036 quia
582 1002 624 1026 ex
659 992 759 1026 oculo
793 992 943 1037 simplici
977 1002 1104 1037 eorpus
1141 992 1308 1033 lucidum,
1349 1002 1389 1026 ex
1425 991 1526 1024 oculo

132 1068 279 1102 nequam
303 1068 431 1102 corpus
456 1057 680 1092 tenebrosum
705 1062 863 1099 ereatur3
913 1059 1083 1092 actionem
1104 1059 1236 1102 justam
1271 1063 1306 1092 et
1333 1057 1412 1092 inde
1439 1057 1526 1091 diei-

129 1127 186 1157 tur
209 1122 368 1165 floridus,
397 1124 480 1169 quia
498 1125 615 1168 justus
643 1123 782 1158 florebit
807 1125 896 1158 sicut
921 1124 1052 1165 lilimn3
1077 1124 1286 1158 locutionem
1312 1122 1525 1157 moderatam

130 1193 164 1223 et
190 1188 270 1223 inde
295 1189 422 1224 dicitur
445 1190 646 1224 custodiens
664 1218 671 1231 ‚
699 1191 781 1235 quia
806 1190 995 1223 custodivit
1021 1191 1094 1223 vias
1120 1200 1201 1223 suas
1227 1194 1261 1224 et
1286 1200 1352 1223 non
1378 1189 1526 1233 deliquit

131 1255 164 1288 in
191 1254 315 1300 lingua
341 1265 415 1289 sua.
462 1255 608 1297 Celsus⁷
643 1256 744 1300 qnasi
772 1255 950 1297 excelsus,
989 1257 1071 1300 quia
1107 1266 1144 1290 se
1180 1265 1288 1300 supra
1317 1266 1354 1289 se
1387 1254 1523 1300 extulit,

130 1320 209 1354 dum
241 1324 390 1355 aetatem
429 1321 595 1365 puerilem
637 1322 763 1355 virtute
800 1322 905 1354 animi
944 1323 1134 1366 superavit.
1186 1321 1311 1355 Horum
1347 1322 1450 1355 vitam
1489 1325 1524 1355 et

128 1386 329 1429 passionem
358 1386 564 1422 Ambrosius
589 1388 623 1420 in
648 1386 739 1420 libro
767 1385 926 1421 Gervasii
953 1392 987 1421 et
1011 1386 1161 1421 Prolasii
1183 1388 1359 1431 reperisse
1382 1386 1520 1426 dieitur,

128 1452 162 1485 in
189 1451 396 1496 quibusdam
423 1457 535 1487 autem
570 1452 670 1486 libris
704 1452 857 1497 legitur,
896 1452 988 1498 qnod
1021 1452 1160 1498 quidam
1189 1451 1422 1496 philosophus
1450 1450 1519 1485 Na-

126 1518 223 1552 zario
257 1518 404 1553 devotus
442 1519 518 1563 ejus
552 1520 753 1564 passionem
795 1520 1024 1563 conseripsit,
1073 1528 1173 1563 qua-m
1203 1517 1430 1560 ²)Ce1atius,
1461 1518 1520 1563 qui

126 1588 325 1618 sanctorum
349 1594 501 1629 corpora
525 1584 733 1629 sepelierat,
762 1583 806 1618 ad
831 1589 936 1629 eaput
963 1586 1116 1629 ipsorum
1145 1585 1274 1629 posuit.

216 1648 388 1684 Nazarius
413 1649 504 1683 filius
533 1650 763 1685 illustrissimi
795 1651 861 1684 viri
896 1651 1034 1684 nomine
1060 1650 1237 1691 Africani,
1280 1648 1344 1684 sed
1381 1647 1518 1689 Judaei‚

124 1719 159 1750 et
186 1714 311 1750 beatae
336 1715 530 1760 Perpetuae
555 1715 869 1750 christianissimae
895 1721 927 1750 et
953 1715 1183 1750 Romanorum
1214 1715 1455 1749 nobilissimae
1485 1719 1520 1748 et

123 1792 145 1816 a
167 1781 273 1815 heato
304 1779 406 1816 Petro
437 1781 602 1826 apostolo
629 1781 853 1827 baptizatae,
901 1792 975 1816 cum
1002 1781 1149 1817 liaberet
1174 1781 1221 1815 lX
1250 1791 1374 1823 annos,
1405 1780 1515 1825 pluri-

122 1857 210 1881 mum
236 1845 429 1880 mirabatur
453 1846 577 1882 videns
605 1851 737 1892 patrem
763 1858 860 1882 suum
887 1853 921 1882 et
945 1852 1087 1881 matrem
1124 1848 1158 1880 in
1187 1847 1438 1881 observatione
1462 1857 1517 1880 re—

122 1913 265 1957 ligionis
301 1915 371 1946 tam
404 1911 622 1947 dissimiliter
648 1915 777 1947 variari
810 1917 843 1948 et
869 1914 950 1958 quia
976 1916 1088 1947 mater
1111 1923 1176 1947 sua
1200 1912 1313 1958 legem
1337 1911 1515 1956 baptismi,

123 1981 224 2022 pater
251 1987 333 2011 vero
360 1987 443 2011 suus
466 1977 581 2022 legem
608 1978 750 2012 sabbati
774 1983 990 2023 sequeretur.
1038 1977 1135 2013 Unde
1162 1979 1217 2012 eui
1243 1979 1357 2023 magis
1382 1977 1515 2011 adbae—

123 2053 200 2077 rere
226 2041 382 2084 deberet,
406 2041 588 2086 plurimum
613 2042 818 2085 dubitabat,
844 2053 921 2078 cum
945 2048 1092 2088 uterque
1118 2042 1163 2076 ad
1190 2042 1291 2077 fidem
1317 2052 1412 2076 suam
1439 2052 1515 2075 enm

122 2107 263 2143 trahere
285 2108 464 2141 niteretur.
514 2106 673 2142 Tandem
708 2112 792 2142 nutu
817 2107 880 2143 Dei
915 2108 1080 2152 vestigiis
1105 2108 1223 2142 matris
1249 2107 1412 2142 adhaesit
1436 2111 1470 2141 et
1496 2118 1517 2142 a

122 2173 226 2208 beato
250 2172 339 2206 Lino
364 2182 458 2218 papa
483 2182 618 2207 sacrum
644 2172 820 2218 baptisma
851 2173 1025 2217 suscepit,
1059 2172 1154 2218 quod
1181 2177 1283 2218 pater
1314 2172 1515 2218 intelligens

123 2240 241 2284 coepit
273 2240 385 2283 ipsum
420 2248 442 2272 a
475 2242 596 2273 saneto
634 2240 817 2284 proposito
851 2243 1012 2273 avertere
1037 2243 1071 2273 et
1094 2243 1343 2274 tormentorum
1367 2249 1513 2285 genera,

96 2314 212 2350 >quae
244 2303 446 2339 ehristianis
474 2303 691 2346 inferuntur7
731 2306 795 2349 pei·
833 2304 988 2339 ordinem
1027 2304 1217 2349 explicare.
1267 2305 1366 2344 Quod
1400 2308 1514 2339 autem

89 2387 93 2390 ⁴
123 2369 250 2404 dieitur
281 2380 355 2404 eum
386 2379 407 2403 a
440 2369 530 2403 Lino
564 2379 657 2414 papa
692 2369 920 2415 baptizatum,
959 2370 1049 2405 sorte
1083 2370 1293 2416 intelligitur
1324 2380 1410 2411 non,
1454 2372 1513 2415 qui

122 2441 200 2470 tunc
225 2445 319 2480 papa
344 2438 440 2476 erat,
475 2434 536 2469 sed
563 2435 620 2479 qui
648 2434 782 2470 futurus
809 2440 894 2470 erat.
944 2434 1114 2469 Nazarius
1146 2436 1237 2469 enim
1271 2439 1353 2480 post
1376 2435 1510 2480 baptis-

121 2511 221 2542 mum,
248 2502 337 2534 sieut
362 2501 453 2534 inl'ra
478 2504 586 2545 patet⁷
611 2501 710 2535 annis
735 2500 851 2534 multis
877 2501 1082 2544 supervixit,
1106 2501 1164 2545 qui
1191 2505 1303 2535 tamen
1329 2511 1350 2536 a
1374 2500 1510 2537 Nerone

191 2642 218 2672 1)
238 2640 352 2667 Verba.
378 2644 413 2667 ei
434 2640 544 2667 Celso
565 2639 675 2666 omittit
697 2639 749 2668 Ed.
771 2644 813 2666 1’1.
883 2640 912 2673 2)
933 2638 986 2669 Ed.
1005 2643 1048 2666 Pr.
1068 2639 1140 2671 legit
1159 2639 1344 2668 cetarius.
