1742 3005
252 95 328 133 126
411 97 507 146 Cap.
544 96 697 133 XXVII.
757 96 814 133 De
844 104 973 133 sancto
1005 97 1180 135 Johanne
1210 97 1525 135 Eleemosinario.

247 205 341 235 tactu
366 203 508 234 mortem
537 201 570 233 in
592 201 712 245 januis
740 209 819 234 esse
843 210 1061 246 cognoscens
1086 201 1174 236 dixit
1200 201 1373 238 familiae:
1399 212 1489 248 quae
1514 202 1557 236 ad
1583 213 1637 237 se*

249 267 421 311 pulturam
449 266 650 299 necessaria
676 270 767 307 sunt,
794 269 1019 311 praeparate,
1046 268 1129 311 quia
1153 269 1315 302 continuo
1336 270 1511 303 morietur.
1539 269 1638 309 Quod

250 332 402 367 Basilius
427 330 573 365 audiens
595 330 682 364 (lixit
708 332 760 365 ci:
786 333 900 366 nescis
927 331 1008 377 quid
1036 331 1133 366 dicis.
1182 332 1244 367 Cui
1268 333 1419 378 Joseph:
1445 334 1547 369 crede
1576 334 1635 368 do>

251 400 360 441 mine,
387 399 470 443 quia
496 395 549 431 sol
573 406 646 430 cum
674 396 749 431 sole
776 397 912 432 occidet
936 397 1063 441 hodie,
1090 401 1124 433 et
1145 402 1181 433 tu
1207 408 1281 432 cum
1308 399 1382 433 sole
1409 400 1547 434 occides
1575 399 1638 434 ho-

250 464 317 499 dic.
366 464 429 498 Cui
453 463 542 497 dixit
566 462 739 496 Basilius:
778 463 860 508 quid
885 463 991 506 dicis,
1020 465 1050 498 si
1075 475 1143 498 non
1169 466 1300 499 moriar
1326 464 1440 499 hodie.
1491 466 1553 499 Cui
1579 465 1639 501 Jo—

250 529 355 575 seph:
403 540 472 564 non
497 532 551 564 est
575 527 744 573 possibile
772 528 919 564 domine.
990 529 1035 564 Et
1058 529 1230 565 Basilius:
1273 534 1308 565 et
1331 532 1361 564 si
1387 532 1421 563 in
1453 532 1639 564 crastinum

252 607 361 642 usque
388 595 432 630 ad
459 594 578 629 horam
607 599 741 630 sextam
766 596 1017 640 supervixero,
1054 596 1137 641 quid
1163 595 1298 631 facies?
1345 595 1389 630 Et
1412 595 1545 641 Joseph
1570 597 1640 630 ait:

252 663 282 696 si
308 672 417 707 usque
443 661 487 694 ad
515 661 607 694 illam
635 662 873 706 supervixeris
899 661 1040 704 horam,
1074 663 1193 707 utiquc
1221 672 1288 708 ego
1315 663 1455 696 moriar.
1501 661 1545 696 Et
1570 661 1638 696 Ba-

253 728 371 762 silius:
404 729 507 761 etiam
531 728 691 760 moriaris
718 730 882 770 peccato,
906 728 1005 761 vivas
1031 732 1144 762 autem
1171 727 1323 762 Christo.
1372 727 1415 762 Et
1440 727 1518 762 ille:
1553 729 1638 766 scio,

253 793 336 838 quid
357 792 464 833 dicis;
491 793 521 825 si
548 802 658 836 usquc
684 791 728 825 ad
752 792 846 825 illam
873 791 992 825 horam
1020 793 1270 837 supervixeris,
1298 793 1422 826 faciam
1448 793 1638 838 quodhor-

253 860 350 893 turis.
400 858 497 892 Tunc
522 857 647 892 beatus
672 857 847 900 Basilius,
881 857 963 892 licet
987 857 1173 892 secundum
1198 862 1355 892 naturam
1379 858 1474 892 illico
1498 859 1641 892 moritu-

255 935 312 958 rus
348 928 463 966 esset,
512 933 534 958 a
565 923 702 957 domino
738 927 854 958 tamen
888 924 1010 957 mortis
1046 923 1204 958 inducias
1241 925 1440 969 impetravit
1473 928 1508 959 et
1531 935 1641 970 usque

256 993 289 1024 in
314 992 503 1024 erastinum
528 991 562 1023 ln
588 988 709 1023 horam
734 998 860 1022 nonam
891 990 987 1023 vixit.
1019 988 1117 1030 Quod
1137 989 1271 1034 Joseph
1297 989 1418 1024 videns
1441 994 1476 1024 et
1495 994 1639 1035 stupens

253 1059 287 1092 in
313 1056 487 1092 Christum
511 1055 678 1096 credidit,
724 1054 878 1089 Basilius
910 1059 1024 1090 autem
1059 1056 1183 1090 virtute
1211 1057 1346 1090 animae
1371 1054 1640 1090 imbecillitatem

252 1122 412 1168 corporis
446 1131 616 1167 superans
648 1121 690 1155 de
717 1120 875 1154 cubiculo
907 1131 970 1155 suo
997 1122 1149 1156 surrexit
1173 1125 1207 1156 et
1233 1122 1416 1157 ecclesiam
1439 1121 1641 1168 ingrediens

253 1199 329 1224 eum
357 1189 429 1222 suls
457 1189 610 1233 propriis
633 1186 793 1220 manibus
818 1186 1024 1231 baptizavit,
1050 1192 1176 1233 postea
1202 1197 1284 1222 vero
1310 1187 1353 1221 ad
1369 1187 1531 1222 lectulum
1544 1198 1640 1222 suum

255 1254 358 1289 rediit
394 1257 428 1288 et
459 1255 575 1288 statim
602 1254 760 1298 spiritum
787 1252 861 1286 Deo
893 1252 1042 1288 feliciter
1069 1253 1232 1289 reddidit.
1302 1252 1435 1288 Floruit
1462 1254 1555 1288 circa
1579 1262 1639 1287 an-

254 1331 317 1355 nos
341 1320 467 1354 domiui
492 1320 728 1354 tricentesimo
753 1318 863 1354 Lxx.

778 1606 904 1668 cAP.
957 1603 1132 1666 xxvll.

320 1743 419 1787 De
450 1741 669 1786 sancto
700 1739 1008 1787 Johanne
1038 1739 1572 1786 EleemosinariO.

366 1855 403 1888 1.
435 1849 613 1885 Johannes
649 1849 944 1884 Eleemosinarius
978 1847 1181 1893 patriarcha
1206 1848 1465 1883 Alexandrinus
1493 1848 1641 1893 quadam

255 1921 354 1952 nocte
388 1918 422 1951 in
457 1917 617 1950 oratione
651 1917 845 1960 persistens
874 1915 960 1950 vidit
992 1913 1164 1960 quandam
1199 1914 1349 1958 puellam
1377 1913 1639 1958 pulcherrimam

253 1983 320 2018 sibi
345 1984 568 2017 assistentem
600 1986 634 2016 et
666 1991 828 2015 coronam
863 1982 1032 2015 olivarum
1057 1982 1091 2015 in
1115 1981 1229 2025 capite
1254 1979 1486 2025 bajulantem,
1540 1989 1641 2024 quam

255 2050 312 2084 ille
342 2048 461 2084 videns
488 2049 626 2081 nimium
654 2048 893 2093 stupefactus,
919 2057 1009 2092 quae
1029 2050 1146 2088 esset,
1174 2046 1374 2090 inquisivit;
1411 2048 1445 2080 et
1469 2045 1547 2079 illa:
1574 2055 1641 2091 ego

255 2126 328 2150 sum
354 2114 614 2156 misericordia,
664 2124 754 2159 quae
778 2113 841 2149 Dei
866 2114 969 2147 lilium
997 2112 1039 2147 de
1065 2112 1165 2146 coelo
1191 2111 1339 2145 adduxi:
1392 2120 1443 2145 me
1477 2119 1640 2155 sponsam

255 2182 374 2225 accipe
400 2184 435 2214 et
460 2179 548 2214 bene
572 2180 635 2213 tibi
663 2182 740 2214 erit.
788 2179 992 2224 Intelligens
1017 2188 1103 2223 ergo
1129 2187 1193 2221 per
1212 2176 1338 2210 olivam
1366 2175 1639 2209 misericordiam

254 2247 453 2291 designari,
481 2244 524 2279 ab
553 2245 614 2278 illa
639 2245 695 2279 die
722 2245 833 2278 sactus
862 2247 915 2279 est
943 2245 993 2277 sic
1018 2243 1239 2284 misericors,
1266 2245 1303 2275 ut
1327 2241 1500 2286 eleymor,
1527 2239 1562 2274 id
1587 2236 1642 2275 cst

254 2312 541 2348 eleemosinarius
578 2314 771 2345 vocaretur.
846 2309 1024 2353 Paupcres
1058 2311 1172 2343 autem
1208 2318 1291 2342 suos
1324 2307 1481 2341 dominos
1506 2316 1643 2351 semper

256 2377 460 2424 appellabat
485 2379 519 2411 et
544 2376 622 2411 inde
647 2374 869 2420 hospitalarii
896 2374 1068 2409 habentur
1094 2376 1219 2415 etiam,
1269 2378 1305 2407 ut
1332 2382 1505 2418 pauperes
1533 2371 1640 2404 domi-

255 2455 318 2479 nos
351 2454 434 2478 suos
468 2446 601 2477 vocent.
679 2441 805 2475 Omnes
841 2442 948 2487 igitur
979 2451 1061 2473 suos
1103 2440 1251 2474 famulos
1285 2439 1493 2473 convocavit
1531 2438 1642 2480 iisque

256 2510 360 2543 dixit:
411 2512 532 2544 euntes
559 2518 623 2552 per
658 2511 765 2541 totam
790 2508 965 2541 civitatem
991 2505 1202 2540 conscribite
1226 2503 1308 2538 mihi
1334 2514 1443 2548 usquc
1471 2501 1515 2536 ad
1542 2512 1641 2535 unum

255 2586 372 2609 onmes
398 2575 555 2608 dominos
583 2583 688 2607 meos.
737 2571 810 2606 Illis
835 2583 918 2607 vero
945 2557 1012 2605 non
1038 2570 1314 2617 intelligentibus
1339 2569 1442 2602 dixit:
1469 2577 1556 2612 quos
1583 2576 1644 2603 vos

257 2650 390 2686 egenos
415 2643 449 2674 ct
475 2639 649 2673 mendicos
678 2639 823 2680 vocatIS,
851 2639 938 2672 istos
963 2648 1030 2683 ego
1058 2636 1216 2671 dominos
1243 2638 1277 2669 et
1294 2632 1523 2668 auxiliatores
1540 2642 1643 2677 prae-

258 2706 347 2741 dico.
395 2704 454 2740 Isti
481 2706 569 2739 euim
595 2704 696 2738 nobis
724 2714 804 2739 vere
829 2703 992 2738 auxiliari
1018 2706 1050 2736 et
1079 2701 1231 2736 coeleste
1257 2709 1398 2745 regnum
1424 2698 1556 2733 donare
1580 2707 1643 2743 po-
