1742 3005
244 75 327 114 446
603 76 700 125 Cap.
737 75 817 112 CV.
877 76 936 112 De
964 83 1094 113 saneta
1127 76 1288 112 Martha.

247 183 429 226 spirltuum
461 178 596 213 turbam
627 190 774 215 cernens
809 190 910 214 orare
945 182 1078 225 eoepit:
1115 183 1159 214 mi
1195 185 1296 225 pater
1328 181 1401 225 ely,
1435 181 1478 213 mi
1505 179 1636 224 hospes

249 257 347 287 care,
396 247 604 291 congregati
629 250 709 280 sunt
734 245 778 279 ad
805 244 1042 280 devorandum
1069 256 1120 280 me
1146 245 1349 281 seductores
1381 247 1467 281 mei.
1506 247 1637 289 scripta

246 315 404 346 tenentes
433 310 543 353 mala,
569 320 660 356 quae
681 312 789 356 gessi.
839 309 902 356 ΕΙΣ
928 321 970 345 ne
998 310 1176 357 elongeris
1201 321 1221 345 a
1246 322 1319 353 me,
1346 311 1405 346 sed
1435 313 1469 345 in
1497 311 1638 356 adjuto-

246 380 331 412 rium
357 387 466 411 meum
492 376 643 411 intende.
692 375 736 411 Et
761 386 840 411 eece
865 367 1023 411 sororem
1048 376 1094 410 ad
1120 386 1158 411 se
1183 377 1377 411 venientem
1404 376 1512 419 vidit,
1549 386 1637 422 quae

246 454 348 478 manu
375 442 486 477 facem
512 447 634 477 tenens
661 452 784 477 cereos
811 446 844 477 et
870 442 1052 487 lampades
1078 442 1158 478 inde
1192 441 1372 483 accendit,
1406 441 1553 488 dumque
1585 442 1638 476 al-

245 514 322 545 tera
347 509 494 544 alteram
519 510 663 553 proprio
690 509 827 542 nomine
852 512 1016 551 voearet,
1043 518 1122 543 ecce
1149 507 1307 542 Christus
1334 507 1475 542 advenit
1500 507 1638 542 dicens:

244 576 349 617 veni,
379 574 507 609 dilecta
535 573 695 619 hospita,
738 578 773 608 et
797 575 857 608 ubi
886 584 953 620 ego
980 583 1076 615 sum,
1110 573 1194 609 illue
1219 584 1349 609 mecum
1376 575 1456 608 eris.
1506 572 1561 607 Tu
1587 583 1640 606 me

246 642 436 685 suscepisti
456 642 490 674 in
516 640 671 684 hospitio
697 644 756 673 tuo
775 666 783 680 ‚
823 649 890 686 ego
926 644 960 675 te
995 642 1160 685 recipiam
1188 641 1222 674 in
1244 640 1343 674 coelo
1372 651 1448 674 meo
1477 644 1511 674 et
1540 640 1639 673 invo-

245 711 366 740 cantes
408 709 443 739 te
487 704 671 739 exaudiam
711 714 830 739 amore
863 709 935 739 tuo.
984 706 1301 751 Appi-opinquante
1339 716 1422 740 vero
1465 704 1553 739 hora
1585 707 1640 739 sui

245 772 416 805 transitus
442 771 539 804 foras
565 769 697 804 deferri
723 779 761 804 se
789 769 892 811 fecit,
926 774 963 804 ut
986 770 1121 804 coelum
1149 776 1271 815 posset
1296 771 1433 813 videre,
1463 772 1641 816 jussitque

247 847 284 872 se
321 839 355 871 iu
392 841 489 871 terra
524 846 631 880 super
665 837 816 870 cinerem
843 837 924 880 poni
962 839 996 870 et
1023 837 1158 881 siguum
1188 838 1300 870 erucis
1325 846 1439 870 coram
1467 847 1505 870 se
1530 838 1642 870 teneri

248 907 282 937 et
308 904 342 936 in
368 901 456 936 haec
482 901 590 936 verba
616 903 752 936 oravit:
789 902 920 947 hospes
948 903 993 936 mi
1025 911 1128 943 care,
1165 902 1252 936 hane
1278 902 1524 948 pauperculam
1550 906 1642 936 tuam

248 967 398 1010 custodi,
434 971 468 1002 et
493 969 582 1002 sicut
607 978 735 1003 meeum
772 969 937 1014 dignatus
972 979 1009 1003 es
1041 967 1237 1012 hospitari,
1269 970 1319 1002 sic
1354 979 1407 1003 me
1445 969 1585 1012 suscipe
1610 968 1645 1001 iu

248 1034 403 1079 hospitio
428 1037 487 1067 tuo
513 1034 670 1068 coelesti.
719 1033 921 1079 Jussitque,
948 1039 985 1068 ut
1009 1036 1131 1078 passio
1158 1035 1347 1070 secundum
1372 1034 1501 1069 Lucam
1528 1043 1644 1068 eoram

248 1110 286 1134 se
323 1099 521 1145 legeretur,
555 1103 589 1134 et
623 1109 697 1133 eum
733 1100 926 1134 dIeeretur:
960 1104 1079 1145 pater,
1118 1101 1152 1134 in
1185 1110 1305 1134 manus
1332 1105 1410 1134 tuas
1438 1098 1644 1134 commendo

248 1166 409 1210 spiritum
440 1176 569 1207 meum,
605 1166 666 1200 illa
699 1167 814 1201 emisit
847 1167 1018 1210 spiritum.
1067 1166 1233 1212 Sequenti
1274 1177 1356 1201 vero
1391 1166 1468 1207 die,
1509 1165 1646 1199 seilicet

249 1232 444 1273 dominica,
481 1230 560 1265 dum
594 1233 690 1266 eirea
721 1242 848 1277 eorpus
875 1232 952 1276 ejus
978 1231 1101 1266 laudes
1127 1232 1369 1273 exsolverent,
1405 1233 1498 1266 circa
1524 1230 1644 1264 horam

248 1299 388 1332 tertiam
413 1297 505 1342 apud
530 1297 778 1344 Petrogoricas
804 1297 910 1332 beato
925 1297 1092 1332 Frontoni
1120 1300 1259 1332 missam
1284 1298 1477 1332 celebranti
1504 1302 1538 1331 et.
1564 1301 1646 1342 post

249 1363 433 1408 epistolam
460 1364 495 1397 in
519 1363 687 1398 cathedra
711 1364 912 1398 dormitanti
939 1363 1096 1398 dominus
1118 1366 1283 1409 apparuit
1301 1364 1421 1398 (lieens
1439 1364 1489 1398 ei:
1519 1363 1645 1396 dilecte

249 1431 294 1463 mi
318 1428 468 1470 Fronto,
497 1431 528 1463 si
555 1431 607 1463 vis
634 1429 850 1474 adimplere,
880 1430 974 1476 quod
1001 1431 1082 1464 olim
1108 1430 1272 1475 hospitae
1298 1434 1441 1464 nostrae
1465 1428 1644 1473 pollicitus

252 1505 311 1537 es,
348 1506 454 1541 surge
491 1495 662 1530 velociter
693 1501 727 1531 et
757 1507 905 1542 sequere
941 1507 1005 1532 me.
1057 1497 1132 1537 Quo
1161 1497 1266 1542 jussa
1297 1496 1493 1541 complente
1526 1494 1644 1528 subito

250 1560 352 1595 ambo
386 1560 627 1596 Taraseonam
659 1567 828 1598 venerunt
861 1568 895 1598 et
927 1564 1023 1597 cirea
1058 1573 1184 1607 corpus
1217 1564 1293 1607 ejus
1317 1562 1510 1607 psallentes
1536 1564 1646 1594 totuin

250 1626 400 1661 osticium
436 1627 537 1661 ambo
575 1631 727 1664 caeteris
767 1628 1063 1674 respondentibus
1098 1634 1312 1675 peregerunt
1344 1632 1378 1663 et
1411 1637 1538 1672 corpus
1569 1627 1645 1671 ejus

250 1695 284 1727 in
310 1693 499 1738 sepulchro
526 1696 600 1728 suis
628 1694 788 1729 manibus
816 1695 1089 1730 collocaverunt.
1139 1695 1263 1730 Verum
1299 1694 1377 1728 dum
1402 1692 1495 1738 apud
1520 1692 1645 1727 Petro-

250 1760 395 1804 gorieas
421 1758 526 1793 linitis
551 1760 712 1794 cantibus
739 1760 916 1804 dyaconus
943 1761 1163 1805 evangelium
1188 1761 1342 1795 lecturus
1368 1759 1644 1794 benedictionem

251 1828 374 1868 petens
411 1827 612 1870 episcopum
647 1827 834 1867 excitaret,
878 1826 937 1860 ille
971 1827 1028 1859 vix
1063 1827 1235 1860 excitatus
1271 1825 1469 1870 respondit:
1517 1824 1645 1858 fratres

251 1891 336 1931 mei,
370 1900 431 1923 cur
454 1901 504 1925 me
531 1892 742 1926 excitastis?
790 1891 956 1925 Dominus
990 1891 1093 1926 Jesus
1128 1891 1288 1925 Christus
1325 1890 1369 1924 ad
1396 1900 1522 1935 corpus
1548 1890 1645 1924 Mar-

251 1955 334 1990 thae
360 1955 521 2000 hospitae
548 1966 633 1991 suae
657 1967 709 1991 me
738 1957 837 1991 duxit
862 1963 895 1992 et
920 1958 1030 2002 ipsam
1056 1957 1263 1990 tradidimus
1299 1957 1524 2001 sepulturae,
1558 1955 1644 1989 diri-

251 2022 324 2066 gite
350 2023 458 2066 igitnr
484 2022 564 2055 illue
589 2023 759 2057 velociter
783 2025 946 2065 nunt-ios,
986 2025 1042 2068 qui
1074 2023 1176 2057 nobis
1203 2023 1364 2057 annulum
1390 2026 1557 2063 nostruin,
1583 2031 1645 2056 au-

253 2097 325 2120 rum
353 2091 387 2121 et
402 2087 610 2131 cyrothecas
625 2090 759 2123 criseas
779 2088 950 2131 deserant,
980 2099 1084 2134 (piae,
1109 2089 1185 2122 dum
1202 2088 1247 2122 ad
1262 2098 1390 2134 corpus
1405 2086 1645 2132 sepeliendum

252 2162 304 2186 me
338 2157 514 2196 aptarem,
548 2155 721 2188 sacristae
756 2155 996 2189 (eontinentlavi
1031 2160 1064 2189 et
1097 2165 1139 2189 ex
1174 2154 1352 2189 oblivione
1388 2142 1523 2195 dimi-si,
1563 2154 1647 2197 quia

238 2212 303 2251 'me
329 2221 399 2251 tam
425 2220 493 2253 cito
521 2221 713 2254 excitastis.
763 2220 867 2255 Missi
894 2223 1003 2255 mmtii
1031 2225 1065 2256 et
1091 2221 1175 2262 hoc,
1212 2225 1248 2254 ut
1281 2222 1469 2265 episcopus
1495 2219 1645 2259 dixerat,

252 2284 467 2318 invenientes
493 2286 654 2319 annulum
682 2286 865 2332 solamque
889 2287 1106 2332 cyrotheeam
1130 2286 1338 2328 attulerunt,
1373 2285 1476 2319 aliam
1503 2295 1584 2320 vero
1611 2285 1645 2318 in

252 2348 354 2393 hujus
400 2351 449 2383 rei
493 2353 727 2386 testimonium
771 2354 923 2387 sacrista
960 2354 1111 2388 retinuit.
1160 2352 1307 2388 Addidit
1345 2362 1484 2397 quoque
1518 2350 1643 2386 beatus

251 2413 380 2448 Fronto
413 2415 553 2450 dicens:
591 2428 664 2451 eum
703 2423 784 2463 post
818 2418 1033 2463 sepulturam
1058 2419 1101 2453 ab
1129 2419 1281 2454 ecclesia
1308 2420 1501 2459 exiremus,
1535 2417 1645 2449 frater

250 2480 388 2524 quidam
422 2481 517 2515 illius
552 2483 621 2517 loci
650 2483 762 2517 literis
789 2486 922 2529 peritus
952 2495 1015 2519 nos
1044 2487 1220 2520 insecutus
1245 2485 1418 2518 dominum
1444 2484 1642 2527 interroga-

249 2547 317 2586 vit,
357 2558 425 2591 quo
462 2550 598 2584 nomine
635 2554 830 2584 vocaretur.
881 2550 943 2584 Cui
976 2551 1036 2585 ille
1068 2551 1153 2585 nihil
1188 2549 1404 2595 respondens
1430 2547 1584 2581 ostendit
1611 2548 1642 2580 ei

251 2610 428 2652 codicem,
455 2624 554 2657 quem
580 2616 614 2648 in
639 2624 740 2649 manu
767 2614 932 2657 tenebat,
967 2620 1146 2661 apertum,
1183 2617 1215 2649 in
1242 2625 1309 2660 quo
1335 2612 1418 2647 nihil
1445 2612 1540 2646 aliud
1567 2617 1643 2647 erat

251 2676 436 2719 seriptum,
471 2680 538 2712 nisi
567 2690 688 2715 versus
716 2682 801 2716 iste:
839 2683 871 2715 in
905 2683 1069 2716 memoria
1101 2685 1246 2715 aeterna
1281 2680 1346 2713 erit
1377 2679 1474 2723 justa
1501 2677 1643 2723 hospita
