1742 3005
303 105 400 154 Cap.
433 103 637 141 CLXXXl.
696 104 755 141 De
786 109 915 140 sancto
947 101 1105 152 Pelagio
1135 114 1249 153 papa.
1383 100 1460 140 841

80 212 264 257 armigeris
297 215 332 246 et
367 211 453 245 duc-e
487 215 521 246 et
552 209 738 245 sacerdote
776 210 921 243 veritate
954 212 1133 252 comperta
1160 206 1224 240 Dei
1252 205 1465 239 ordinationi

80 276 311 311 resistendum
338 288 405 311 non
433 287 512 311 esse
532 276 618 311 vidit
633 280 667 310 et
686 274 764 309 ideo
785 285 847 318 pro
864 284 971 318 puero
999 275 1136 306 mittens
1163 283 1237 306 eum
1264 282 1343 305 esse
1369 282 1465 305 suum

79 352 244 388 generum
278 342 489 387 approbavit
520 346 552 376 et
584 345 664 386 post
701 350 738 374 se
772 349 921 384 regnare
956 339 1115 372 instituit.
1164 337 1200 371 In
1236 337 1314 371 loco
1338 341 1464 378 autem,

54 394 139 442 ‘ubi
167 419 252 452 puer
276 409 458 443 lleinricus
486 412 586 442 uatus
614 407 698 448 suit,
734 405 852 439 nobile
877 404 1123 437 monasterium
1156 402 1374 437 aedilieatum
1402 406 1466 443 est,

80 474 172 518 quod
207 485 318 519 usque
350 474 454 508 hodie
481 473 628 509 Ursania
653 473 830 505 nominata
857 473 922 505 est.
969 468 1038 501 Iste
1062 467 1243 501 lleinrieus
1269 478 1387 501 omnes
1410 469 1466 511 jo-

80 540 256 574 culatores
283 551 303 574 a
330 541 428 574 curia
451 549 515 573 sua
543 537 689 571 removit
715 539 748 569 et
773 545 862 580 quae
888 535 942 568 liis
973 534 1057 567 dare
1092 536 1344 574 consueverat,
1380 542 1467 576 pau-

81 605 224 649 peribus
250 605 432 650 erogabat.
482 603 590 646 Hujus
625 605 783 645 tempore
810 605 941 635 tantum
971 600 1123 634 schisma
1151 600 1185 632 in
1215 598 1366 632 ecclesia
1391 598 1467 639 suit,

80 675 117 704 ut
141 675 214 704 tres
240 672 273 703 iu
299 679 449 703 summos
476 668 656 712 pontifices
685 666 786 701 electi
819 670 946 701 essent.
995 667 1024 700 A
1052 665 1200 711 quodam
1225 668 1339 698 tamen
1365 674 1466 707 pres-

79 735 207 777 bitero,
239 736 377 769 nomine
405 733 586 776 Gratiano,
618 742 744 778 magna
769 732 839 766 illis
867 732 947 766 data
974 733 1121 776 pecunia
1147 730 1258 765 eidem
1288 734 1469 764 cesserunt

79 805 112 835 et
137 802 213 846 ipse
240 805 403 846 papatum
432 799 592 834 obtinuit.
641 799 687 833 At
711 798 892 832 Heinricus
918 798 995 831 dum
1022 808 1084 842 pro
1105 796 1260 831 sedando
1280 796 1468 830 schismate

78 866 219 901 Romam
246 870 422 912 pergeret,
450 864 638 899 Gratianus
663 865 695 898 ei
721 864 867 897 obvians
894 873 1033 898 auream
1056 873 1218 897 coronam
1242 861 1309 894 sibi
1328 861 1467 902 obtulit,

78 936 115 966 ut
140 933 326 977 propitium
361 931 429 965 sibi
464 929 624 966 liaberet.
672 929 733 963 Ille
768 934 880 962 autem
915 933 1038 962 cuncta
1072 928 1295 961 dissimulans
1333 926 1467 971 synodo

77 1001 272 1032 convocata
304 996 505 1032 Gratianum
541 994 583 1029 de
617 996 764 1028 simonia
797 995 946 1028 convicit
977 998 1011 1028 et
1035 994 1138 1027 alium
1165 994 1383 1038 subrogavit.
1432 992 1468 1026 Iu

78 1063 168 1097 libro
180 1068 295 1098 tamen
317 1062 486 1107 ¹)Bonizi‚
509 1071 608 1106 quem
630 1062 722 1094 misit
743 1059 786 1095 ad
808 1061 1019 1093 comitissam
1041 1059 1306 1103 ²)Mecl1tildim‚
1328 1058 1468 1099 dieitur,

79 1128 194 1174 quod,
219 1139 292 1163 cum
321 1127 497 1173 presbiter
523 1126 746 1171 simplicitate
773 1126 894 1160 duetus
920 1126 1156 1171 pontificatum
1183 1126 1249 1159 sibi
1277 1136 1339 1169 per
1361 1136 1467 1169 pecu-

78 1196 168 1228 niam
194 1195 419 1240 acquisierit,
455 1198 492 1228 ut
522 1193 702 1227 schismati
736 1192 918 1232 obviaret,
954 1193 1030 1236 ipse
1062 1192 1280 1236 postmodum
1315 1202 1467 1226 errorem

78 1270 176 1294 suum
216 1270 435 1307 cognoscens
476 1270 514 1293 se
557 1260 667 1303 ipsum
712 1258 883 1292 suadente
919 1259 1129 1302 imperatore
1161 1258 1336 1302 deposuit.
1384 1258 1469 1292 Post

77 1327 167 1361 liunc
192 1326 386 1362 Heinricum
413 1326 538 1360 tertius
565 1324 746 1359 lleinricus
773 1325 930 1368 imperat.
980 1323 1088 1369 Hujus
1114 1328 1269 1368 tempore
1291 1324 1407 1358 Brimo
1434 1326 1467 1358 in

80 1403 205 1437 papam
239 1392 382 1437 eligitur
414 1395 448 1425 et
474 1390 547 1424 Leo
574 1395 738 1432 vocatur,
774 1391 851 1435 qui,
883 1389 961 1423 dum
994 1389 1037 1423 ad
1071 1390 1323 1434 capessendam
1349 1390 1468 1426 sedem

79 1458 310 1503 apostolicam
336 1456 476 1492 Romam
503 1460 690 1501 pergeret,
725 1456 860 1490 audivit
892 1466 996 1490 voces
1023 1457 1227 1501 angelorum
1251 1458 1466 1491 canentium:

79 1524 163 1558 (licit
193 1524 375 1565 dominus,
410 1533 477 1568 ego
511 1524 630 1567 cogito
668 1524 902 1567 cogitationes
935 1523 1030 1566 pacis
1064 1527 1132 1559 etc.
1181 1522 1242 1556 llic
1276 1522 1319 1556 de
1353 1523 1468 1556 multis

79 1592 212 1624 sanetis
246 1594 368 1624 cantus
403 1590 610 1633 composuit.
659 1588 729 1622 Hoc
763 1592 919 1632 tempore
951 1598 1014 1632 per
1045 1587 1296 1633 Berengarium
1329 1589 1469 1622 turbata

79 1657 146 1690 tuit
171 1656 341 1698 ecclesia,
377 1656 434 1701 qui
461 1654 646 1689 asserebat
671 1664 799 1698 corpus
828 1658 861 1688 et
885 1656 1090 1699 sanguinem
1118 1654 1249 1688 Christi
1277 1666 1343 1689 nou
1373 1666 1466 1697 vere,

79 1722 142 1758 sed
163 1722 347 1768 figurative
368 1732 447 1756 esse
465 1723 497 1754 in
517 1720 634 1755 altari.
661 1720 790 1754 Contra
809 1730 908 1764 quem
929 1721 1073 1765 scripsit
1087 1723 1231 1767 egregie
1249 1721 1468 1755 Lausi-ancus

80 1789 177 1833 prior
208 1788 368 1822 Betensis
403 1788 543 1821 natione
577 1785 782 1830 Papffnsis,
820 1787 876 1831 qui
907 1786 971 1820 suit
999 1788 1168 1832 magister
1192 1787 1347 1821 Anselmi
1377 1788 1467 1821 Cau-

79 1855 281 1890 tuariensis.
329 1853 461 1888 Deinde
491 1857 635 1898 quartus
663 1852 844 1886 Heinricus
876 1854 1022 1897 imperat
1055 1863 1145 1886 anno
1173 1853 1301 1887 domiui
1328 1853 1469 1895 MLvu,

78 1921 179 1965 cujus
219 1923 379 1964 ternpore
418 1920 566 1953 maxime
609 1918 725 1953 lloruit
760 1918 993 1954 Lansranc-uS.
1060 1918 1116 1953 Ad
1159 1920 1258 1964 cujus
1308 1921 1468 1954 eximiam

80 1985 273 2020 doctrinam
297 1985 500 2020 convolavit
524 1984 798 2030 deurguudia
822 1985 1007 2019 Anselmus
1040 1986 1092 2019 vir
1119 1985 1336 2030 postmodum
1364 1986 1472 2020 multa

79 2052 207 2084 virtute
242 2054 277 2084 et
307 2052 482 2094 sapientia
515 2049 732 2092 adornatus,
769 2054 802 2084 et
837 2052 868 2084 ei
903 2051 936 2082 in
972 2051 1129 2093 prioratu
1164 2052 1369 2084 monasterii
1403 2050 1470 2084 Be-

79 2117 190 2150 tensis
217 2116 400 2150 successit.
449 2114 520 2149 Sub
547 2114 614 2149 hoc
640 2119 798 2159 tempore
823 2114 1020 2149 Jerusalem
1052 2124 1072 2148 a
1100 2114 1288 2148 Saracenis
1322 2120 1426 2159 capta
1451 2126 1472 2150 a

81 2181 244 2216 fidelibus
269 2185 477 2226 recuperata
502 2184 568 2216 est.
617 2180 709 2214 Ossa
737 2180 830 2214 beati
857 2179 992 2214 Nicolai
1018 2179 1111 2224 apud
1135 2179 1325 2214 Barensem
1351 2181 1471 2216 urbem

81 2247 253 2282 translata
277 2251 367 2281 sunt.
415 2246 467 2280 De
494 2257 561 2290 quo
589 2247 678 2280 inter
704 2250 845 2280 caetera
865 2246 1009 2292 legitur,
1035 2245 1141 2291 quod,
1169 2246 1246 2280 dum
1266 2249 1298 2281 in
1320 2247 1468 2292 quadam

83 2313 247 2355 ecclesia,
267 2323 356 2358 quae
375 2312 502 2346 dieitur
519 2317 643 2346 saneta
661 2322 757 2355 crux,
779 2312 940 2358 subJecta
959 2316 1103 2346 sanctae
1114 2311 1251 2347 Mariae
1271 2313 1313 2347 de
1327 2315 1473 2348 caritate

82 2379 231 2414 nondum
249 2378 344 2412 beati
357 2377 494 2412 Nic-olai
512 2377 991 2423 novahystoriacantaretur,
1012 2379 1139 2413 tratres
1158 2380 1321 2423 priorem,
1343 2383 1379 2412 ut
1399 2389 1472 2413 eam

82 2445 151 2479 sibi
168 2432 309 2479 eantare
325 2444 462 2485 liceret!
491 2444 677 2478 instantius
701 2444 906 2479 exorabant.
943 2444 1008 2484 Qui
1027 2444 1226 2478 nullatenus
1245 2445 1473 2489 acquiescens

84 2509 195 2552 dixit,
224 2511 449 2554 incongruum
479 2519 579 2550 esse,
607 2520 734 2545 morem
762 2511 944 2555 pristinum
972 2510 1014 2544 de
1039 2510 1253 2544 novitatibus
1281 2511 1472 2545 immutare.

85 2576 167 2610 Cum
187 2575 301 2610 adhue
321 2574 449 2610 fratres
469 2576 651 2618 instarent,
675 2575 732 2610 ille
750 2575 951 2621 indignatus
971 2575 1171 2620 respoudit:
1202 2575 1369 2619 recedite,
1398 2576 1470 2612 sra-v

153 2721 255 2755 1)'L·d.
273 2725 318 2752 l’r.
339 2721 480 2749 Bonctl
499 2721 580 2754 logii.
686 2723 712 2756 Ξ)
733 2721 786 2749 Ed.
808 2725 851 2750 l'r.
870 2721 1046 2749 Mutilum
1067 2720 1163 2751 oss‘ert.
