1742 3005
265 98 359 146 Cap.
393 97 542 134 CXLV.
603 98 659 134 De
693 106 822 134 saneto
855 98 1039 136 Michaeie
1072 99 1313 150 archangele.
1406 100 1485 138 643

94 201 226 236 infinita
263 202 480 236 multitudiue
523 201 690 246 pollebat.
741 204 821 237 Cum
867 208 979 238 antem
1026 206 1118 238 cirea
1151 204 1325 248 praedicti
1357 207 1482 239 inentis

92 267 206 301 latera
231 272 482 312 pascerentur,
520 269 691 313 contigit,
729 269 898 313 <piendam
935 274 1068 303 taurum
1101 269 1191 304 alios
1225 270 1423 315 relinquere
1449 275 1483 305 et

92 334 253 367 verticem
288 335 413 367 montis
452 333 701 368 conscendere.
753 334 833 367 Cum
868 334 1002 368 domum
1037 335 1117 368 aliis
1154 334 1380 369 redeuntibus
1411 346 1480 370 non

91 397 272 440 rediisset,
299 399 448 433 collecta
468 399 625 433 dominns
649 399 865 433 multitudine
886 400 1090 433 saint-:lorum
1111 410 1173 443 per
1192 400 1294 434 devia
1321 410 1481 446 quaeque

91 465 274 508 requirens
310 466 423 508 ipsum
461 464 597 498 tandem
630 466 665 497 in
700 465 830 497 vertice
866 466 990 497 montis
1016 466 1119 508 juxta
1146 466 1273 498 ostium
1298 466 1478 510 quusdani

89 528 278 573 speluncae
305 530 446 564 invenit.
494 528 674 562 Permotus
702 530 841 572 itaque,
870 538 931 562 cur
956 529 1139 573 solivagus
1164 529 1363 569 incederet,
1400 540 1478 564 mox

90 595 124 628 in
145 596 257 640 ipsum
282 596 447 639 sagittam
472 594 660 627 toxicatam
687 592 834 635 direxit,
875 593 937 628 sed
976 595 1091 628 statim
1127 594 1219 629 velut
1247 604 1268 628 a
1294 597 1394 628 vento
1422 605 1477 629 re-

87 662 181 694 torta
214 661 344 704 ipsum,
385 660 443 704 qui
473 659 628 704 Jecerat,
671 660 902 703 repercussit.
952 659 1103 693 Turbati
1137 669 1243 704 super
1281 659 1347 694 hoc
1382 661 1476 694 cives

85 725 288 769 episcopum
314 724 444 759 adeunt
476 728 510 759 et
540 735 648 769 super
673 735 710 759 rc
734 728 804 758 tam
831 724 1006 769 stupenda
1030 727 1143 770 ipsum
1172 727 1360 770 requirunt.
1412 725 1477 765 Qui

83 788 280 824 triduanum
303 791 475 835 jejunium
501 791 545 824 iis
571 790 697 824 indixit
723 795 757 825 et
782 800 802 824 a
822 790 894 824 Deo
915 790 1150 834 quaerendum
1177 801 1256 825 esse
1284 791 1475 826 admonuit.

85 853 159 894 Quo
180 859 324 900 peraeto
342 839 483 890 sanctus
495 855 650 891 Michael
675 857 842 900 episcopo
860 857 1025 899 apparuit
1045 856 1185 890 dicens:
1205 857 1339 897 sciatis,
1362 855 1472 889 homi-

84 930 161 954 nem
187 920 282 955 illum
310 921 488 956 voluntate
513 931 590 956 mea
614 932 677 955 suo
703 920 774 956 telo
802 930 880 955 esse
911 930 1135 964 percussum3
1171 931 1238 965 ego
1274 923 1362 955 enim
1400 932 1473 955 sum

83 984 238 1020 Michael
265 986 521 1033 archangelus,
555 987 614 1032 qui
644 986 755 1020 locum
785 985 875 1019 hunc
911 987 945 1019 in
978 987 1083 1020 terris
1114 985 1268 1020 incolere
1294 990 1473 1032 tutumque

84 1060 228 1086 servare
253 1055 411 1087 statuens
435 1052 503 1087 hoc
529 1052 622 1086 volui
647 1051 798 1096 probare
826 1050 968 1093 indicio,
995 1053 1105 1095 ipsius
1131 1062 1183 1086 me
1205 1051 1273 1085 loc-i
1295 1053 1471 1095 inspecto-

83 1126 153 1150 rem
188 1127 267 1152 esse
300 1121 404 1162 atque
439 1117 632 1155 custodem.
681 1117 876 1162 Statimque
913 1118 1100 1161 episcopus
1136 1121 1241 1162 atque
1275 1118 1368 1151 cives
1396 1127 1471 1151 cum

81 1184 310 1226 processione
349 1183 462 1218 locum
501 1183 632 1218 'adeunt
674 1187 708 1217 et
738 1182 877 1227 ingredi
909 1193 977 1216 non
1013 1186 1275 1227 praesumentes
1318 1183 1469 1216 orationi

82 1257 167 1292 prae
199 1247 336 1283 foribus
370 1250 546 1283 insistunt.
594 1248 756 1283 Secunda
787 1250 963 1293 apparitio
1002 1252 1075 1290 est,
1108 1257 1197 1293 quae
1223 1249 1318 1281 cirea
1345 1257 1471 1281 annum

80 1312 210 1348 domini
225 1313 347 1349 DCCX
373 1314 548 1349 accidisse
574 1313 794 1348 describitur.
843 1314 929 1348 Nam
955 1315 988 1347 in
1014 1313 1103 1356 loco,
1131 1315 1190 1359 qui
1217 1314 1353 1348 Tuinba
1380 1313 1469 1348 diei-

79 1382 149 1422 tur,
169 1379 275 1424 juxta
292 1389 400 1423 mare,
426 1382 484 1425 qui
508 1379 554 1414 VI
581 1379 734 1414 millibus
755 1381 798 1415 ab
816 1380 902 1414 urbe
924 1379 1150 1424 ¹)Apricensi
1169 1379 1289 1422 distat,
1315 1379 1469 1415 Mieliael

81 1445 252 1489 episcopo
285 1445 488 1489 praedictae
523 1446 677 1479 civitatis
710 1447 876 1490 apparuit
906 1445 1025 1480 dicens
1060 1449 1093 1480 et
1113 1445 1280 1490 Jubens,·
1301 1449 1338 1479 ut
1362 1455 1465 1489 prae-

81 1508 176 1544 dicto
210 1509 288 1544 loco
323 1511 506 1546 ecclesiam
540 1514 758 1546 construeret
794 1515 848 1552 et,
886 1512 976 1544 sieut
1008 1510 1044 1544 sit
1075 1511 1109 1544 in
1141 1514 1256 1545 monte
1291 1509 1467 1556 Gargano.

81 1575 132 1609 ita
168 1579 204 1610 et
240 1574 291 1609 ibi
330 1576 365 1610 in
407 1578 606 1611 memoriam
649 1578 761 1610 sancti
794 1576 981 1611 Michaelis
1017 1575 1225 1621 archangeli
1260 1575 1469 1610 celebraret.

80 1640 166 1676 Cum
190 1645 303 1676 autem
329 1643 518 1687 episcopus
543 1641 586 1676 de
611 1641 712 1683 loeo,
738 1643 774 1675 in
800 1652 867 1687 quo
895 1642 1076 1676 ecclesiam
1102 1645 1338 1682 construeret,
1367 1641 1470 1675 dubi-

79 1710 191 1749 taret,
227 1706 271 1741 ab
297 1708 377 1752 ipso
405 1707 590 1749 edocetur,
628 1711 666 1741 ut
689 1707 738 1740 ibi
762 1709 917 1741 construi
943 1717 1019 1742 eam
1051 1706 1204 1749 faceret,
1238 1707 1300 1742 ubi
1331 1711 1467 1741 taurum

80 1781 102 1806 a
124 1771 320 1807 latronibus
349 1772 591 1807 absconditum
617 1774 808 1814 inveniret,
842 1774 1035 1818 iterumque
1067 1772 1110 1807 de
1143 1773 1211 1807 loci
1239 1772 1467 1817 amplitudine

80 1836 246 1875 dubitans,
265 1838 410 1884 jubetur
433 1839 569 1873 modum
596 1840 631 1872 in
662 1838 889 1883 amplitudine
923 1842 1098 1880 statuere,
1136 1843 1300 1884 quantum
1334 1837 1468 1873 videret

77 1905 214 1938 taurum
245 1905 280 1938 in
311 1905 457 1939 circuitu
488 1903 637 1949 pedibus
670 1905 864 1940 intrivisse.
912 1903 1009 1938 Duae
1053 1908 1166 1938 auteur
1199 1915 1304 1949 rupes
1337 1904 1466 1939 ibidem

80 1972 198 2010 erant,
243 1979 331 2014 quas
376 1969 577 2005 nullatenus
619 1971 729 2004 virtus
771 1969 922 2003 humana
963 1980 1103 2005 movere
1146 1973 1295 2014 poterat.
1369 1969 1465 2004 Tune

77 2030 233 2067 Michael
257 2033 393 2068 cuidam
418 2036 492 2069 viro
517 2036 682 2078 apparuit
707 2035 951 2078 praecipiens,
981 2038 1018 2068 ut
1043 2034 1086 2068 ad
1113 2035 1326 2079 praedictum
1352 2034 1465 2067 locum

79 2095 228 2131 accedat
253 2100 288 2131 et
310 2098 408 2142 ipsas
434 2108 539 2142 rupes
564 2102 754 2132 removeat.
804 2097 880 2137 Quo
911 2098 1099 2133 accedente
1134 2102 1203 2131 tarn
1230 2097 1336 2131 facile
1360 2107 1465 2141 rupes

80 2163 207 2205 movit,
241 2165 280 2196 ut
310 2161 398 2196 nihil
428 2161 560 2196 habere
586 2162 753 2207 ponderis
781 2161 994 2197 viderentur.
1043 2162 1240 2197 Aedificata
1265 2163 1373 2208 igitur
1395 2161 1463 2196 ibi-

32 2231 39 2233 *
79 2225 165 2263 deni.
181 2226 334 2262 ecclesia
360 2226 403 2262 de
428 2230 542 2262 monte
571 2225 736 2273 Gargano
761 2231 892 2272 partem
907 2227 1018 2272 pallii,
1046 2227 1140 2272 quod
1155 2231 1296 2262 sanctus
1313 2227 1463 2262 Michael

79 2302 185 2337 super
219 2292 332 2328 altare
362 2293 503 2338 posuit,
537 2296 572 2327 et
603 2296 737 2337 partem
770 2295 972 2336 marmoris,
1016 2303 1122 2338 super
1157 2305 1224 2339 quo
1260 2296 1376 2335 stetit,
1418 2294 1462 2328 ad

79 2367 178 2392 suam
204 2357 388 2392 ecclesiam
413 2357 621 2393 detulerunt.
671 2358 755 2393 Cum
786 2370 869 2394 vero
900 2358 1029 2394 ibidem
1057 2369 1171 2404 aquae
1197 2360 1374 2404 penuriam
1401 2368 1463 2403 pa-

79 2426 253 2464 terentur,
279 2424 411 2457 monitu
437 2423 556 2469 angeli
581 2423 753 2469 quoddam
778 2425 934 2460 foramen
952 2426 985 2459 in
1007 2424 1154 2469 quodam
1171 2434 1258 2458 saxo
1276 2423 1462 2458 durissimo

79 2487 238 2524 fecerunt
273 2491 308 2522 et
330 2491 429 2522 tanta
453 2497 619 2533 aquarum
645 2491 750 2535 copia
775 2492 933 2534 protinus
961 2492 1148 2532 emanavit,
1176 2494 1213 2524 ut
1239 2499 1349 2534 usque
1376 2499 1463 2524 nunc

80 2554 157 2599 ejus
197 2551 368 2588 beneficio
409 2554 589 2597 copiosius
633 2559 883 2592 sustententur.
939 2555 1029 2590 Haec
1071 2559 1182 2590 autem
1219 2556 1392 2599 apparitio
1428 2557 1461 2589 in

145 2695 173 2726 l)
192 2694 267 2722 Alii:
289 2685 403 2722 Auria
417 2694 520 2721 censi
540 2693 650 2726 legunt.

1117 2747 1189 2781 41*
