1742 3005
262 53 342 91 302
486 53 581 103 Cap.
604 52 756 89 van.
816 52 875 91 De
905 60 1038 90 sancto
1069 55 1211 91 Jacobo
1243 56 1432 105 apostolo.

262 158 359 193 ribus
382 162 416 194 et
435 166 563 191 uxores
588 157 672 190 viris
696 155 793 191 eibos
811 167 878 190 non
897 160 1029 191 tantum
1050 168 1068 192 e
1088 158 1261 200 manibus,
1288 158 1351 194 sed
1380 159 1482 193 etiam
1509 168 1551 194 ex
1572 159 1658 204 ipsis

266 223 428 259 dentibus
469 222 671 267 rapiebant,
702 223 853 268 juvenes
888 223 992 257 etiam
1018 227 1134 257 aetate
1159 223 1327 258 fortiores
1356 224 1448 259 velut
1472 224 1660 259 simulacra

262 301 324 334 per
359 291 447 323 viam
483 288 681 325 oberrando
714 298 798 334 prae
835 289 925 323 same
960 290 1138 323 exanimes
1177 288 1367 332 cadebant3
1406 292 1466 335 qui
1504 295 1658 324 mortuos

261 355 501 400 sepeliebant,
533 364 641 399 saepe
670 364 777 400 super
804 356 901 399 ipsos
926 359 1082 389 mortuos
1108 356 1235 388 mortui
1262 354 1456 398 cadebant,
1490 356 1658 390 foetorem

261 424 379 468 itaque
405 422 613 456 cadaverum
638 431 707 455 non
743 420 897 455 ferentes
934 431 976 455 ex
1009 420 1150 465 publico
1186 424 1300 454 sumtu
1324 421 1402 465 ipsa
1428 421 1658 465 sepeliebant,

261 489 322 524 sed
350 487 532 523 deficiente
559 492 692 529 sumtu,
725 488 886 521 vincente
923 486 1131 521 cadaverum
1165 486 1384 520 multitudine
1410 486 1452 522 de
1480 498 1574 521 muro
1601 497 1659 521 ea-

262 554 395 589 ‹lavera
418 553 712 599 praecipitabant.
763 553 808 587 At
843 552 945 586 Titus
982 554 1156 587 circuiens
1192 563 1266 587 eum
1292 552 1440 587 vidisset
1465 552 1576 587 valles
1602 564 1657 588 re-

261 620 375 665 pletas
410 619 642 654 cadaveribus
678 623 711 653 et
743 622 850 652 totam
887 620 1034 663 patriam
1068 629 1111 653 ex
1145 629 1263 653 eorum
1298 618 1434 653 foetore
1461 623 1658 663 corruptam

261 696 382 719 manus
408 695 489 718 suas
516 695 589 718 eum
617 684 778 728 laci-,vinis
806 683 851 717 ad
879 684 1013 718 eoelum
1042 684 1170 718 levavit
1194 685 1334 719 dicens:
1359 684 1466 726 Deus,
1491 688 1528 718 tu
1546 684 1657 720 vides.

261 754 343 797 quia
369 761 436 796 ego
464 749 530 784 hoc
556 760 625 783 non
653 750 756 783 facio.
808 749 926 783 Tanta
955 751 1043 783 enim
1068 749 1117 783 ibi
1142 750 1252 784 sames
1279 754 1375 791 erat,
1400 750 1492 794 quod
1518 750 1656 784 calcea—

262 821 378 851 menta
402 826 467 851 sua
494 820 527 850 et
555 817 729 860 corrigias
756 815 995 850 comedebant.
1043 815 1210 850 Matrona
1230 814 1401 860 quaedam
1428 816 1570 860 insuper
1593 827 1656 861 ge-

260 894 344 917 nere
374 886 407 916 et
435 881 570 914 divitiis
596 881 747 923 nobiliS,
775 883 865 915 sieut
891 883 927 915 in
951 881 1110 926 hystoria
1134 881 1379 915 ecclesiastiea
1406 880 1554 926 legitur,
1582 892 1656 916 eum

259 948 459 994 praedones
485 949 519 981 in
547 948 623 992 ejus
651 947 785 982 domum
812 949 985 982 irruentes
1015 957 1090 981 eam
1119 946 1277 981 omnibus
1310 947 1569 991 exspoliassent
1593 958 1657 983 nee

261 1015 329 1048 sibi
358 1014 462 1055 ultra,
489 1012 572 1058 quid
600 1013 818 1055 comederet,
845 1014 1085 1053 remansisset,
1117 1013 1298 1058 parvulum
1323 1012 1508 1047 lactentem
1532 1017 1655 1048 tenens

261 1082 294 1114 in
317 1079 476 1113 manibus
490 1080 556 1112 ait:
583 1079 737 1113 insellcis
757 1081 877 1113 matris
899 1079 1076 1113 infelicior
1092 1078 1152 1121 fili,
1179 1080 1212 1112 in
1231 1079 1337 1114 belle.
1366 1079 1520 1121 infame,
1544 1080 1579 1112 in
1602 1078 1655 1112 di-

261 1147 433 1191 reptione,
461 1146 515 1179 cui
540 1148 574 1179 te
597 1144 817 1179 reservabo?
864 1144 954 1180 Veni
977 1155 1063 1189 ergo
1086 1155 1188 1187 nune,
1215 1155 1234 1178 o
1255 1146 1299 1178 mi
1317 1149 1416 1185 nate,
1456 1148 1532 1179 esto
1553 1146 1656 1178 matri

261 1213 373 1254 cibus,
401 1210 640 1259 praedonibus
667 1209 883 1251 scandalum,
911 1210 1066 1244 saeculis
1091 1210 1222 1244 tabula.
1271 1209 1314 1245 Et
1340 1210 1394 1245 his
1421 1210 1523 1245 dictis
1548 1210 1654 1245 tilium

255 1278 436 1325 jugulavit
461 1280 494 1312 et
518 1277 613 1311 coxit
640 1281 673 1311 et
699 1276 876 1310 dimidium
903 1276 1091 1310 comedens
1114 1280 1246 1320 partem
1281 1276 1424 1310 alteram
1457 1277 1653 1311 occultavit.

258 1344 301 1379 Et
322 1354 402 1379 ecee
421 1342 605 1378 confestim
629 1341 828 1387 praedones
847 1341 989 1375 odorem
1018 1342 1133 1375 carnis
1161 1346 1282 1376 coctae
1309 1343 1500 1376 sentientes
1528 1344 1562 1377 in
1589 1343 1652 1376 do-

259 1422 347 1445 mum
367 1412 502 1444 irruunt
519 1412 565 1452 et,
588 1409 655 1442 nisi
673 1418 811 1443 earnem
825 1406 966 1452 prodat,
994 1412 1136 1442 mortem
1159 1409 1345 1442 minantur.
1395 1407 1494 1442 Tune
1513 1408 1574 1443 illa
1591 1407 1652 1444 de-

258 1482 383 1521 tegens
409 1475 552 1509 infantis
579 1474 751 1509 membra:
788 1484 891 1515 ecce,
927 1474 1057 1518 inquit,
1091 1473 1193 1508 vobis
1228 1478 1362 1519 partem
1400 1476 1562 1519 optimam
1596 1485 1651 1509 re-

258 1543 408 1577 servavi.
456 1541 502 1575 At
535 1541 614 1574 illos
638 1544 755 1574 tantus
780 1539 908 1573 horror
933 1540 1084 1580 invasit,
1120 1539 1212 1585 quod
1238 1550 1301 1574 nee
1333 1540 1430 1586 loqui
1455 1546 1651 1586 potuerunt.

259 1607 300 1642 Et
326 1607 406 1640 illa:
443 1616 538 1640 meus
554 1633 562 1648 ‚
587 1606 707 1649 inquit,
734 1605 826 1639 lilius
853 1605 929 1647 hie,
955 1616 1066 1640 meum
1091 1610 1144 1640 est
1170 1610 1368 1650 peceatum,
1406 1609 1522 1641 securi
1547 1607 1651 1644 edite.

258 1675 341 1719 quia
365 1673 464 1717 prior
487 1681 554 1717 ego
580 1670 715 1705 comedi
731 1698 738 1712 ,
765 1681 864 1715 quem
891 1672 1019 1714 genui,
1055 1671 1164 1705 nolite
1187 1672 1262 1707 sieri
1287 1676 1347 1706 aut
1374 1677 1483 1707 matre
1506 1673 1651 1720 religio-

257 1740 371 1773 siores
399 1741 459 1772 aut
483 1737 621 1772 seminis
649 1736 847 1771 molliores:
882 1734 1008 1780 quodsi
1041 1737 1148 1769 vineit
1184 1748 1246 1771 vos
1276 1739 1392 1781 pietas
1425 1742 1459 1772 et
1484 1738 1650 1781 horretis,

257 1815 324 1850 ego
351 1808 460 1838 totum
486 1802 678 1844 comedam,
706 1801 799 1847 quod
825 1801 1002 1836 dimidium
1023 1803 1097 1847 Jam
1120 1802 1266 1837 comedi.
1314 1802 1368 1836 Illi
1393 1813 1475 1837 vero
1499 1807 1650 1838 tremen-

256 1875 308 1905 tes
341 1874 376 1904 et
411 1870 523 1904 territi
558 1867 808 1903 discesserunt.
859 1867 1016 1902 Tandem
1051 1868 1204 1903 secundo
1232 1879 1323 1903 anno
1353 1870 1490 1913 imperii
1512 1868 1646 1914 Vespa-

255 1937 347 1970 siani
373 1935 476 1969 Titus
503 1934 699 1969 Jerusalem
728 1936 821 1979 cepit
847 1937 880 1968 et
916 1938 1054 1978 (raptam
1087 1935 1261 1969 subvertit
1298 1934 1533 1979 templumque
1570 1936 1647 1969 sun-

255 2000 347 2035 ditus
367 2000 541 2034 destruxit
559 2004 605 2043 et,
631 2001 723 2034 sieut
747 1999 875 2035 Judaei
901 2000 1074 2034 Christum
1099 1999 1202 2034 XXX
1226 1999 1380 2034 denariis
1407 2006 1573 2043 emerant,
1598 2003 1651 2036 sie

254 2071 288 2100 et
320 2068 396 2111 ipse
429 2077 497 2100 uno
537 2065 681 2100 denario
719 2065 822 2099 XXX
854 2057 1010 2100 ,Iudaeos
1046 2065 1213 2100 vendidit.
1263 2065 1362 2100 Sic-ut
1391 2071 1504 2102 autem
1531 2072 1651 2102 narrat

252 2131 442 2177 Joseplius,
468 2133 663 2177 nonaginta
688 2135 821 2176 septem
844 2131 955 2166 millia
980 2131 1192 2166 ,ludaeorum
1217 2131 1359 2166 vendita
1382 2136 1462 2166 sunt
1483 2137 1516 2167 et
1536 2132 1645 2167 unde-

251 2199 323 2231 cies
350 2202 498 2232 centena
525 2197 635 2230 millia
662 2197 752 2231 same
780 2201 814 2232 et
839 2196 961 2242 gladio
977 2198 1166 2241 perierunt.
1214 2195 1363 2242 Legitur
1378 2208 1528 2243 quoque,
1555 2199 1649 2244 quod

251 2262 355 2298 Titus
383 2265 517 2297 intrans
542 2262 738 2297 Jerusalem
764 2262 935 2307 quendam
961 2273 1091 2296 :nurum
1118 2262 1363 2297 densissimum
1388 2263 1487 2305 vidit,
1515 2265 1645 2308 ipsum-

250 2340 316 2374 que
350 2328 527 2374 persorari
560 2329 759 2372 praecepit,
794 2327 958 2372 sas-toque
994 2328 1163 2362 foramine
1195 2328 1366 2373 quendam
1403 2330 1494 2363 intus
1529 2340 1645 2364 senem

248 2394 419 2439 adspectu
456 2398 490 2428 et
523 2395 651 2428 canitie
690 2393 927 2427 venerabilem
961 2394 1186 2431 invenerunt,
1231 2395 1290 2440 qui
1318 2396 1533 2440 requisitus,
1568 2395 1644 2439 quis

249 2464 363 2499 esset,
400 2459 606 2504 respondit,
650 2469 689 2493 se
724 2469 804 2493 esse
841 2459 973 2503 joseph
1005 2459 1049 2493 ab
1083 2459 1280 2494 Arimathia
1313 2461 1457 2494 civitate
1488 2459 1643 2494 Judaeae

249 2534 357 2568 seque
384 2535 405 2559 a
432 2525 578 2560 Judaeis
605 2524 733 2559 ibidem
761 2525 916 2559 clausum
944 2530 977 2559 et
1003 2529 1172 2559 muratum
1202 2525 1326 2568 fuisse,
1353 2536 1394 2560 eo
1421 2522 1513 2569 quod
1541 2522 1641 2557 Chri-

248 2593 336 2622 stum
362 2591 572 2633 sepelisset,
601 2589 826 2635 addiditque,
856 2589 947 2635 quod
974 2590 1018 2624 ab
1045 2591 1106 2625 illo
1131 2596 1289 2636 tempore
1313 2599 1422 2634 usque
1448 2599 1537 2623 nune
1563 2600 1641 2624 eoe-

252 2654 331 2689 lesti
353 2655 399 2687 sit
425 2654 504 2687 eibo
533 2659 654 2697 pastus
681 2660 714 2690 et
742 2656 859 2689 divino
885 2656 1012 2690 lumine
1038 2656 1265 2690 confortatus.
1312 2653 1347 2688 ln
1378 2654 1564 2698 evangelio
1588 2659 1641 2689 ta-
