1742 3005
378 83 474 133 Cap.
507 82 627 120 XCll.
687 83 744 120 De
773 89 903 119 sancta
933 81 1153 119 Theodora.
1380 81 1461 120 399

48 178 142 221 ‘iens
169 195 243 222 eam
279 189 434 229 terrere,
474 187 508 220 in
547 186 806 221 similitudinem
843 187 993 222 serarum
1030 187 1236 222 terribilium
1273 186 1461 223 daemones

68 251 113 286 ad
150 262 226 287 eam
261 256 430 287 venerunt
455 257 490 288 et
521 254 574 286 vir
608 252 748 298 quidam
783 253 957 298 instigans
993 263 1053 287 eas
1091 252 1249 287 dicebat:
1291 238 1461 289 comedite

68 320 283 353 meretricem
328 318 428 353 hauc.
475 317 548 352 Ista
584 323 698 353 autem
739 320 853 353 oravit
887 323 921 353 et
956 322 1182 353 evanuerunt.
1231 319 1353 368 Altera
1387 321 1462 355 vice

68 384 250 418 multitudo
289 385 433 419 militum
471 384 652 426 veniebat,
686 394 786 430 quam
824 386 985 428 princeps
1019 383 1276 428 praecedebat,
1319 390 1354 419 et
1385 396 1460 420 eum

66 452 198 485 caeteri
224 450 444 493 adorabant,
484 450 714 494 dixeruntque
741 449 868 484 milites
895 448 1127 484 Theodorae:
1163 460 1269 494 surge
1293 455 1327 484 et
1351 451 1462 485 adora

69 517 260 561 prinprem
285 520 450 550 nostrum.
499 516 595 555 Quae
621 514 820 559 respondit:
858 513 1030 548 dominum
1057 514 1164 548 Deum
1190 514 1312 550 adoro.
1362 517 1462 555 Quod

67 591 141 615 cum
165 583 315 627 principi
341 583 532 616 nuntiatum
559 581 706 622 sulsset,
742 580 850 625 jussit
881 590 954 614 eam
991 579 1121 614 adduci
1147 585 1182 615 et
1205 585 1257 614 tot
1281 584 1461 616 tormentis

68 647 184 689 affici,
223 651 260 681 ut
294 651 431 681 mortua
462 651 666 691 putaretur,
709 650 742 681 et
780 646 1000 691 postmodum
1035 648 1146 681 omnis
1178 646 1281 680 turba
1311 650 1462 682 evanuit.

67 713 149 747 Alia
173 713 295 747 iterum
323 713 398 747 vice
427 713 512 746 vidit
535 712 663 747 ibidem
687 722 806 746 aurum
834 712 994 754 multum,
1024 723 1114 757 quae
1141 714 1286 758 signans
1313 724 1350 748 se
1377 715 1461 748 illud

67 778 199 825 refugit
223 783 258 813 et
281 778 355 813 Deo
384 789 422 813 se
449 778 752 813 recommendavit.
799 778 922 812 Altera
947 780 1051 813 etiam
1083 780 1156 813 vice
1182 778 1266 812 vidit
1292 780 1461 825 quendam

69 846 256 879 canistrum
285 846 422 890 plenum
455 846 545 879 omni
580 855 710 890 genere
742 844 897 878 ciborum
924 844 1089 878 ferentem
1119 848 1152 878 et
1179 844 1347 880 dicentem
1375 846 1461 879 sibi:

68 911 154 945 dicit
178 912 361 956 princeps,
398 912 515 956 quite
542 911 690 951 cecidit,
725 910 832 951 tolle,
875 909 1039 950 comede,
1078 912 1160 954 quia
1194 912 1352 945 nesciens
1380 912 1461 947 fecit

69 977 143 1011 hoc.
190 975 254 1011 Illa
279 981 391 1011 autem
419 987 456 1011 se
483 977 638 1022 signavit
663 980 697 1010 et
732 977 890 1020 protinus
927 976 1077 1009 evanuit.
1126 976 1316 1020 Completis
1349 983 1461 1013 autem

67 1047 200 1088 septem
236 1044 336 1077 annis
369 1042 481 1076 abhas
518 1043 722 1087 patientiam
759 1043 835 1087 ejus
870 1040 1097 1076 considerans
1123 1052 1198 1076 eam
1224 1044 1463 1079 reconciliavit

68 1114 102 1144 et
136 1119 210 1143 cum
244 1119 352 1154 puero
387 1119 451 1143 suo
479 1110 514 1142 in
537 1110 784 1144 monasterium
813 1108 1017 1143 introduxit.
1064 1107 1129 1142 Ubi
1152 1118 1225 1142 cum
1252 1108 1338 1144 duos
1365 1096 1461 1155 post-

67 1174 203 1209 modum
239 1184 349 1209 annos
385 1174 612 1210 laudabiliter
648 1176 870 1221 peregisset,
913 1185 1055 1219 puerum
1101 1176 1236 1219 accepit
1277 1180 1311 1209 et
1346 1186 1461 1210 secum

65 1241 160 1276 illum
188 1242 221 1275 in
250 1241 340 1276 cella
364 1251 428 1275 sua
450 1241 598 1275 clausit:
625 1241 719 1286 quod
744 1251 819 1275 cum
844 1240 965 1275 abbati
991 1240 1179 1275 revelatum
1207 1240 1342 1283 suisset,
1371 1243 1463 1276 misit

68 1307 236 1353 quosdam
259 1306 472 1348 monachos,
508 1308 567 1352 qui
600 1306 804 1352 diligentius
839 1306 1095 1348 auscultarent,
1131 1307 1293 1352 quidnam
1320 1318 1393 1341 cum
1421 1318 1461 1342 eo

67 1374 281 1418 loqueretur.
326 1371 391 1406 Illa
422 1376 535 1406 autem
565 1383 707 1416 puerum
741 1372 945 1417 amplexans
980 1377 1013 1406 et
1038 1372 1249 1407 deosculans
1276 1373 1380 1407 dixit:
1415 1373 1463 1408 lili

66 1440 110 1473 mi
137 1438 358 1481 dulcissime,
392 1443 527 1483 tempus
554 1440 646 1472 vitae
671 1448 769 1475 meae
806 1440 919 1480 venit,
956 1439 1116 1483 relinquo
1151 1443 1185 1473 te
1222 1438 1314 1481 Deo,
1352 1441 1462 1484 ipsum

66 1509 200 1550 patrem
226 1486 261 1539 et
284 1496 480 1549 adjutorem
508 1503 661 1544 habeas,
688 1502 737 1536 sui
763 1503 982 1545 dulcissime,
1005 1505 1153 1549 jejuniis
1181 1508 1215 1538 et
1241 1506 1462 1540 orationibus

66 1571 210 1604 insistas
245 1575 280 1605 et
314 1569 482 1605 fratribus
512 1571 582 1604 tuis
616 1569 741 1604 devote
767 1572 913 1605 servias.
961 1570 1032 1605 1100
1058 1570 1178 1605 dicens
1204 1572 1364 1616 spiritum
1390 1576 1463 1606 tra-

68 1636 157 1670 didit
181 1640 215 1671 et
236 1638 272 1670 in
289 1636 426 1670 domino
449 1636 598 1671 feliciter
614 1636 826 1672 obdormivit
843 1639 937 1672 circa
953 1647 1062 1672 annos
1079 1637 1208 1672 domiui
1230 1638 1463 1673 CCCCLXX:

68 1701 160 1747 quod
187 1712 274 1747 puer
296 1712 444 1738 cernens
468 1704 650 1748 plurimum
676 1700 760 1738 flere
785 1705 911 1748 coepit.
959 1702 994 1737 In
1018 1705 1096 1748 ipsa
1120 1709 1234 1739 autem
1256 1709 1357 1739 nocte
1374 1706 1463 1740 visio

67 1767 188 1801 abbati
213 1770 417 1803 monasterii
444 1774 639 1804 monstrata
663 1774 717 1805 est
743 1771 776 1803 in
802 1768 893 1804 hunc
921 1769 1067 1804 modum.
1116 1770 1267 1815 Nuptiae
1292 1772 1463 1806 maximae

68 1835 284 1878 parabantur
309 1838 343 1883 et
369 1835 556 1871 veniebant
582 1836 724 1870 ordines
749 1836 955 1882 angelorum
981 1840 1015 1871 et
1038 1836 1287 1882 prophetarum
1314 1841 1348 1872 et
1373 1848 1463 1872 mar-

67 1900 169 1934 tirum
204 1903 239 1935 et
274 1902 423 1935 omnium
460 1905 658 1936 sauctorum
683 1907 717 1937 et
750 1912 829 1937 ecce
865 1904 899 1937 iu
924 1903 1039 1937 medio
1075 1914 1191 1938 eorum
1222 1903 1345 1938 mulier
1372 1904 1462 1947 sola,

66 1964 185 2009 gloria
209 1966 381 2001 ineffabili
403 1967 642 2010 circumdata,
669 1972 703 2003 et
729 1969 822 2003 venit
847 1979 958 2014 usque
986 1969 1031 2003 ad
1057 1971 1198 2014 nuptias
1226 1974 1260 2004 et
1285 1970 1377 2004 sedit
1403 1981 1461 2004 su—

68 2039 132 2074 per
167 2029 291 2064 lectum
328 2035 363 2066 et
394 2042 512 2067 omnes
547 2033 728 2068 adstantes
764 2034 987 2068 advocabant
1013 2045 1098 2069 eam.
1146 2034 1189 2069 Et
1214 2045 1295 2069 ecce
1318 2046 1385 2068 vox
1410 2035 1462 2068 di-

68 2104 170 2129 cens:
207 2094 262 2129 hic
288 2099 342 2131 est
368 2096 479 2131 abhas
504 2096 735 2140 Theodorus,
775 2100 834 2143 qui
866 2098 958 2132 falso
984 2099 1026 2133 de
1051 2110 1160 2144 puero
1187 2103 1370 2133 accusatus
1396 2104 1462 2141 est,

69 2159 129 2195 Vll
155 2164 316 2206 tempora
341 2173 448 2207 super
473 2172 516 2197 ea
539 2167 672 2197 mutata
696 2166 796 2205 sunt;
822 2164 999 2209 castigata
1023 2168 1077 2198 est
1101 2166 1211 2205 euim,
1241 2166 1323 2210 quia
1350 2165 1463 2200 cubile

71 2227 136 2260 viri
161 2228 216 2261 sui
239 2229 490 2274 coinquinavit.
537 2227 719 2263 Excitatus
747 2232 861 2269 autem
886 2229 997 2263 abhas
1022 2231 1178 2264 concitus
1198 2241 1272 2265 cum
1295 2230 1462 2265 fratribus

71 2290 117 2325 ad
151 2291 275 2327 cellam
307 2294 383 2339 ejus
416 2296 480 2329 ivit
512 2298 547 2330 et
579 2304 655 2329 eam
686 2295 761 2340 Jam
794 2294 991 2329 defunctam
1018 2297 1150 2330 invenit
1175 2300 1210 2330 et
1234 2298 1404 2330 intrantes
1429 2300 1464 2330 et

71 2357 370 2401 discooperientes
403 2361 515 2404 ipsam
551 2371 630 2396 esse
655 2360 816 2396 seminam
842 2362 1049 2396 invenerunt
1072 2343 1374 2406 misitque‘abbas
1399 2371 1463 2406 pro

71 2426 171 2467 patre
199 2423 359 2467 puellae,
395 2434 484 2469 quac
511 2435 587 2460 eam
613 2427 870 2468 infamaverat,
907 2430 942 2461 et
967 2426 1055 2460 dixit
1079 2426 1150 2460 illi:
1188 2428 1240 2461 vir
1266 2426 1359 2461 tiliae
1382 2430 1464 2462 tuae

70 2491 226 2522 mortuus
270 2492 344 2531 est3
392 2493 427 2524 et
469 2490 633 2525 auferens
672 2494 914 2527 vestimentum
960 2491 1136 2526 mulierem
1169 2502 1248 2526 esse
1286 2493 1462 2537 cognovit.

71 2551 199 2588 Factus
232 2559 286 2589 est
318 2555 426 2600 igitur
457 2556 560 2589 timor
583 2566 728 2601 magnus
764 2567 870 2602 super
895 2567 1036 2598 omnes,
1073 2558 1133 2602 qui
1165 2556 1231 2591 hoc
1265 2556 1463 2601 audierunt,

71 2619 219 2664 angelus
249 2623 362 2655 autem
396 2619 523 2654 domini
558 2620 678 2655 abbati
711 2622 847 2656 locutus
874 2626 947 2656 est:
982 2632 1088 2668 surge
1124 2622 1303 2665 velociter,
1338 2633 1462 2667 equum

50 2683 246 2730 *adscende
282 2689 315 2721 et
350 2685 438 2721 vade
473 2687 507 2720 in
542 2688 716 2722 civitatem
753 2691 808 2729 et,
847 2689 875 2722 si
905 2688 981 2733 quis
1009 2687 1226 2731 obviaverit,
1263 2698 1402 2723 assume
1428 2693 1461 2724 et
