1742 3005
264 140 342 179 1⁴⁵3
623 142 719 192 Cap.
751 141 903 178 XXXII.
959 141 1017 178 De
1049 143 1295 192 sexagesima.

265 258 327 292 per
361 246 596 291 poenitentiae
631 254 758 290 opera,
809 244 932 280 deinde
967 245 1115 281 viriliter
1147 249 1181 281 in
1213 258 1327 294 agone
1364 251 1495 293 pugnet
1526 253 1644 283 contra

265 313 379 345 omnia
405 309 546 355 dyaboli
568 313 793 353 tentamenta,
817 314 852 346 et
877 311 908 344 si
934 309 999 344 hoc
1025 310 1158 355 fecerit,
1184 313 1311 358 triplex
1336 315 1522 358 praemium
1537 312 1644 349 babe-

264 377 335 418 bit,
388 377 469 421 quia
491 375 669 410 laboranti
694 376 834 410 dabitur
859 375 1042 418 denarius,
1090 379 1241 411 currenti
1263 377 1441 420 bravium,
1476 381 1645 424 pugnanti

262 452 406 485 corona,
435 444 518 487 quia
540 444 643 477 etiam
668 442 765 477 LXX
792 442 967 487 significat
990 445 1124 486 tempus
1155 446 1295 477 nostrae
1311 444 1539 487 captivitatis,
1564 453 1644 487 pro-

262 510 402 552 ponitur
428 507 529 542 nobis
559 507 764 548 remedium,
813 517 876 552 per
899 506 990 552 quod
1017 517 1037 540 a
1061 509 1265 552 captivitate
1290 509 1463 553 possimus
1490 507 1645 545 liberari„

260 574 394 609 scilieet
417 584 481 619 per
503 583 638 608 cursum
667 572 854 619 fugiendo,
906 583 968 617 per
993 583 1142 618 pugnam
1175 573 1404 618 proeliando,
1454 584 1516 618 per
1539 573 1645 607 dena-

259 641 344 673 rium
370 638 580 675 redimendo.

775 950 901 1012 GAP.
956 949 1134 1011 mn.

666 1051 765 1094 De
812 1050 1241 1109 sexagesima.

372 1159 602 1204 sexagesima
627 1159 809 1194 inchoatur
833 1161 866 1193 in
893 1159 1084 1201 dominica,
1112 1161 1145 1192 in
1174 1168 1240 1204 qua
1265 1162 1441 1192 cantatur:
1477 1168 1642 1203 exsurge,

259 1233 366 1269 quare
392 1223 569 1258 obdormis
592 1224 748 1267 domine,
786 1230 819 1260 et
843 1226 1048 1260 terminatur
1072 1226 1105 1258 in
1131 1229 1254 1270 quarta
1281 1224 1369 1259 feria
1394 1228 1473 1269 post
1500 1222 1641 1268 pascha.

257 1289 418 1322 Instituta
445 1293 499 1323 est
522 1293 635 1323 autem
670 1294 814 1335 propter
845 1290 1090 1324 redemtionem
1129 1294 1162 1324 et
1188 1294 1332 1335 propter
1354 1290 1642 1335 significationem

258 1358 292 1388 et
316 1358 461 1399 propter
486 1357 856 1399 repraesentationem.
901 1354 1049 1399 Propter
1075 1355 1334 1392 redemtionem,
1362 1356 1523 1399 (proniani
1550 1353 1640 1388 Mel-

257 1419 401 1453 cbiades
426 1430 519 1464 papa
544 1424 578 1454 et
602 1420 726 1455 beatus
754 1420 925 1455 Silvester
951 1425 1160 1465 statuerunt,
1185 1425 1221 1455 ut
1245 1420 1299 1455 bis
1327 1422 1361 1454 in
1387 1418 1641 1454 omnisabbato

257 1484 518 1528 comederetur,
546 1496 588 1520 ne
615 1490 759 1530 proptor
783 1485 1048 1529 abstinentiam,
1085 1498 1187 1532 quam
1212 1487 1369 1521 homines
1394 1487 1641 1523 sustinuermrt,

259 1552 292 1583 iu
319 1554 419 1584 sexta
444 1550 551 1593 seria,
578 1553 611 1585 in
637 1562 706 1596 qua
733 1553 823 1586 omni
847 1555 1003 1597 tempore
1025 1552 1253 1597 jejunandum
1275 1556 1340 1593 est,
1367 1555 1491 1585 natura
1516 1550 1640 1585 debili—

258 1619 401 1649 taretur.
472 1614 511 1649 In
542 1616 788 1651 redemtionem
823 1627 908 1663 ergo
947 1617 1173 1652 sabbatorum
1206 1618 1298 1651 illius
1340 1618 1508 1661 temporis
1539 1625 1639 1650 unam

257 1682 483 1725 septimanam
510 1681 573 1715 XL
599 1682 809 1716 addiderunt
834 1687 867 1717 et
891 1685 1144 1727 sexagesimam
1174 1686 1396 1717 vocaverunt.
1444 1681 1526 1716 Alia
1551 1682 1641 1715 ratio

258 1750 311 1779 est
338 1750 482 1791 propter
508 1748 816 1793 significationem,
867 1750 1028 1793 quoniam
1061 1750 1283 1795 sexagesima
1308 1747 1482 1793 significat
1506 1751 1640 1791 tempus

258 1812 437 1846 viduitatis
463 1813 633 1847 ecclesiae
659 1818 692 1848 et
717 1824 907 1848 moerorem
934 1814 1026 1848 illius
1053 1826 1115 1859 pro
1140 1814 1353 1848 abstinentia
1378 1814 1519 1856 sponsi,
1553 1823 1639 1857 quo-

257 1878 347 1910 niam
378 1876 509 1912 fructus
534 1881 775 1923 sexassesimus
802 1879 949 1914 debetur
974 1879 1099 1913 viduis.
1125 1879 1159 1913 In
1178 1878 1450 1913 consolationem
1468 1881 1581 1911 autem
1596 1878 1638 1912 il-

257 1942 324 1976 lius
346 1953 408 1987 pro
429 1942 590 1977 absentia
602 1947 734 1989 sponsi,
751 1944 861 1989 quiad
873 1944 990 1979 coelos
1010 1949 1131 1989 raptus
1149 1949 1214 1986 est,
1228 1942 1535 1977 danturecclesiae
1549 1943 1638 1978 duae

255 2008 355 2049 alae,
407 2009 539 2043 scilicet
564 2020 626 2043 sex
652 2020 793 2054 operum
820 2009 1081 2044 misericordiae
1102 2010 1307 2044 exercitatio
1333 2011 1367 2042 et
1389 2007 1550 2054 decalogi
1577 2010 1639 2043 im-

255 2073 376 2117 plotio,
403 2073 492 2108 unde
519 2077 740 2121 sexagesima
767 2079 869 2109 sonat
893 2077 1010 2110 sexies
1037 2076 1175 2117 decem,
1203 2078 1239 2108 ut
1266 2084 1328 2118 per
1352 2083 1414 2108 sex
1438 2074 1637 2120 intelligan-

255 2141 309 2170 tur
333 2147 394 2171 sex
423 2149 532 2183 opera
557 2140 831 2182 misericordiae,
851 2136 924 2186 'per
950 2141 1067 2175 decem
1093 2139 1525 2186 decalogusintelligatur.
1552 2139 1638 2175 Ter-

255 2204 304 2235 tia
329 2204 419 2236 ratio
445 2208 497 2237 est
523 2210 668 2250 propter
691 2206 949 2247 redemtionem,
975 2216 1051 2240 nam
1077 2206 1300 2251 sexagesima
1316 2215 1384 2237 non
1403 2204 1511 2237 solum
1528 2206 1638 2249 signi-

255 2268 334 2301 ticat
366 2273 501 2313 tic-iupus
536 2270 735 2309 viduitatis,
789 2270 851 2304 sed
888 2273 991 2305 etiam
1024 2272 1212 2305 misterium
1246 2273 1387 2304 nostrae
1415 2269 1637 2305 redemtionis

255 2336 517 2376 repraesentat,
568 2345 644 2368 nam
680 2346 742 2379 per
775 2335 890 2370 decem
927 2336 1134 2382 intelligitur
1165 2335 1287 2377 bomo,
1338 2336 1395 2379 qui
1428 2339 1482 2370 est
1507 2335 1639 2371 dec-ima

256 2397 422 2443 dragma,
459 2409 500 2432 eo
527 2399 620 2444 quod
646 2400 758 2434 sactus
785 2402 848 2443 sit,
894 2405 929 2434 ut
956 2403 1088 2435 muriam
1117 2412 1238 2437 novem
1263 2401 1419 2435 ordinum
1444 2406 1638 2446 repararet.

256 2462 317 2497 Vel
344 2463 553 2509 intelligitur
578 2476 639 2509 per
664 2465 802 2507 decem,
829 2477 871 2501 eo
898 2467 988 2512 quod
1015 2471 1153 2501 constat
1183 2478 1226 2502 ex
1251 2469 1416 2512 quattuor
1435 2465 1636 2500 humoribus

255 2532 418 2571 quantum
445 2529 489 2563 ad
510 2540 657 2575 corpus,
695 2535 727 2565 et
754 2531 858 2567 babet
880 2536 952 2567 tres
978 2535 1152 2577 potentias
1178 2534 1211 2566 in
1237 2533 1371 2573 anima,
1409 2530 1541 2564 scilicet
1566 2541 1635 2565 me—

256 2594 416 2635 moriam,
444 2595 708 2640 intelligentiam
735 2601 769 2631 et
794 2598 1003 2633 voluntatem
1019 2627 1026 2639 ,
1052 2608 1142 2643 quae
1169 2598 1282 2631 sactae
1307 2599 1397 2637 sunt,
1422 2598 1457 2628 ut
1481 2596 1637 2629 serviant

255 2655 479 2691 beatissimae
505 2661 674 2703 trinitati,
709 2666 744 2696 ut
770 2664 801 2696 in
828 2664 937 2708 ipsam
966 2663 1114 2698 fideliter
1137 2661 1333 2702 credamus,
1363 2661 1472 2704 ipsam
1500 2659 1636 2695 ferven-

256 2727 307 2755 ter
334 2721 521 2766 diligamus
546 2728 579 2758 et
603 2735 740 2770 semper
767 2729 798 2761 in
825 2729 991 2763 memoria
1018 2731 1205 2762 teneamus.
1241 2725 1307 2759 Per
1321 2725 1636 2772 sexintelliguntur
