1742 3005
345 70 443 121 Cap.
472 70 609 109 LXIH.
667 71 726 108 De
766 76 895 108 sancto
926 70 1039 108 Petro
1069 70 1236 122 martire.
1405 71 1481 108 281

101 172 179 218 lpse
203 174 313 219 igitur
337 174 525 221 injunctum
551 173 700 209 officiium
729 175 918 221 diligenter
943 185 1109 211 exercens
1134 175 1334 211 haereticos
1358 175 1487 221 ubique

101 240 347 284 perquirebat,
383 240 514 274 nullam
546 241 589 274 iis
625 242 780 286 requiem
810 240 988 283 tribuens,
1028 240 1092 275 sed
1125 240 1334 276 mirabiliter
1369 252 1487 277 omnes

100 302 337 348 confundens,
373 309 534 351 potenter
569 306 772 351 expellens,
812 308 991 351 sapienter
1020 308 1246 349 convincens,
1282 308 1332 341 ita
1362 311 1400 341 ut
1421 318 1489 342 non

101 374 247 413 possent
281 373 450 406 resistere
489 372 686 416 sapientiae
712 376 746 406 et
768 373 929 416 spiritui,
968 373 1026 416 qui
1061 382 1125 415 per
1157 382 1232 406 eum
1269 372 1489 418 loquebatur.

103 434 202 474 Quod
230 436 388 471 videntes
412 436 584 471 haeretiei
620 440 654 472 et
679 436 838 471 dolentes
873 436 915 470 de
941 437 1052 480 ipsius
1075 441 1186 471 morte
1213 448 1287 471 cum
1316 440 1389 472 suis
1414 438 1490 472 sau-

100 500 237 535 torihus
264 506 416 536 tractare
441 505 648 546 coeperunt,
684 501 896 535 arbitrantes
923 511 961 536 se
986 511 1092 546 posse
1118 502 1263 547 pat-ilice
1291 504 1427 546 vixere,
1462 505 1493 537 si

102 577 220 601 eorum
244 570 313 601 tam
339 566 476 601 validus
500 570 706 611 persecutor
724 566 767 600 de
788 566 902 601 medio
924 566 1117 601 tolleretur.
1167 566 1249 601 Cum
1266 569 1374 613 igitur
1390 578 1492 613 prae-

104 632 240 666 dicator
272 631 466 676 intrepidus
501 641 579 665 mox
611 633 734 666 martir
766 631 902 666 futurus
938 631 981 666 de
1014 631 1131 667 Cumis
1165 632 1404 668 Mediolanum
1429 645 1493 679 pro

103 697 318 743 inquirendis
351 697 539 732 haereticis
574 703 765 744 pergeret,
807 700 842 732 in
883 700 961 743 ipso
995 699 1118 733 itinere
1163 699 1312 743 palmam
1347 701 1495 734 martirii

103 768 285 799 assecutus
304 767 371 806 est,
396 764 486 797 sicut
501 763 722 798 Innocentius
749 764 903 809 explicat
928 765 961 797 in
986 763 1073 798 haec
1098 764 1218 799 verba.
1269 765 1351 799 (lum
1376 765 1419 800 de
1444 767 1492 799 ci-

103 831 211 865 vitate
236 830 409 873 Cumana,
458 829 518 864 ubi
552 829 697 864 fratrum
730 831 784 864 sui
819 829 953 863 ordinis
981 829 1029 863 ibi
1053 822 1260 864 morantium
1285 832 1383 875 prior
1408 836 1494 873 erat,

103 894 341 930 Mediolanum
366 900 533 942 pergeret
557 907 621 940 pro
646 895 870 940 exsequenda
896 895 1121 939 inquisitione
1147 899 1268 929 contra
1296 895 1495 930 haereticos

104 960 232 994 sihiab
258 962 456 1006 apostolica
474 961 559 996 sede
586 971 768 1004 concessa,
786 962 875 994 sicut
895 961 929 994 in
951 959 1093 1005 publica
1110 960 1374 1005 praedieatione
1390 972 1493 1006 prac-

105 1025 263 1069 dixerat,
285 1026 425 1072 quidam
451 1026 494 1061 de
520 1028 672 1071 ipsorum
700 1026 954 1061 baereticorum
980 1026 1203 1061 credentibus
1228 1038 1331 1071 prece
1357 1028 1495 1062 illorum

104 1091 267 1126 inductus
291 1096 325 1127 et
348 1094 461 1138 pretio
487 1094 522 1126 in
551 1103 627 1127 eum
652 1092 817 1126 salutaris
852 1093 1026 1137 propositi
1058 1094 1125 1127 iter
1149 1098 1416 1139 prosequentem
1441 1094 1495 1129 sn-

104 1162 224 1192 nestus
250 1159 385 1201 insiliit,
418 1161 453 1193 in
491 1169 617 1205 agnum
649 1160 768 1203 utique
794 1158 918 1203 lupus,
956 1158 1052 1192 serus
1083 1159 1278 1201 inmitem,
1310 1162 1434 1204 impius
1461 1163 1495 1195 iu

104 1224 218 1267 pium,
244 1224 451 1259 furibundus
476 1226 511 1258 in
539 1228 774 1266 mansuetum,
801 1225 835 1257 in
861 1223 1054 1258 modestum
1081 1224 1243 1268 effrenis,
1268 1226 1437 1269 profanus
1462 1228 1496 1260 in

106 1292 272 1332 sanctum,
307 1292 502 1334 praesumit
539 1290 724 1331 insultum,
762 1294 903 1324 exercet
938 1294 1118 1331 conatum,
1156 1295 1301 1325 mortem
1338 1292 1496 1333 intentat,

106 1364 241 1389 sacrum
266 1360 380 1390 autem
405 1360 510 1400 caput
537 1355 630 1390 illius
654 1354 844 1389 crudeliter
870 1357 1039 1399 impetens
1064 1360 1097 1389 et
1122 1356 1206 1390 diris
1232 1357 1267 1389 in
1294 1357 1405 1401 ipsum
1432 1359 1496 1392 im—

108 1421 242 1465 pressis
268 1420 469 1455 vulneribus
490 1422 619 1455 satiato
640 1421 812 1466 sanguine
836 1422 925 1466 justi
943 1431 1025 1455 ense
1050 1422 1283 1456 venerandum
1300 1422 1407 1465 illum,
1429 1435 1498 1457 non

108 1485 336 1520 divertentem
358 1485 401 1520 ab
423 1486 537 1528 hoste,
564 1485 627 1520 sed
645 1485 864 1520 exhibentem
884 1496 922 1520 se
940 1487 1099 1530 protinus
1119 1486 1268 1521 hostiam
1289 1492 1323 1522 et
1339 1490 1497 1523 caesoris

107 1552 335 1586 sustinentem
362 1552 397 1585 in
422 1553 594 1597 patientia
616 1556 732 1586 truces
757 1553 847 1585 ictus
876 1550 1007 1585 dimisit
1032 1553 1156 1596 spiritu
1181 1558 1321 1597 petente
1346 1564 1500 1600 superna

108 1617 143 1650 in
169 1618 246 1662 ipso
273 1616 350 1651 loco
380 1619 557 1662 passionis
582 1619 756 1660 occisum,
795 1618 873 1662 ipso
898 1628 1037 1663 quoque
1065 1619 1240 1664 sacrilego
1268 1630 1499 1664 percussuras

107 1684 142 1716 in
170 1682 300 1717 Christi
324 1685 514 1718 ministrum
540 1684 699 1729 geminas
724 1682 931 1717 inculcante.
979 1682 1042 1717 llle
1068 1694 1135 1718 non
1162 1684 1308 1729 querula
1331 1696 1415 1720 voce
1434 1697 1499 1732 gc-

109 1759 204 1784 mens
230 1749 286 1783 vel
310 1759 546 1792 murmurans,
581 1748 645 1782 sed
679 1748 852 1783 sufferens
884 1751 999 1784 omnia
1034 1751 1208 1794 patienter
1229 1755 1335 1792 [suum
1361 1751 1500 1786 domino

108 1813 374 1849 commendabat
402 1815 562 1859 spiritum
587 1813 728 1848 dicens:
765 1815 799 1848 in
824 1824 945 1849 manus
970 1819 1070 1858 tuas,
1103 1815 1263 1859 domine,
1299 1817 1501 1852 commendo

111 1881 269 1925 spiritum
296 1891 418 1915 meum.
467 1879 665 1926 Smeolum
690 1882 793 1915 etiam
819 1883 936 1926 coepit
961 1882 1078 1917 dicere
1103 1882 1205 1924 fidei,
1243 1884 1342 1928 cujus
1378 1894 1442 1917 nec
1467 1885 1503 1917 in

110 1945 177 1979 hoc
203 1945 350 1980 articulo
376 1945 483 1981 desiit
507 1956 586 1981 esse
612 1956 762 1990 praeco,
798 1947 949 1992 ¹)prout
982 1950 1058 1993 ipse
1097 1948 1293 1991 nefandus,
1328 1951 1386 1994 qui
1412 1959 1433 1983 a
1461 1949 1501 1981 fi-

114 2010 253 2045 delibus
281 2015 405 2055 captus
438 2011 522 2053 suit,
557 2015 592 2046 et
624 2011 764 2056 quidam
799 2012 910 2047 frater
934 2013 1146 2056 dominicus,
1183 2015 1241 2059 qui
1266 2024 1382 2048 comes
1407 2014 1503 2048 illius

114 2081 207 2118 erat,
234 2080 268 2111 et
293 2075 337 2110 ab
362 2077 441 2120 ipso
467 2075 589 2111 lictore
608 2087 796 2121 percussus
815 2077 939 2112 diebus
957 2079 1133 2123 aliquibus
1148 2080 1353 2123 supervixit,
1379 2083 1505 2124 postea

114 2141 317 2176 retulerunt.
366 2142 436 2176 Sed
462 2152 537 2176 cum
562 2141 677 2176 adhuc
700 2144 821 2176 martir
846 2143 976 2177 domini
1000 2143 1200 2188 palpitaret,
1235 2144 1410 2179 cultellum
1427 2155 1504 2179 cru-

115 2207 205 2241 delis
231 2207 335 2241 lictor
358 2209 508 2253 arripuit
533 2212 568 2242 et
592 2218 656 2252 per
680 2208 795 2243 latera
819 2209 896 2254 ejus
920 2208 1105 2243 transfixit.
1153 2208 1190 2243 In
1212 2211 1290 2255 ipsa
1307 2214 1421 2245 autem
1449 2211 1506 2245 die

64 2319 68 2322 .
117 2272 172 2305 sui
209 2273 357 2306 martirii
396 2274 600 2317 consessor,
636 2276 778 2317 martir,
822 2275 996 2320 propheta
1031 2279 1065 2310 ct
1098 2274 1221 2309 doctor
1254 2276 1507 2321 quodammodo

118 2347 197 2372 csse
220 2338 423 2381 promeruit.
471 2338 664 2374 Consessor
687 2342 724 2375 in
749 2351 803 2384 eo,
830 2341 922 2386 quod
940 2340 1042 2375 fidem
1069 2341 1200 2376 Christi
1224 2343 1314 2375 inter
1336 2346 1510 2376 tormenta

118 2403 401 2437 constantissime
426 2402 610 2438 confessus
640 2405 717 2449 suit,
746 2388 838 2440 et‘in
863 2417 924 2447 eo,
960 2406 1053 2451 quod
1086 2408 1165 2450 ipsa
1195 2407 1252 2440 die
1285 2404 1510 2441 consessione

118 2477 214 2502 more
237 2467 343 2502 solito
369 2467 462 2502 sacta
487 2468 613 2502 obtulit
625 2469 700 2505 Deo
726 2470 935 2505 sacrificium
960 2470 1086 2505 laudis.
1134 2471 1263 2516 Martii·
1284 2472 1318 2505 in
1338 2482 1393 2515 eo,
1418 2472 1509 2518 quod

119 2544 183 2579 pro
209 2532 415 2568 defensione
439 2532 519 2568 fidei
545 2536 749 2580 sanguinem
775 2545 873 2570 suum
900 2535 1008 2579 fudit,
1045 2535 1221 2582 propheta
1253 2538 1288 2572 in
1320 2548 1382 2582 eo,
1417 2537 1509 2584 quod

189 2677 218 2711 1)
236 2677 289 2706 Ed.
307 2677 416 2709 Princ.:
435 2683 474 2706 ut
493 2679 577 2715 ipse
595 2688 663 2715 pro
682 2678 868 2708 nefandis
886 2679 968 2713 legit,
