1742 3005
416 66 510 116 Cap.
540 66 620 103 XX.
677 65 734 102 De
766 72 895 102 sancto
926 65 1120 104 Marcello.
1317 88 1321 93 -
1382 68 1458 105 103

71 169 260 212 duxerim,
303 170 337 203 ln
362 179 423 204 eos
449 169 538 203 sicut
564 168 674 203 frater
699 179 794 204 meus
820 170 1015 205 exsufflabo
1041 175 1075 206 et
1099 175 1271 206 corruent.
1342 170 1446 207 Exeo-

68 235 164 270 lebat
186 238 301 270 autem
325 228 466 269 sanctus
490 233 589 269 Felix
614 233 771 277 hortum,
823 235 962 281 quidam
996 247 1079 271 vero
1105 236 1203 272 olera
1225 238 1301 282 eJus
1329 246 1453 282 rapere

66 301 268 345 cupientes,
294 299 372 334 dum
398 299 524 334 furtum
549 310 587 334 se
612 299 728 335 faeere
755 300 980 346 cogitabant,
1015 306 1091 335 tota
1116 306 1216 336 noete
1236 301 1373 336 hortum
1400 302 1451 336 di-

64 365 230 410 ligentius
257 365 483 407 excolebant,
509 375 608 400 mane
634 368 748 400 autem
776 375 797 399 a
820 369 940 399 sancto
965 365 1079 401 Felice
1105 367 1246 402 salutati
1273 372 1451 412 peceatum

40 435 163 465 ‘suum
187 431 390 465 confitentes
417 430 461 464 ad
486 431 631 475 propria
655 429 843 464 redierunt.
916 430 1104 465 Venientes
1137 436 1250 466 autem
1286 432 1450 478 gentiles,
1499 422 1501 424 ,

64 499 101 529 ut
124 500 279 530 sanetum
302 495 450 531 Felicem
476 499 653 537 tenerent,
685 504 807 528 manus
834 504 952 529 eorum
979 494 1080 530 dolor
1103 498 1227 530 nimius
1253 497 1451 542 apprehen-

63 559 123 595 dit.
174 561 238 601 Qui
263 571 337 595 eum
363 560 548 603 ulularent,
575 560 663 594 dixit
684 561 746 594 iis:
779 559 904 602 dieite,
933 559 1090 595 Christus
1116 565 1169 595 est
1194 561 1301 604 Deus,
1327 567 1361 596 et
1387 562 1449 596 do-

61 626 116 660 lor
138 628 300 661 continuo
326 636 389 661 vos
413 625 573 660 dimittet.
622 624 754 666 Quibus
780 624 974 660 dicentibus
999 627 1115 660 sanati
1142 630 1232 660 sunt.
1287 626 1448 662 Pontifex

58 691 240 737 ydolorum
264 691 309 726 ad
333 702 409 726 eum
434 692 529 726 venit
556 690 696 725 dicens:
726 690 874 733 domine,
900 701 979 726 ecce
1000 691 1092 726 Deus
1117 702 1226 734 meus,
1252 696 1290 726 ut
1305 696 1338 727 te
1350 694 1448 727 veni-

58 761 170 792 entem
191 757 288 800 vidit,
316 759 477 792 continuo
502 757 621 802 fugam
642 758 802 801 arripuit.
837 756 900 791 Cui
915 756 992 790 dum
1008 756 1176 792 dicerem:
1203 767 1310 802 quare
1324 757 1448 804 fugis?

58 823 139 857 Ait:
164 824 324 858 virtutem
346 822 450 874 liujus
474 821 600 858 Felicis
627 823 719 857 serre
742 834 810 857 non
836 833 988 868 possum.
1019 823 1056 857 Si
1081 834 1166 869 ergo
1181 823 1274 857 Deus
1289 825 1449 858 meusita

57 892 92 923 te
115 890 224 931 timet,
249 892 378 934 quanto
402 890 514 933 magis
540 898 606 933 ego
630 890 751 923 timere
768 893 802 922 te
819 888 941 923 debeo.
971 888 1077 928 Quem
1101 899 1173 922 eum
1195 888 1294 923 Felix
1322 890 1355 921 in
1381 889 1447 923 lide

57 955 299 996 instruxisset,
325 953 500 998 baptizari
527 964 564 988 se
591 954 683 989 fecit.
730 953 968 988 Adorantibus
995 953 1190 997 Apollinem
1216 954 1303 987 dixit
1327 954 1444 989 Felix:

57 1020 88 1052 si
111 1029 194 1054 vere
221 1023 275 1054 est
299 1019 391 1054 Deus
415 1019 564 1064 Apollo,
611 1019 704 1053 dicat
726 1018 828 1061 mihi,
869 1018 950 1064 quid
977 1022 1031 1053 est
1051 1019 1142 1063 quod
1169 1021 1203 1053 in
1230 1030 1332 1053 manu
1357 1030 1444 1054 nune

55 1084 209 1119 clausum
231 1081 363 1121 teneo?
409 1083 571 1119 Habebat
594 1088 707 1119 autem
734 1086 768 1118 in
795 1094 896 1118 manu
922 1083 1142 1127 schedulam,
1176 1087 1210 1118 in
1236 1095 1303 1129 qua
1329 1087 1443 1119 oratio

55 1149 227 1184 dominica
249 1154 326 1185 erat
350 1151 492 1194 scripta.
543 1150 617 1190 Quo
642 1150 727 1184 nibil
755 1150 988 1195 respondente
1012 1150 1162 1197 gentiles
1177 1153 1337 1186 conversi
1353 1155 1444 1185 sunt.

54 1215 209 1251 Tandem
236 1217 343 1251 missa
365 1214 544 1251 celebrata
568 1220 602 1251 et
626 1216 755 1262 populo
778 1216 861 1250 data
886 1226 972 1260 paee
1000 1218 1031 1250 in
1060 1218 1291 1261 pavimentum
1308 1218 1341 1251 in
1362 1226 1436 1251 ora-

53 1283 147 1316 tione
171 1292 210 1317 se
236 1283 426 1328 projiciens
452 1283 617 1327 migravit
638 1281 681 1315 ad
708 1282 891 1315 dominum.

605 1604 732 1667 cAP.
789 1605 880 1666 XX.

384 1707 483 1751 De
522 1706 743 1751 saneto
780 1703 1102 1750 Marcello.

138 1813 329 1850 Marcellus
354 1813 464 1848 dietus
489 1818 544 1849 est
566 1815 668 1860 quasi
694 1824 817 1849 arcens
841 1814 967 1848 malum
992 1823 1013 1848 a
1044 1824 1095 1856 se,
1126 1812 1180 1847 vel
1201 1810 1326 1846 dieitur
1339 1809 1437 1846 Mar-

48 1879 156 1915 cellus
183 1881 284 1924 quasi
309 1880 419 1914 maria
442 1880 635 1925 percellens
662 1882 684 1915 i.
717 1891 747 1915 e.
774 1880 965 1914 mundanas
982 1879 1217 1913 adversitates
1240 1877 1437 1922 percutiens

49 1948 84 1980 et
106 1945 324 1980 conculcans.
392 1946 617 1980 Assimilatur
640 1947 729 1980 enim
752 1946 897 1980 mundus
924 1947 1030 1987 mari,
1082 1946 1183 1990 quia,
1237 1945 1327 1978 sieut
1355 1942 1438 1976 dicit

49 2009 317 2055 Chrysostomus
343 2021 450 2056 super
472 2011 708 2047 Matthaeum:
737 2013 772 2045 in
797 2013 884 2046 mari
910 2015 964 2046 est
987 2021 1093 2045 sonus
1119 2009 1284 2044 confusus
1303 2036 1311 2051 ‚
1334 2009 1437 2041 timor

48 2077 253 2119 continuus,
297 2086 424 2123 ymago
450 2078 593 2120 mortis,
640 2077 809 2112 undariun
833 2078 1009 2112 eontentio
1034 2074 1290 2121 infatigabilis,
1316 2074 1435 2107 incon-

47 2142 178 2175 stantia
197 2142 308 2188 Jugis.

135 2207 324 2242 Marcellus
359 2218 434 2243 eum
465 2208 596 2245 Romae
629 2219 779 2244 summus
813 2208 973 2253 pontifex
1002 2210 1097 2243 esset
1130 2209 1164 2242 et
1186 2204 1435 2241 Maximianum

46 2273 291 2316 imperatorem
312 2273 355 2309 de
373 2275 480 2309 nimia
492 2276 525 2308 in
540 2274 759 2310 Christianos
773 2276 923 2309 saevitia
947 2275 1147 2318 increparet
1171 2275 1205 2307 et
1224 2273 1258 2304 in
1284 2268 1432 2315 quadam

47 2335 149 2370 domo
174 2337 354 2382 enjusdam
378 2343 558 2374 matronae
582 2342 617 2374 in
644 2340 795 2375 ecc-lesia
819 2343 1025 2374 consecrata
1043 2340 1184 2372 missam
1200 2339 1335 2382 ageret,
1360 2335 1431 2367 ira-

45 2405 101 2436 tus
132 2402 324 2446 imperator
355 2402 490 2438 domum
522 2405 618 2439 illam
654 2405 737 2440 feeit
767 2404 940 2439 stabulum
969 2404 1203 2448 jumentorum
1228 2403 1263 2435 et
1287 2397 1429 2434 eundem

44 2465 248 2502 Marcellum
283 2466 411 2503 ibidem
444 2468 489 2503 ad
526 2471 703 2505 servitium
729 2480 803 2504 eum
829 2467 990 2503 custodia
1015 2466 1213 2501 animalium
1237 2464 1430 2510 deputavit.

44 2533 78 2565 in
103 2542 171 2577 qno
196 2534 341 2567 servitio
374 2537 456 2578 post
480 2533 605 2569 multos
640 2544 748 2570 annos
774 2536 808 2569 in
835 2533 972 2568 domino
1001 2532 1174 2578 requievit
1199 2532 1291 2565 eirea
1318 2539 1427 2564 annos

43 2595 169 2631 domini
198 2597 461 2634 CCLXXXVH.
