1742 3005
271 84 369 134 Cap.
399 83 539 120 LXllI.
601 83 660 119 De
691 87 821 118 sancto
856 81 969 119 Petro
1000 80 1166 117 martire.
1336 79 1415 118 283

31 189 196 224 divinitus
220 192 300 223 sunt
324 197 512 230 accensae,
540 188 622 233 quia
646 188 854 222 conveniens
877 187 979 220 nimis
1005 188 1101 227 erat,
1130 187 1168 218 ut
1192 185 1250 230 qui
1274 185 1356 230 igne
1384 188 1418 218 et

30 254 156 289 lumine
179 253 261 288 fidei
285 254 499 289 excellenter
525 254 720 295 claruerat,
753 252 932 298 singulare
958 252 1000 286 de
1026 253 1104 296 ipso
1136 252 1227 297 ignis
1254 260 1294 285 ac
1318 251 1418 284 lumi-

29 321 83 354 nis
107 319 308 354 miraculum
334 325 533 365 appareret.
583 320 730 361 Quidam
755 323 890 361 autem,
916 328 991 351 cuni
1018 321 1216 352 vesceretur
1239 327 1314 351 cum
1339 316 1419 351 aliis

30 389 65 420 et
100 386 176 431 ejus
210 388 430 421 sanctitatem
460 390 494 421 et
524 384 691 419 miracula
725 384 950 428 depravaret,
987 386 1099 416 sumto
1129 382 1324 427 ¹)qu0dam
1356 382 1419 416 sub

30 451 266 487 obtestatione
288 451 465 493 morsello,
493 452 527 493 ²)
540 461 639 496 quem
665 460 739 484 cum
765 460 832 483 non
859 452 992 493 posset,
1015 448 1078 482 sed
1101 449 1194 482 circa
1219 448 1285 482 hoc
1309 448 1419 483 delin-

32 521 167 562 queret,
193 518 445 564 transglutire,
467 517 578 550 sensit
604 526 682 549 mox
708 516 821 559 ipsum
849 516 900 548 sie
927 516 1060 567 gutturi
1086 513 1345 556 inhaerentem,
1385 519 1422 548 ut

31 583 127 617 illum
165 583 327 618 inducere
365 581 419 617 vel
454 581 602 616 educere
627 591 695 614 non
723 580 868 616 valeret.
918 579 1032 619 Quare
1058 579 1152 613 illico
1180 581 1363 624 poenitens
1389 585 1423 614 et

28 651 102 696 jam
127 649 240 684 vultus
277 651 408 684 mutato
443 647 582 689 colore,
619 648 702 692 quia
734 647 888 681 sentiens
921 647 1068 679 vicinum
1103 647 1224 679 mortis
1264 650 1423 680 eventum

32 716 125 750 sacto
150 716 242 748 intra
267 724 305 749 se
333 718 436 757 voto,
464 713 557 759 quod
582 713 737 759 linguam
762 713 804 747 de
832 717 972 746 caetero
999 712 1041 746 ad
1068 712 1157 745 talia
1182 723 1249 746 non
1274 712 1422 754 laxaret,

32 781 97 815 fuit
123 782 282 826 protinus
305 780 368 814 illo
392 781 543 815 evomito
569 779 752 814 liberatuS.
805 778 1045 822 ³)H3ur0pica
1063 777 1232 823 quaedam
1253 779 1296 812 ad
1312 779 1423 812 locum

30 848 209 892 passionis
235 848 312 892 ejus
337 846 469 880 auxilio
495 847 560 880 viri
585 847 638 880 sui
664 846 870 889 perveniens
897 844 975 877 susa
1013 844 1059 876 ihi
1095 846 1254 879 oratione
1290 846 1424 878 sanita-

31 916 99 947 tem
125 913 296 958 integram
320 922 399 946 mox
424 913 565 956 recepit.
617 911 792 945 Obsessas
819 921 839 944 a
867 908 1095 943 daemonibus
1117 911 1239 944 martir
1259 912 1334 955 ipse
1363 911 1425 944 de-

29 979 135 1024 Jectis
162 978 234 1012 illis
259 987 333 1012 cuin
358 978 464 1011 multo
491 978 674 1023 sanguinis
702 978 832 1010 vomitu
858 976 899 1011 de
930 975 1137 1021 corporibus
1168 976 1346 1019 liberavit,
1375 977 1426 1011 l'e-

34 1043 116 1078 bres
137 1043 281 1088 expulit,
308 1043 499 1089 languores
524 1052 624 1088 quam
647 1043 815 1088 plurimos
843 1044 976 1077 curavit
1002 1047 1035 1077 et
1060 1042 1232 1077 diversos.
1282 1041 1425 1076 Cuidam

35 1110 200 1144 sinistrae
234 1119 355 1144 manus
390 1109 536 1155 digitum
576 1119 618 1143 ex
651 1109 771 1143 morbo
807 1109 944 1143 fistulae
970 1108 1194 1153 plurimorum
1222 1107 1426 1142 foraminum

34 1176 255 1210 concavitate
290 1175 467 1210 defossum
503 1176 590 1209 mira
629 1175 869 1210 consolatione
904 1176 1051 1208 sanavit.
1103 1173 1248 1213 Quidam
1286 1175 1428 1219 insuper

35 1250 124 1285 puer
149 1250 192 1275 ex
220 1250 304 1274 casu
329 1241 538 1286 gravissimo
565 1242 615 1275 sic
640 1251 852 1285 oppressus,
887 1244 923 1274 ut
957 1243 1050 1273 motu
1087 1243 1121 1273 et
1153 1249 1258 1274 sensu
1288 1241 1426 1284 penitus

36 1305 222 1340 destitutus
247 1311 421 1351 tanlquam
444 1310 599 1340 mortuus
624 1306 835 1348 defleretur,
871 1316 950 1339 mox
984 1306 1149 1350 apposita
1177 1304 1219 1339 de
1243 1309 1338 1339 terra
1365 1316 1427 1340 suo

37 1373 172 1415 pectori
213 1381 314 1406 sacro
351 1373 428 1417 ejus
462 1373 615 1405 martiris
651 1382 773 1406 cruore
811 1375 973 1405 contacta
1005 1371 1185 1404 incolumis
1222 1374 1427 1405 resurrexit.

38 1435 214 1475 Quaedam
231 1438 334 1471 etiam
358 1437 492 1479 mulier,
520 1438 619 1482 cujus
645 1446 781 1471 carnem
809 1447 932 1472 cancer
956 1437 1047 1472 edax
1075 1437 1199 1471 sedula
1224 1439 1429 1471 corrosione

37 1503 205 1544 vorabat,
244 1502 354 1537 linitis
392 1502 590 1548 hujusmodi
613 1506 709 1537 terra
735 1503 937 1538 vulneribus
966 1508 1019 1537 est
1046 1507 1177 1537 curata.
1226 1503 1297 1537 Atii
1326 1504 1429 1537 etiam

40 1567 189 1602 diversis
224 1568 483 1602 infirmitatibus
511 1569 691 1613 occupati,
727 1569 785 1613 qui
823 1568 1043 1613 sepulchrum
1079 1569 1156 1612 ejus
1190 1570 1224 1603 in
1262 1568 1430 1603 vehiculis

40 1637 74 1668 et
101 1630 181 1667 alii's
204 1635 452 1669 sustentaculis
479 1634 661 1676 adierunt,
697 1633 821 1668 exinde
854 1634 1073 1678 postmodum
1109 1635 1213 1679 plena
1248 1635 1430 1668 incolumi-

37 1703 110 1734 tate
136 1704 280 1745 recepta
306 1701 381 1735 sine
406 1700 583 1746 aliquibus
610 1699 779 1734 subsidiis
808 1700 958 1735 rediere.
979 1721 1022 1725 —-
1043 1721 1087 1725 —
1107 1721 1151 1725 ——
1179 1705 1229 1739 6.
1258 1701 1339 1735 (lum
1368 1711 1431 1735 au-

38 1769 107 1799 tem
132 1775 284 1799 summus
309 1765 469 1810 pontifex
490 1765 711 1801 Innocentius
738 1771 883 1812 quartus
908 1767 1046 1801 beatum
1071 1766 1209 1801 Petrum
1235 1771 1432 1801 sanctorum

41 1831 204 1877 catalogo
230 1831 500 1876 adscripsisset,
528 1832 657 1867 fratres
684 1832 776 1877 apud
801 1832 1039 1866 Mediolanum
1064 1833 1109 1867 ad
1134 1832 1321 1877 capitulum
1348 1843 1432 1866 con-

41 1902 226 1932 venerunt:
249 1897 410 1933 volentes
436 1902 551 1933 autem
577 1899 654 1944 ejus
681 1908 808 1943 corpus
834 1897 879 1932 ad
904 1898 1064 1933 altiorem
1090 1898 1202 1932 locum
1228 1899 1433 1941 transferre,

41 1972 116 1996 cum
140 1962 219 2007 plus
245 1973 346 2007 quam
370 1974 434 2008 per
458 1973 582 1998 annum
606 1963 670 1998 sul)
695 1967 792 1998 terra
814 1964 1009 2008 jacuisset,
1046 1965 1095 1998 ita
1131 1974 1253 1998 sanum
1284 1970 1318 1999 ct
1343 1966 1433 1998 inte-

42 2038 142 2074 grum
167 2037 206 2062 ac
232 2028 307 2062 sine
333 2028 483 2073 alicujus
511 2029 735 2064 exhalatione
761 2029 910 2064 foetoris
934 2034 1109 2074 repertum
1135 2034 1207 2072 est,
1247 2040 1291 2063 ac
1317 2031 1347 2063 si
1373 2039 1434 2063 ea-

44 2093 122 2128 dem
157 2093 214 2128 die
248 2093 420 2138 sepultum
457 2093 595 2129 suisset.
641 2093 782 2128 Fratres
819 2096 928 2140 igitur
952 2106 1058 2139 super
1082 2105 1241 2140 magnum
1266 2094 1436 2139 pulpitum

39 2160 143 2204 juxta
167 2160 319 2205 plateam
344 2170 471 2205 corpus
500 2162 576 2206 ejus
601 2170 676 2194 cum
698 2169 825 2205 magna
849 2162 1047 2194 reverentia
1072 2160 1290 2195 deduxerunt
1313 2164 1348 2194 et
1368 2160 1436 2193 ibi-

45 2223 122 2258 dem
148 2226 198 2259 sic
223 2235 344 2261 sanum
373 2231 407 2261 et
431 2228 605 2272 integrum
631 2236 747 2260 coram
774 2227 866 2260 omni
890 2225 1020 2271 populo
1049 2231 1102 2260 est
1128 2231 1306 2260 ostensum
1333 2231 1366 2260 et
1393 2227 1437 2260 ab

47 2300 88 2324 eo
114 2289 320 2334 suppliciter
344 2292 537 2327 adoratum.
587 2292 624 2337 4)
637 2292 781 2327 Praeter
805 2292 973 2326 miracula
1005 2303 1112 2337 supra
1137 2292 1229 2326 dicta
1253 2293 1288 2325 in
1311 2292 1438 2325 litteris

47 2356 169 2389 summi
195 2354 370 2400 pontilicis
395 2359 516 2401 posita
541 2359 690 2403 plurima
716 2358 787 2392 alia
813 2361 893 2392 sunt
916 2362 1105 2402 comperta.
1153 2357 1239 2391 Nam
1258 2367 1364 2401 super
1383 2356 1438 2390 lo-

116 2510 143 2544 1)
162 2510 216 2538 Ed.
232 2513 277 2538 Pr.
294 2509 389 2537 male:
411 2510 567 2543 quidam
586 2511 891 2540 obtestationis,
968 2512 996 2545 2)
1014 2514 1136 2541 Recent.
1154 2521 1214 2540 non
1230 2512 1308 2539 male
1322 2513 1439 2545 legunt:

49 2554 114 2588 qui
140 2563 223 2582 eum
249 2563 323 2582 non
341 2559 499 2589 posset,
526 2555 556 2582 si
575 2555 682 2583 circa
702 2556 771 2582 hoc
790 2556 1056 2589 delinqueret.
1159 2558 1188 2589 3)
1208 2559 1373 2591 Sequentes
1392 2557 1439 2584 hi-

50 2598 192 2626 storiolae
216 2598 255 2626 de
283 2598 435 2627 miraculis
463 2600 542 2627 l'etri
567 2600 637 2627 inde
670 2610 687 2627 a
712 2599 817 2627 verbis
849 2600 1075 2636 Hydropica
1102 2616 1133 2623 -
1161 2602 1355 2630 subsidiis
1381 2612 1442 2628 re-

50 2643 113 2670 die
122 2653 136 2670 ι·
145 2652 161 2670 e
187 2643 296 2671 desunt
322 2643 353 2671 in
372 2644 426 2672 Ed.
445 2648 489 2672 Pr.
576 2645 605 2679 4)
631 2644 792 2679 Sequentia
810 2643 881 2672 inde
900 2656 917 2673 a
935 2647 1054 2675 verbis:
1073 2651 1093 2674 P
1101 2657 1115 2675 r
1124 2657 1140 2675 a
1150 2656 1165 2675 e
1174 2652 1207 2675 te
1215 2657 1229 2675 r
1246 2662 1277 2669 -
1296 2651 1308 2675 t
1318 2657 1334 2675 e
1344 2646 1442 2675 stati

52 2692 142 2716 sunt
160 2687 278 2719 desunt,
287 2689 319 2717 in
336 2689 391 2720 Ed.
410 2693 454 2719 Pr.
