1742 3005
623 87 739 125 Index
771 87 950 138 capitum.
1432 96 1479 120 xx

105 198 190 243 Ca.p
218 194 372 232 CLXIX.
420 193 472 229 De
496 193 799 228 sanetaCaeeilia
859 218 867 227 .
913 217 922 226 .
971 218 978 225 .
1025 216 1035 227 .
1085 216 1095 227 .
1143 216 1150 223 .
1199 215 1205 222 .
1256 215 1265 222 .
1314 198 1394 234 pag.
1418 190 1483 224 771

211 251 348 288 CLXX.
398 250 449 285 De
474 253 596 284 sancto
623 248 799 284 Clemente
826 271 1285 282 .........
1357 267 1370 270 -
1416 246 1484 279 777

149 332 164 336 -
211 306 366 343 C.LXXI
413 306 464 341 De
491 310 611 340 sancto
645 305 841 351 Crisogono
887 324 1308 339 ........
1357 322 1371 326 —
1418 302 1486 335 788

149 387 163 391 ·
213 363 380 399 CLXXII.
428 363 478 397 De
503 366 626 396 sancta
651 361 839 395 Catherina
869 382 1285 396 ........
1356 378 1371 382 -
1418 357 1487 391 789

151 443 165 446 -
214 418 397 456 CLXXIII.
442 419 494 453 De
510 422 630 452 saneto
649 418 850 458 Saturnino,
875 416 1062 460 Perpetua,
1088 413 1271 448 Felicitate

321 479 355 509 et
380 474 459 508 aliis
484 474 591 507 sociis
653 494 1310 510 ............
1358 491 1372 495 -
1419 471 1486 504 797

151 554 165 557 «
215 530 396 566 CLXXIV.
441 529 491 564 De
516 532 638 562 sancto
663 528 798 563 Jacobo
824 528 991 562 interciso
1055 551 1289 563 .....
1358 548 1373 552 -
1420 527 1487 560 797

152 609 165 613 -
215 586 384 622 CLXXV.
431 585 482 620 De
507 589 629 619 saneto
654 583 801 618 Pastore
842 607 1309 620 .........
1360 604 1374 608 -
1420 584 1487 616 803

150 665 165 669 -
215 641 399 677 CLXXVI.
446 641 497 676 De
523 645 645 675 saneto
670 640 830 675 Johanne
856 639 984 674 abbate
1043 665 1052 674 .
1099 662 1110 673 .
1164 665 1171 671 .
1223 663 1230 672 .
1278 664 1287 673 .
1357 658 1374 665 —
1420 639 1487 672 805

151 720 166 724 -
215 697 415 733 CLXXVII.
466 698 516 733 De
542 701 662 731 saneto
686 696 809 741 Moyse
833 696 962 730 abbate
1012 720 1311 733 ......
1358 711 1374 719 -
1421 696 1488 728 806

150 776 165 781 -
214 753 428 791 CLXXVIII.
475 754 526 789 De
551 757 672 787 saneto
697 753 846 788 Arsenio
873 752 1002 787 abbate
1047 775 1290 789 .....
1361 771 1374 776 -
1421 752 1488 784 807

150 832 165 837 -
215 809 404 848 CLXXIX.
458 810 506 845 De
534 809 699 856 Agathou
729 809 857 843 abbate
890 829 1376 844 .........
1422 807 1489 840 809

151 888 165 892 -
215 866 387 903 CLXXX.
436 866 487 901 De
513 868 643 901 sanetis
667 866 826 900 Bai-laam
855 869 889 899 et
913 864 1086 910 Josaphat
1159 890 1168 899 .
1217 888 1227 897 .
1279 888 1288 897 .
1360 883 1375 888 —
1423 863 1488 896 811

151 944 165 948 -
215 922 403 958 CLXXXI.
451 924 502 958 De
527 928 650 957 sancto
674 922 819 967 Pelagio
845 932 938 966 papa
1010 945 1313 957 ......
1361 941 1376 945 -
1422 921 1489 954 824

151 1000 165 1004 -
215 978 419 1017 CLXXXII.
466 979 517 1014 De
544 979 765 1014 dedicati0ne
790 978 963 1012 ecclesiae
989 1002 1286 1014 ......
1361 997 1376 1002 -
1422 976 1490 1010 845

150 1109 166 1113 -
215 1087 431 1122 CLXXXIII.
483 1087 535 1122 De
560 1086 677 1122 decem
703 1087 857 1122 millibus
882 1088 1060 1122 martirum
1120 1114 1127 1122 .
1177 1109 1186 1120 .
1240 1112 1248 1121 .
1301 1113 1309 1120 .
1359 1107 1375 1112 -
1422 1086 1490 1120 858

151 1166 165 1170 -
214 1143 431 1180 CLXXXIV.
478 1144 528 1179 De
554 1149 675 1178 saneto
700 1144 834 1180 Jodoco
873 1168 1290 1180 ........
1362 1163 1376 1168 -
1424 1144 1492 1177 859

151 1221 166 1226 -
216 1200 416 1235 CLXXXV.
463 1201 513 1235 De
538 1204 659 1235 sancto
686 1200 852 1235 Otlnnaro
893 1225 903 1237 .
952 1224 965 1236 .
1011 1226 1020 1235 .
1071 1227 1080 1236 .
1130 1224 1140 1235 .
1188 1208 1197 1235 .’
1246 1224 1253 1232 .
1302 1224 1311 1234 .
1362 1219 1377 1224 -
1424 1200 1487 1236 861

152 1278 166 1282 -
216 1256 431 1292 CLXXXVI.
479 1257 530 1291 De
557 1261 680 1291 saneto
707 1257 869 1291 Conrado
925 1278 1285 1294 .......
1362 1275 1377 1280 -
1424 1256 1491 1291 863

152 1333 167 1338 -
216 1312 450 1347 CLXXXVII.
498 1313 549 1347 De
586 1317 707 1346 saneto
733 1312 920 1357 1151ari0ne
957 1334 1311 1348 .......
1362 1332 1377 1337 -
1424 1313 1492 1346 864

151 1389 166 1394 -
215 1368 465 1403 CLXXXVIII.
513 1368 677 1414 Hystoria
702 1368 818 1402 Caroli
842 1368 967 1413 Magni
990 1390 1288 1404 ......
1361 1388 1378 1393 —
1424 1369 1491 1403 865

151 1445 166 1450 -
216 1423 438 1460 CLXXXIX.
486 1424 535 1459 De
561 1426 787 1468 conceptione
810 1424 937 1458 beatae
961 1422 1098 1458 Mariae
1125 1424 1271 1468 virginis
1307 1448 1315 1458 .
1363 1445 1379 1449 -
1425 1426 1492 1458 869

151 1501 166 1504 -
216 1479 318 1515 CXC.
365 1478 416 1514 De
442 1486 562 1514 sancta
589 1480 707 1514 Odilia
748 1504 1292 1516 ..........
1362 1500 1377 1504 —
1425 1482 1491 1514 876

150 1556 165 1561 -
213 1535 329 1569 CXCI.
377 1535 429 1570 De
453 1538 635 1570 nativitate
660 1537 771 1569 saneti
797 1535 950 1570 Udalrici
980 1537 1139 1580 epiScopi
1187 1563 1198 1572 .
1245 1561 1253 1570 .
1302 1560 1310 1569 .
1362 1558 1376 1562 -
1424 1538 1491 1571 877

151 1613 165 1617 -
216 1591 349 1628 CXCII.
396 1592 447 1627 De
473 1594 545 1626 vita
569 1593 683 1625 saneti
708 1590 797 1625 Galli
825 1592 1041 1626 confessoris
1099 1616 1108 1626 .
1159 1618 1169 1628 .
1220 1619 1230 1628 .
1281 1617 1289 1626 .
1362 1613 1377 1618 ·
1425 1594 1491 1627 879

150 1669 165 1673 -
214 1647 364 1685 CXCIII.
409 1648 460 1683 De
480 1653 601 1683 saneto
618 1649 821 1692 Arbogasto
838 1649 1006 1693 episeopo
1025 1649 1275 1694 Argentinensi
1300 1674 1311 1685 .
1362 1671 1377 1675 -
1423 1652 1490 1685 881

152 1726 167 1731 -
217 1703 364 1739 CXCIV.
414 1704 465 1739 De
493 1709 613 1739 saneto
641 1703 770 1739 Adell'o
817 1730 1290 1740 .........
1363 1728 1377 1732 -
1424 1708 1491 1742 883

150 1783 165 1788 -
213 1760 346 1797 CXCV.
394 1760 444 1795 De
471 1762 671 1796 visitatione
696 1760 823 1795 beatae
849 1761 997 1805 virginis
1024 1760 1162 1795 Mariae
1188 1787 1195 1795 .
1248 1788 1256 1795 .
1302 1787 1312 1796 .
1361 1783 1376 1789 -
1423 1763 1490 1798 884

151 1838 166 1843 -
216 1816 364 1852 CXCVI.
389 1817 440 1852 De
455 1822 577 1851 saneta
593 1816 817 1851 Scholastica
836 1827 960 1851 sorore
981 1819 1091 1851 sancti
1108 1816 1290 1852 Benedicti
1362 1840 1376 1844 —
1425 1820 1491 1854 885

150 1894 165 1900 -
215 1874 377 1909 CXCVII.
425 1874 475 1909 De
498 1879 620 1909 sancto
644 1873 797 1918 Ruperto
840 1896 1310 1912 .........
1362 1897 1376 1901 -
1423 1878 1491 1911 887

150 1951 165 1956 -
215 1929 396 1965 CXCVIII.
445 1931 494 1966 De
521 1936 642 1965 saneto
669 1929 833 1964 Floriano
867 1955 1288 1966 ........
1362 1953 1376 1958 -
1424 1933 1491 1967 889

151 2007 166 2012 -
215 1986 367 2022 CXCIX.
414 1986 465 2022 De
490 1991 611 2021 sancto
636 1986 780 2021 Erasmo
837 2012 1311 2024 .........
1362 2010 1377 2014 -
1424 1990 1491 2023 890

150 2063 165 2069 -
215 2042 281 2077 CC.
330 2042 381 2077 lle
407 2047 526 2077 sancto
553 2043 693 2078 Kiliano
751 2066 1286 2080 ..........
1358 2066 1374 2071 -
1422 2047 1491 2082 894

151 2119 166 2124 -
215 2097 298 2135 CCI.
345 2098 541 2134 De'sancto
567 2098 714 2134 Henrico
740 2100 953 2144 imperatore
1011 2126 1312 2137 ......
1363 2123 1378 2129 -
1424 2104 1492 2137 897

150 2175 165 2180 -
215 2154 314 2192 CCII.
362 2155 412 2191 De
440 2160 562 2190 sancta
586 2155 745 2190 Barbara
810 2181 1291 2193 .........
1363 2179 1378 2184 -
1425 2160 1491 2194 898

150 2230 166 2236 -
214 2210 324 2246 CCIII.
373 2211 424 2246 De
449 2215 569 2246 saneta
592 2211 741 2258 Brigida
778 2237 1313 2251 ..........
1362 2236 1378 2241 -
1424 2217 1491 2249 902

151 2285 167 2290 -
216 2265 329 2301 CCIV.
376 2267 426 2302 De
452 2272 573 2302 saneto
599 2267 778 2313 Gangolfo
806 2292 1287 2305 .........
1360 2292 1375 2298 -
1423 2272 1490 2306 903

152 2343 166 2347 -
216 2321 311 2357 CCV.
360 2322 408 2358 De
432 2328 553 2358 sancto
577 2323 740 2359 Udatrico
775 2350 1310 2362 ..........
1360 2347 1375 2352 -
1423 2327 1491 2362 903

151 2399 166 2403 -
215 2376 327 2412 CCVI.
374 2377 427 2412 De
453 2384 574 2414 sancta
598 2380 698 2415 Affra
753 2407 1288 2419 ..........
1360 2403 1375 2407 -
1423 2383 1491 2419 904

152 2454 166 2459 -
215 2432 346 2469 CCVII.
393 2433 444 2468 De
469 2440 591 2470 sancto
617 2436 783 2471 Oswaldo
826 2463 1308 2474 .........
1359 2458 1374 2464 -
1422 2439 1490 2473 904

150 2510 165 2514 -
214 2488 359 2525 CCVIII.
408 2488 458 2525 De
486 2495 608 2526 sancta
632 2491 768 2527 Thecla
806 2517 1284 2531 .........
1359 2515 1373 2520 -
1421 2494 1490 2533 905

151 2565 166 2570 -
215 2544 334 2583 CCIX.
383 2544 434 2581 De
462 2550 586 2581 saneta
609 2546 828 2593 Kunegunde
894 2573 1309 2586 ........
1359 2571 1373 2575 -
1421 2551 1489 2584 905

150 2621 165 2626 -
214 2599 317 2638 CCX.
363 2601 414 2636 De
439 2606 560 2637 saneta
582 2602 763 2638 Dorothea
818 2629 1289 2642 .........
1359 2627 1374 2632 -
1420 2607 1488 2640 910

149 2677 163 2681 -
213 2656 327 2693 CCXI.
377 2658 427 2694 De
455 2664 574 2694 sancto
600 2659 814 2707 Wolrgango
838 2686 1307 2701 .........
1359 2684 1373 2689 -
1419 2662 1487 2697 912
