1742 3005
277 86 359 126 846
487 86 583 134 Cap.
616 83 839 123 CLXXXH.
897 84 957 120 De
989 83 1228 121 dedicatione
1260 87 1455 123 ecclesiae.

277 195 383 227 missa
410 200 472 229 eo,
501 187 593 233 quod
620 187 785 221 coelestis
814 188 959 229 missus,
987 188 1121 222 scilicet
1150 185 1321 229 Clu-istus,
1348 198 1368 221 a
1387 191 1486 231 patre
1505 190 1662 230 mittitur,

276 258 334 301 qui
362 258 469 300 ipsam
497 253 644 287 hostiam
674 257 868 295 consecrat,
897 258 929 288 et
955 265 1018 298 per
1043 251 1188 288 cundem
1215 261 1235 285 a
1260 251 1361 285 nobis
1387 254 1477 296 patri
1505 256 1662 295 mittitur,

274 326 311 354 ut
338 331 399 364 pro
429 318 531 353 nobis
557 318 761 352 intercedat.
812 317 908 352 Unde
934 317 1055 363 Ilugo:
1090 319 1167 361 ipsa
1192 316 1311 351 hostia
1336 328 1439 352 sacra
1466 322 1572 355 missa
1601 333 1663 355 vo-

273 388 345 421 cari
372 389 505 430 potest,
540 385 622 429 quia
656 385 864 417 transmissa
897 388 967 422 ests
1017 375 1127 427 primo
1162 392 1183 416 a
1208 387 1307 427 patre
1335 383 1435 417 nobis
1463 395 1524 428 per
1551 387 1662 420 incar-

274 453 473 492 nationem,
517 448 671 484 secundo
712 459 734 483 a
776 449 878 483 nobis
919 449 1011 493 patri
1054 459 1116 493 per
1155 444 1368 492 passionemI
1427 448 1664 485 Similiter'in

273 521 491 552 sacramento
521 517 630 561 primo
658 525 678 549 a
704 519 802 559 patre
825 514 926 548 nobis
952 525 1014 559 per
1035 514 1359 556 sanctificationem,
1387 525 1456 559 qua
1485 515 1664 550 nobiscum

273 594 353 618 esse
380 583 519 626 incipit,
553 586 679 625 postea
715 591 735 615 a
770 580 872 614 nobis
902 581 991 625 patri
1019 591 1081 624 per
1105 579 1337 623 oblationem,
1378 590 1446 625 qua
1471 591 1534 625 pro
1563 582 1665 615 nohis

272 647 469 682 intercedit.
520 646 562 681 Et
588 651 690 688 nota,
729 647 822 691 quod
848 648 956 680 missa
986 648 1018 679 in
1044 646 1156 679 tribus
1184 646 1312 692 linguis
1342 648 1496 689 canitur,
1531 648 1666 682 scilicet

272 723 422 760 graeca,
451 711 627 756 hebra5ca
656 717 689 746 et
714 712 842 752 latina,
880 711 923 744 ad
951 712 1283 755 repraesentandum
1311 713 1442 746 titulum
1472 712 1664 747 dominicae

273 780 466 825 passionis,
496 780 554 823 qui
583 778 734 821 scriptus
760 781 836 811 erat
861 786 1003 821 graece,
1032 776 1204 820 hebrayce
1230 782 1264 811 et
1289 777 1406 812 latine.
1455 777 1537 812 ltem
1560 781 1663 812 etiam

272 849 306 880 in
339 845 451 880 tribus
489 845 620 891 linguis
653 844 788 876 canitur
821 842 865 876 ad
892 842 1098 884 notandum⁷
1136 842 1228 887 quod
1264 844 1375 876 omnis
1406 843 1527 889 lingua
1560 844 1664 879 debet

270 914 378 948 Deum
406 911 572 951 laudare,
610 920 699 954 quae
733 919 794 953 per
819 908 907 942 lianc
936 908 1107 953 triplicem
1141 909 1295 954 linguam
1325 909 1546 955 intelligitur.
1593 910 1663 944 La-

269 982 345 1015 tina
370 983 484 1013 autem
509 981 589 1011 sunt
615 975 821 1020 evangelia,
859 975 1053 1018 epistolae,
1090 977 1270 1009 orationes
1297 980 1330 1010 et
1355 981 1499 1018 cantus,
1534 986 1665 1021 graeca

272 1051 352 1081 sunt
376 1045 482 1090 Kyrie
508 1043 660 1084 eleison,
690 1040 827 1075 Christe
857 1041 1011 1083 eleison,
1039 1051 1129 1085 quae
1155 1052 1277 1076 novem
1305 1041 1438 1076 vicibus
1464 1047 1661 1084 cantantur,

269 1117 307 1147 ut
331 1111 376 1145 ad
404 1111 605 1144 societatem
632 1118 754 1141 novem
781 1106 937 1140 ordinum
964 1107 1166 1151 angelorum
1193 1109 1458 1151 perveniamus,
1487 1108 1662 1152 liebrajca

270 1182 350 1212 sunt
386 1175 550 1220 alleluJa,
583 1184 702 1215 amen,
746 1172 898 1206 sabaoth
931 1177 964 1206 ct
999 1183 1144 1208 osanna.
1204 1173 1326 1208 Tertio
1360 1174 1404 1207 ad
1438 1174 1660 1217 cantandum,

269 1244 474 1279 Ecclesiast.
493 1239 635 1275 XLVII:
665 1239 762 1274 dedit
788 1239 838 1273 illi
864 1243 985 1273 contra
1010 1241 1168 1274 inimicos
1196 1242 1383 1284 potentiani
1412 1245 1445 1274 et
1463 1245 1557 1275 stare
1578 1242 1662 1276 l‘ecit

268 1315 391 1345 contra
417 1310 528 1343 altare
554 1313 716 1343 cantores
753 1312 786 1343 et
818 1308 852 1340 in
878 1317 965 1340 sono
1000 1316 1117 1340 eorum
1148 1306 1230 1340 l'ecit
1253 1306 1374 1341 dulces
1400 1307 1568 1342 modulos.
1618 1307 1661 1341 Et

267 1379 351 1412 dicit
378 1376 536 1411 modulos
566 1377 599 1409 in
626 1375 773 1420 plurali,
801 1375 882 1420 quia
908 1373 1097 1408 secundum
1119 1372 1296 1418 llugonem
1318 1373 1361 1407 de
1381 1378 1501 1407 sancto
1521 1373 1660 1408 Victore

267 1449 339 1478 tres
367 1447 446 1478 sunt
473 1444 612 1487 species
641 1453 827 1483 sonorum,
867 1451 957 1486 quae
996 1440 1128 1474 faciunt
1158 1445 1229 1474 tres
1263 1440 1434 1475 modulos.
1483 1439 1538 1473 Fit
1573 1442 1662 1474 enim

269 1521 377 1545 sonus
404 1510 525 1554 pulsu,
558 1509 643 1543 flatu
671 1513 705 1543 et
731 1513 845 1542 cantu.
894 1507 949 1542 Ad
977 1507 1146 1541 citharam
1173 1508 1324 1552 pertinet
1350 1507 1490 1552 pulsus,
1531 1507 1574 1541 ad
1602 1519 1660 1541 or-

270 1587 396 1622 ganum
425 1576 540 1617 ssatus,
566 1575 608 1609 ad
637 1585 754 1609 vocem
783 1578 917 1609 cantus.
967 1574 1154 1619 Assignari
1182 1578 1299 1618 potest
1325 1574 1410 1609 llaec
1433 1577 1662 1609 consonantia

269 1653 432 1677 sonorum
461 1640 671 1676 concordiae
696 1651 851 1682 morum,
887 1643 917 1675 si
951 1642 1126 1676 reseratur
1158 1641 1201 1675 ad
1237 1641 1373 1685 pulsum
1406 1641 1562 1677 citharae
1588 1652 1660 1677 nia-

269 1720 370 1743 nuum
396 1709 578 1753 operatio,
607 1707 651 1741 ad
682 1708 798 1741 flatum
826 1709 950 1753 organi
978 1710 1101 1741 mentis
1129 1708 1290 1750 devotio⁷
1329 1708 1373 1742 ad
1400 1713 1534 1742 (salttum
1566 1711 1660 1744 vocis

269 1776 440 1810 sermonis
468 1774 688 1813 exliortati03
722 1778 756 1809 et
781 1774 891 1808 inira:
931 1773 1011 1819 quid
1039 1774 1184 1818 prodest
1209 1773 1357 1808 dulcedo
1386 1776 1457 1809 oris
1483 1777 1558 1810 sine
1586 1775 1662 1809 dul-

270 1841 391 1875 cedine
416 1840 560 1875 cordis?
608 1840 757 1885 Frangis
785 1850 924 1881 vocem,
954 1840 1077 1884 frange
1107 1844 1140 1873 et
1169 1840 1400 1881 voluntatem,
1427 1850 1550 1875 servas
1577 1851 1662 1874 eon-

268 1908 463 1942 sonandam
505 1917 649 1948 vocum,
690 1915 794 1940 serva
834 1905 1055 1938 concordiam
1100 1915 1247 1947 morum,
1293 1909 1329 1938 ut
1369 1916 1432 1950 per
1470 1907 1660 1951 exemplum

269 1972 462 2008 concordes
490 1974 670 2016 proximo,
704 1982 769 2015 per
802 1971 1013 2005 voluntatem
1046 1971 1205 2012 domino,
1237 1982 1301 2015 per
1328 1971 1562 2006 obedientiam
1589 1984 1657 2007 nia-

268 2042 392 2084 gistro.
442 2038 515 2072 lloc
548 2040 656 2083 igitur
687 2037 815 2081 triplex
850 2047 962 2081 genus
998 2038 1206 2070 musicorum
1242 2037 1394 2071 refertur
1419 2038 1462 2072 ad
1490 2039 1660 2082 triplicem

269 2106 502 2140 differentiam
535 2104 643 2137 ol'lieii
681 2103 871 2145 ecclesiae,
923 2104 1014 2136 sicut
1053 2102 1180 2136 dicitur
1219 2104 1251 2136 in
1289 2103 1416 2137 mitrali
1455 2104 1497 2139 de
1532 2104 1660 2147 oslicio,

269 2182 346 2206 nam
377 2173 487 2215 ipsum
516 2169 667 2203 ol'licium
696 2169 867 2203 ecclesiae
893 2169 1054 2202 consistit
1090 2170 1122 2202 in
1152 2168 1316 2213 psalmis,
1353 2170 1386 2202 in
1421 2174 1522 2204 cantu
1560 2174 1594 2204 et
1627 2172 1660 2205 in

268 2237 489 2273 lectionibus.
539 2235 686 2270 Primum
718 2237 827 2281 igitur
859 2245 969 2280 genus
1004 2235 1212 2268 musicorum
1246 2238 1319 2276 est,
1361 2234 1452 2280 quod
1488 2235 1524 2270 lit
1558 2237 1661 2281 pulsu

269 2305 477 2348 digitorum,
516 2306 553 2336 ut
591 2304 623 2335 in
659 2302 829 2347 psalterio
867 2305 900 2335 et
934 2302 967 2334 in
1004 2300 1194 2342 similibus,
1238 2304 1272 2334 et
1308 2300 1351 2334 ad
1387 2300 1472 2334 illud
1510 2303 1661 2346 pertinet

269 2369 487 2415 psalmodia3
512 2368 660 2403 Psalm:
688 2368 829 2401 laudate
857 2378 931 2402 eum
959 2369 991 2400 in
1018 2367 1186 2411 psalterio
1215 2371 1247 2400 et
1268 2366 1416 2401 cithara.
1465 2368 1658 2402 Secundum

270 2441 343 2477 est,
373 2435 463 2481 quod
494 2436 528 2468 lit
556 2437 678 2475 cantu,
713 2434 802 2467 sicut
829 2434 861 2466 in
889 2444 994 2475 voce,
1024 2438 1057 2467 et
1086 2432 1128 2466 ad
1158 2432 1248 2466 istud
1277 2434 1452 2476 pertinent
1478 2434 1659 2474 lectiones,

269 2503 416 2536 Psalm.:
451 2500 592 2546 psallite
628 2501 659 2533 ci
685 2501 717 2532 in
752 2500 1014 2533 vociferatione.
1065 2498 1221 2532 Tertium
1259 2502 1330 2540 est,
1368 2499 1458 2543 quod
1493 2500 1528 2532 lit
1561 2499 1656 2540 flatu,

271 2569 362 2601 sicut
387 2569 419 2601 in
445 2566 546 2609 tuba,
585 2570 619 2600 et
645 2565 687 2599 ad
716 2565 806 2599 istud
835 2567 985 2610 pertinet
1013 2551 1148 2606 cantus,
1178 2564 1323 2599 Psalm.:
1356 2552 1595 2598 laudatc'cum
1624 2566 1657 2598 in

273 2643 358 2665 sono
388 2633 503 2668 tubae.
553 2632 733 2676 Templum
770 2635 882 2665 autem
916 2641 977 2665 seu
1011 2630 1162 2665 ecclesia
1195 2634 1421 2664 consecratur
1452 2630 1656 2674 quintuplici

274 2699 420 2731 ratione.
470 2698 606 2741 Primo,
638 2702 676 2732 ut
700 2697 781 2732 inde
809 2697 980 2742 dyabolus
1010 2700 1044 2732 et
1074 2697 1150 2741 ejiis
1176 2699 1334 2740 potestas
1359 2694 1564 2738 expellatur.
1615 2695 1656 2729 Ut
