<?xml version="1.0" encoding="UTF-8"?>
<!DOCTYPE html PUBLIC "-//W3C//DTD XHTML 1.0 Transitional//EN"
    "http://www.w3.org/TR/xhtml1/DTD/xhtml1-transitional.dtd">
<html xmlns="http://www.w3.org/1999/xhtml" xml:lang="en" lang="en">
 <head>
  <title>
</title>
<meta http-equiv="Content-Type" content="text/html;charset=utf-8" />
  <meta name='ocr-system' content='tesseract 3.04.00' />
  <meta name='ocr-capabilities' content='ocr_page ocr_carea ocr_par ocr_line ocrx_word'/>
</head>
<body>
  <div class='ocr_page' id='page_1' title='image "./legendaaureavulg00jacouoft_0336.png"; bbox 0 0 1742 3005; ppageno 0'>
   <div class='ocr_carea' id='block_1_1' title="bbox 276 79 1473 131">
    <p class='ocr_par' dir='ltr' id='par_1_1' title="bbox 276 79 1473 131">
     <span class='ocr_line' id='line_1_1' title="bbox 276 79 1473 131; baseline -0.004 -12"><span class='ocrx_word' id='word_1_1' title='bbox 276 80 356 120; x_wconf 81' lang='lat'>308</span> <span class='ocrx_word' id='word_1_2' title='bbox 469 81 566 131; x_wconf 80' lang='lat' dir='ltr'>Cap.</span> <span class='ocrx_word' id='word_1_3' title='bbox 588 79 762 118; x_wconf 82' lang='lat' dir='ltr'>LXVIII.</span> <span class='ocrx_word' id='word_1_4' title='bbox 822 80 881 117; x_wconf 88' lang='lat' dir='ltr'>De</span> <span class='ocrx_word' id='word_1_5' title='bbox 912 81 1129 117; x_wconf 76' lang='lat' dir='ltr'>inventione</span> <span class='ocrx_word' id='word_1_6' title='bbox 1162 86 1314 117; x_wconf 83' lang='lat' dir='ltr'>sanctae</span> <span class='ocrx_word' id='word_1_7' title='bbox 1337 79 1473 117; x_wconf 81' lang='lat' dir='ltr'>crucis.</span> 
     </span>
    </p>
   </div>
   <div class='ocr_carea' id='block_1_2' title="bbox 262 181 1674 2718">
    <p class='ocr_par' dir='ltr' id='par_1_2' title="bbox 262 181 1674 2718">
     <span class='ocr_line' id='line_1_2' title="bbox 282 181 1671 228; baseline -0.001 -8"><span class='ocrx_word' id='word_1_8' title='bbox 282 195 361 221; x_wconf 79' lang='lat' dir='ltr'>esse</span> <span class='ocrx_word' id='word_1_9' title='bbox 388 184 452 219; x_wconf 91' lang='lat' dir='ltr'>Dei</span> <span class='ocrx_word' id='word_1_10' title='bbox 478 183 583 216; x_wconf 86' lang='lat' dir='ltr'>filium</span> <span class='ocrx_word' id='word_1_11' title='bbox 611 185 871 227; x_wconf 82' lang='lat' dir='ltr'>cognoverunt,</span> <span class='ocrx_word' id='word_1_12' title='bbox 904 193 966 217; x_wconf 88' lang='lat' dir='ltr'>eur</span> <span class='ocrx_word' id='word_1_13' title='bbox 999 184 1111 228; x_wconf 88' lang='lat' dir='ltr'>ipsum</span> <span class='ocrx_word' id='word_1_14' title='bbox 1134 184 1246 218; x_wconf 83' lang='lat' dir='ltr'>erucis</span> <span class='ocrx_word' id='word_1_15' title='bbox 1272 182 1431 228; x_wconf 84' lang='lat' dir='ltr'>patibulo</span> <span class='ocrx_word' id='word_1_16' title='bbox 1460 181 1671 218; x_wconf 65' lang='lat' dir='ltr'>affixerunt?</span> 
     </span>
     <span class='ocr_line' id='line_1_3' title="bbox 278 247 1667 294; baseline -0.003 -9"><span class='ocrx_word' id='word_1_17' title='bbox 278 251 319 285; x_wconf 89' lang='lat' dir='ltr'>Et</span> <span class='ocrx_word' id='word_1_18' title='bbox 345 247 542 293; x_wconf 88' lang='lat' dir='ltr'>respondit:</span> <span class='ocrx_word' id='word_1_19' title='bbox 578 249 676 282; x_wconf 84' lang='lat' dir='ltr'>novit</span> <span class='ocrx_word' id='word_1_20' title='bbox 701 247 878 290; x_wconf 83' lang='lat' dir='ltr'>dominus,</span> <span class='ocrx_word' id='word_1_21' title='bbox 910 248 993 293; x_wconf 88' lang='lat' dir='ltr'>quia</span> <span class='ocrx_word' id='word_1_22' title='bbox 1024 258 1198 294; x_wconf 88' lang='lat' dir='ltr'>nunquam</span> <span class='ocrx_word' id='word_1_23' title='bbox 1222 250 1257 283; x_wconf 85' lang='lat' dir='ltr'>in</span> <span class='ocrx_word' id='word_1_24' title='bbox 1284 250 1433 283; x_wconf 83' lang='lat' dir='ltr'>consilio</span> <span class='ocrx_word' id='word_1_25' title='bbox 1463 259 1583 283; x_wconf 87' lang='lat' dir='ltr'>eorum</span> <span class='ocrx_word' id='word_1_26' title='bbox 1608 259 1667 283; x_wconf 84' lang='lat' dir='ltr'>ex-</span> 
     </span>
     <span class='ocr_line' id='line_1_4' title="bbox 280 313 1674 359; baseline -0.001 -9"><span class='ocrx_word' id='word_1_27' title='bbox 280 317 372 357; x_wconf 84' lang='lat' dir='ltr'>stiti,</span> <span class='ocrx_word' id='word_1_28' title='bbox 398 313 531 350; x_wconf 17' lang='lat' dir='ltr'>sedriis</span> <span class='ocrx_word' id='word_1_29' title='bbox 556 315 700 358; x_wconf 85' lang='lat' dir='ltr'>saepius</span> <span class='ocrx_word' id='word_1_30' title='bbox 726 313 941 348; x_wconf 75' lang='lat' dir='ltr'>contradixi:</span> <span class='ocrx_word' id='word_1_31' title='bbox 975 315 1057 359; x_wconf 90' lang='lat' dir='ltr'>quia</span> <span class='ocrx_word' id='word_1_32' title='bbox 1082 324 1165 348; x_wconf 76' lang='lat' dir='ltr'>vero</span> <span class='ocrx_word' id='word_1_33' title='bbox 1193 315 1268 358; x_wconf 89' lang='lat' dir='ltr'>ipse</span> <span class='ocrx_word' id='word_1_34' title='bbox 1293 314 1562 349; x_wconf 84' lang='lat' dir='ltr'>Pharisaeorum</span> <span class='ocrx_word' id='word_1_35' title='bbox 1586 315 1674 349; x_wconf 73' lang='lat' dir='ltr'>vitia</span> 
     </span>
     <span class='ocr_line' id='line_1_5' title="bbox 278 378 1672 425; baseline -0.001 -9"><span class='ocrx_word' id='word_1_36' title='bbox 278 379 535 425; x_wconf 77' lang='lat' dir='ltr'>exprobrabat,</span> <span class='ocrx_word' id='word_1_37' title='bbox 570 379 683 424; x_wconf 90' lang='lat' dir='ltr'>ipsum</span> <span class='ocrx_word' id='word_1_38' title='bbox 720 379 879 425; x_wconf 80' lang='lat' dir='ltr'>cruciligi</span> <span class='ocrx_word' id='word_1_39' title='bbox 913 379 1083 414; x_wconf 78' lang='lat' dir='ltr'>feceruut.</span> <span class='ocrx_word' id='word_1_40' title='bbox 1130 378 1209 424; x_wconf 88' lang='lat' dir='ltr'>Ipse</span> <span class='ocrx_word' id='word_1_41' title='bbox 1248 389 1332 413; x_wconf 84' lang='lat' dir='ltr'>vero</span> <span class='ocrx_word' id='word_1_42' title='bbox 1375 379 1433 413; x_wconf 88' lang='lat' dir='ltr'>die</span> <span class='ocrx_word' id='word_1_43' title='bbox 1470 381 1576 414; x_wconf 87' lang='lat' dir='ltr'>tertia</span> <span class='ocrx_word' id='word_1_44' title='bbox 1615 390 1672 414; x_wconf 84' lang='lat' dir='ltr'>re-</span> 
     </span>
     <span class='ocr_line' id='line_1_6' title="bbox 278 443 1670 490; baseline -0.001 -10"><span class='ocrx_word' id='word_1_45' title='bbox 278 446 432 480; x_wconf 76' lang='lat' dir='ltr'>surrexit</span> <span class='ocrx_word' id='word_1_46' title='bbox 448 449 482 480; x_wconf 89' lang='lat' dir='ltr'>et</span> <span class='ocrx_word' id='word_1_47' title='bbox 495 445 616 479; x_wconf 86' lang='lat' dir='ltr'>coelos</span> <span class='ocrx_word' id='word_1_48' title='bbox 632 445 815 489; x_wconf 83' lang='lat' dir='ltr'>discipuliS</span> <span class='ocrx_word' id='word_1_49' title='bbox 832 444 1032 480; x_wconf 84' lang='lat' dir='ltr'>videntibus</span> <span class='ocrx_word' id='word_1_50' title='bbox 1051 445 1258 490; x_wconf 87' lang='lat' dir='ltr'>penetravit.</span> <span class='ocrx_word' id='word_1_51' title='bbox 1297 443 1336 478; x_wconf 90' lang='lat' dir='ltr'>In</span> <span class='ocrx_word' id='word_1_52' title='bbox 1353 455 1453 489; x_wconf 87' lang='lat' dir='ltr'>quem</span> <span class='ocrx_word' id='word_1_53' title='bbox 1471 444 1670 489; x_wconf 83' lang='lat' dir='ltr'>Stephanus</span> 
     </span>
     <span class='ocr_line' id='line_1_7' title="bbox 276 509 1672 556; baseline -0.002 -10"><span class='ocrx_word' id='word_1_54' title='bbox 276 512 386 546; x_wconf 79' lang='lat' dir='ltr'>frater</span> <span class='ocrx_word' id='word_1_55' title='bbox 403 520 500 545; x_wconf 86' lang='lat' dir='ltr'>meus</span> <span class='ocrx_word' id='word_1_56' title='bbox 521 509 681 553; x_wconf 84' lang='lat' dir='ltr'>eredidit,</span> <span class='ocrx_word' id='word_1_57' title='bbox 709 521 809 556; x_wconf 88' lang='lat' dir='ltr'>quem</span> <span class='ocrx_word' id='word_1_58' title='bbox 834 511 1047 547; x_wconf 86' lang='lat' dir='ltr'>Judaeorum</span> <span class='ocrx_word' id='word_1_59' title='bbox 1070 512 1216 545; x_wconf 85' lang='lat' dir='ltr'>vesania</span> <span class='ocrx_word' id='word_1_60' title='bbox 1238 509 1420 554; x_wconf 79' lang='lat' dir='ltr'>lapidavit.</span> <span class='ocrx_word' id='word_1_61' title='bbox 1469 509 1558 544; x_wconf 78' lang='lat' dir='ltr'>Vide</span> <span class='ocrx_word' id='word_1_62' title='bbox 1573 521 1672 555; x_wconf 82' lang='lat' dir='ltr'>ergo,</span> 
     </span>
     <span class='ocr_line' id='line_1_8' title="bbox 275 575 1674 622; baseline -0.001 -12"><span class='ocrx_word' id='word_1_63' title='bbox 275 576 338 619; x_wconf 81' lang='lat' dir='ltr'>fili,</span> <span class='ocrx_word' id='word_1_64' title='bbox 363 586 406 611; x_wconf 90' lang='lat' dir='ltr'>ne</span> <span class='ocrx_word' id='word_1_65' title='bbox 432 577 543 621; x_wconf 89' lang='lat' dir='ltr'>ipsum</span> <span class='ocrx_word' id='word_1_66' title='bbox 570 576 625 610; x_wconf 71' lang='lat' dir='ltr'>vel</span> <span class='ocrx_word' id='word_1_67' title='bbox 653 576 847 621; x_wconf 79' lang='lat' dir='ltr'>discipulos</span> <span class='ocrx_word' id='word_1_68' title='bbox 874 578 949 622; x_wconf 88' lang='lat' dir='ltr'>ejus</span> <span class='ocrx_word' id='word_1_69' title='bbox 975 575 1109 611; x_wconf 87' lang='lat' dir='ltr'>audeas</span> <span class='ocrx_word' id='word_1_70' title='bbox 1127 575 1386 620; x_wconf 83' lang='lat' dir='ltr'>blasphemare.</span> <span class='ocrx_word' id='word_1_71' title='bbox 1435 575 1513 610; x_wconf 80' lang='lat' dir='ltr'>Non</span> <span class='ocrx_word' id='word_1_72' title='bbox 1537 575 1674 610; x_wconf 86' lang='lat' dir='ltr'>videtur</span> 
     </span>
     <span class='ocr_line' id='line_1_9' title="bbox 277 640 1673 687; baseline -0.002 -10"><span class='ocrx_word' id='word_1_73' title='bbox 277 646 392 677; x_wconf 84' lang='lat' dir='ltr'>autem</span> <span class='ocrx_word' id='word_1_74' title='bbox 416 642 557 676; x_wconf 89' lang='lat' dir='ltr'>multum</span> <span class='ocrx_word' id='word_1_75' title='bbox 582 641 787 686; x_wconf 81' lang='lat' dir='ltr'>probabile,</span> <span class='ocrx_word' id='word_1_76' title='bbox 823 642 915 687; x_wconf 90' lang='lat' dir='ltr'>quod</span> <span class='ocrx_word' id='word_1_77' title='bbox 940 646 1041 686; x_wconf 86' lang='lat' dir='ltr'>pater</span> <span class='ocrx_word' id='word_1_78' title='bbox 1066 643 1167 675; x_wconf 87' lang='lat' dir='ltr'>istius</span> <span class='ocrx_word' id='word_1_79' title='bbox 1194 640 1321 676; x_wconf 67' lang='lat' dir='ltr'>,Iudaei</span> <span class='ocrx_word' id='word_1_80' title='bbox 1348 645 1504 685; x_wconf 87' lang='lat' dir='ltr'>tempore</span> <span class='ocrx_word' id='word_1_81' title='bbox 1532 642 1673 685; x_wconf 86' lang='lat' dir='ltr'>passio-</span> 
     </span>
     <span class='ocr_line' id='line_1_10' title="bbox 277 706 1672 753; baseline -0.001 -12"><span class='ocrx_word' id='word_1_82' title='bbox 277 709 330 741; x_wconf 86' lang='lat' dir='ltr'>nis</span> <span class='ocrx_word' id='word_1_83' title='bbox 355 708 487 741; x_wconf 87' lang='lat' dir='ltr'>Christi</span> <span class='ocrx_word' id='word_1_84' title='bbox 512 717 592 741; x_wconf 86' lang='lat' dir='ltr'>esse</span> <span class='ocrx_word' id='word_1_85' title='bbox 617 708 785 750; x_wconf 87' lang='lat' dir='ltr'>potuerit,</span> <span class='ocrx_word' id='word_1_86' title='bbox 810 716 884 739; x_wconf 85' lang='lat' dir='ltr'>eum</span> <span class='ocrx_word' id='word_1_87' title='bbox 908 717 929 740; x_wconf 87' lang='lat' dir='ltr'>a</span> <span class='ocrx_word' id='word_1_88' title='bbox 954 708 1122 750; x_wconf 82' lang='lat' dir='ltr'>passione</span> <span class='ocrx_word' id='word_1_89' title='bbox 1144 706 1276 741; x_wconf 84' lang='lat' dir='ltr'>Christi</span> <span class='ocrx_word' id='word_1_90' title='bbox 1293 716 1403 751; x_wconf 89' lang='lat' dir='ltr'>usque</span> <span class='ocrx_word' id='word_1_91' title='bbox 1429 706 1476 741; x_wconf 81' lang='lat' dir='ltr'>ad</span> <span class='ocrx_word' id='word_1_92' title='bbox 1494 707 1672 753; x_wconf 81' lang='lat' dir='ltr'>Helenam,</span> 
     </span>
     <span class='ocr_line' id='line_1_11' title="bbox 276 770 1673 818; baseline 0.001 -13"><span class='ocrx_word' id='word_1_93' title='bbox 276 772 340 806; x_wconf 90' lang='lat' dir='ltr'>sub</span> <span class='ocrx_word' id='word_1_94' title='bbox 377 781 446 817; x_wconf 86' lang='lat' dir='ltr'>qua</span> <span class='ocrx_word' id='word_1_95' title='bbox 477 771 587 806; x_wconf 90' lang='lat' dir='ltr'>Judas</span> <span class='ocrx_word' id='word_1_96' title='bbox 622 771 709 812; x_wconf 84' lang='lat' dir='ltr'>suit,</span> <span class='ocrx_word' id='word_1_97' title='bbox 743 770 907 804; x_wconf 82' lang='lat' dir='ltr'>fluxerint</span> <span class='ocrx_word' id='word_1_98' title='bbox 931 771 1008 816; x_wconf 91' lang='lat' dir='ltr'>plus</span> <span class='ocrx_word' id='word_1_99' title='bbox 1035 781 1136 815; x_wconf 89' lang='lat' dir='ltr'>quam</span> <span class='ocrx_word' id='word_1_100' title='bbox 1162 771 1301 805; x_wconf 83' lang='lat' dir='ltr'>ducenti</span> <span class='ocrx_word' id='word_1_101' title='bbox 1329 774 1555 818; x_wconf 70' lang='lat' dir='ltr'>septuaginta</span> <span class='ocrx_word' id='word_1_102' title='bbox 1579 775 1673 811; x_wconf 73' lang='lat' dir='ltr'>anui,</span> 
     </span>
     <span class='ocr_line' id='line_1_12' title="bbox 275 836 1671 883; baseline 0 -11"><span class='ocrx_word' id='word_1_103' title='bbox 275 840 343 872; x_wconf 90' lang='lat' dir='ltr'>nisi</span> <span class='ocrx_word' id='word_1_104' title='bbox 370 837 460 872; x_wconf 84' lang='lat' dir='ltr'>sorte</span> <span class='ocrx_word' id='word_1_105' title='bbox 485 837 681 880; x_wconf 80' lang='lat' dir='ltr'>diceretur,</span> <span class='ocrx_word' id='word_1_106' title='bbox 718 837 811 883; x_wconf 90' lang='lat' dir='ltr'>quod</span> <span class='ocrx_word' id='word_1_107' title='bbox 838 842 920 871; x_wconf 82' lang='lat' dir='ltr'>tune</span> <span class='ocrx_word' id='word_1_108' title='bbox 943 836 1102 871; x_wconf 89' lang='lat' dir='ltr'>homines</span> <span class='ocrx_word' id='word_1_109' title='bbox 1128 836 1206 880; x_wconf 91' lang='lat' dir='ltr'>plus</span> <span class='ocrx_word' id='word_1_110' title='bbox 1240 846 1340 881; x_wconf 90' lang='lat' dir='ltr'>quam</span> <span class='ocrx_word' id='word_1_111' title='bbox 1367 837 1468 871; x_wconf 90' lang='lat' dir='ltr'>modo</span> <span class='ocrx_word' id='word_1_112' title='bbox 1496 839 1671 872; x_wconf 72' lang='lat' dir='ltr'>vivebant.</span> 
     </span>
     <span class='ocr_line' id='line_1_13' title="bbox 280 902 1672 949; baseline 0.002 -12"><span class='ocrx_word' id='word_1_113' title='bbox 280 904 448 937; x_wconf 82' lang='lat' dir='ltr'>Dixerunt</span> <span class='ocrx_word' id='word_1_114' title='bbox 485 914 570 949; x_wconf 82' lang='lat' dir='ltr'>ergo</span> <span class='ocrx_word' id='word_1_115' title='bbox 602 903 744 938; x_wconf 73' lang='lat' dir='ltr'>,Iudaeiv</span> <span class='ocrx_word' id='word_1_116' title='bbox 768 903 812 937; x_wconf 90' lang='lat' dir='ltr'>ad</span> <span class='ocrx_word' id='word_1_117' title='bbox 844 903 987 938; x_wconf 87' lang='lat' dir='ltr'>Judam:</span> <span class='ocrx_word' id='word_1_118' title='bbox 1029 912 1095 936; x_wconf 91' lang='lat' dir='ltr'>nos</span> <span class='ocrx_word' id='word_1_119' title='bbox 1129 902 1218 936; x_wconf 87' lang='lat' dir='ltr'>talia</span> <span class='ocrx_word' id='word_1_120' title='bbox 1253 912 1428 947; x_wconf 90' lang='lat' dir='ltr'>nunquam</span> <span class='ocrx_word' id='word_1_121' title='bbox 1466 902 1672 940; x_wconf 75' lang='lat' dir='ltr'>audivimus,</span> 
     </span>
     <span class='ocr_line' id='line_1_14' title="bbox 276 967 1673 1015; baseline -0.001 -11"><span class='ocrx_word' id='word_1_122' title='bbox 276 975 509 1004; x_wconf 82' lang='lat' dir='ltr'>verumtamen</span> <span class='ocrx_word' id='word_1_123' title='bbox 534 970 566 1003; x_wconf 89' lang='lat' dir='ltr'>si</span> <span class='ocrx_word' id='word_1_124' title='bbox 592 968 635 1003; x_wconf 90' lang='lat' dir='ltr'>de</span> <span class='ocrx_word' id='word_1_125' title='bbox 660 969 727 1003; x_wconf 83' lang='lat' dir='ltr'>hoe</span> <span class='ocrx_word' id='word_1_126' title='bbox 751 970 875 1014; x_wconf 83' lang='lat' dir='ltr'>regina</span> <span class='ocrx_word' id='word_1_127' title='bbox 899 969 1109 1013; x_wconf 83' lang='lat' dir='ltr'>quaesierit,</span> <span class='ocrx_word' id='word_1_128' title='bbox 1148 967 1226 1002; x_wconf 81' lang='lat' dir='ltr'>vide</span> <span class='ocrx_word' id='word_1_129' title='bbox 1258 978 1300 1002; x_wconf 94' lang='lat' dir='ltr'>ne</span> <span class='ocrx_word' id='word_1_130' title='bbox 1332 967 1400 1001; x_wconf 83' lang='lat' dir='ltr'>hoe</span> <span class='ocrx_word' id='word_1_131' title='bbox 1425 968 1495 1002; x_wconf 89' lang='lat' dir='ltr'>sibi</span> <span class='ocrx_word' id='word_1_132' title='bbox 1533 969 1673 1015; x_wconf 86' lang='lat' dir='ltr'>aliqua—</span> 
     </span>
     <span class='ocr_line' id='line_1_15' title="bbox 276 1034 1673 1080; baseline 0 -11"><span class='ocrx_word' id='word_1_133' title='bbox 276 1041 377 1070; x_wconf 81' lang='lat' dir='ltr'>tenus</span> <span class='ocrx_word' id='word_1_134' title='bbox 402 1035 614 1070; x_wconf 73' lang='lat' dir='ltr'>confitearis,</span> <span class='ocrx_word' id='word_1_135' title='bbox 664 1034 748 1069; x_wconf 89' lang='lat' dir='ltr'>Cum</span> <span class='ocrx_word' id='word_1_136' title='bbox 773 1045 859 1080; x_wconf 82' lang='lat' dir='ltr'>ergo</span> <span class='ocrx_word' id='word_1_137' title='bbox 886 1034 939 1067; x_wconf 92' lang='lat' dir='ltr'>illi</span> <span class='ocrx_word' id='word_1_138' title='bbox 965 1038 1045 1068; x_wconf 87' lang='lat' dir='ltr'>ante</span> <span class='ocrx_word' id='word_1_139' title='bbox 1070 1035 1227 1079; x_wconf 71' lang='lat' dir='ltr'>reginam</span> <span class='ocrx_word' id='word_1_140' title='bbox 1252 1035 1437 1068; x_wconf 82' lang='lat' dir='ltr'>stetissent</span> <span class='ocrx_word' id='word_1_141' title='bbox 1465 1038 1499 1068; x_wconf 87' lang='lat' dir='ltr'>et</span> <span class='ocrx_word' id='word_1_142' title='bbox 1525 1034 1586 1068; x_wconf 88' lang='lat' dir='ltr'>illa</span> <span class='ocrx_word' id='word_1_143' title='bbox 1611 1046 1673 1069; x_wconf 86' lang='lat' dir='ltr'>eos</span> 
     </span>
     <span class='ocr_line' id='line_1_16' title="bbox 277 1090 1671 1146; baseline 0 -12"><span class='ocrx_word' id='word_1_144' title='bbox 277 1103 533 1146; x_wconf 80' lang='lat' dir='ltr'>interrogasset</span> <span class='ocrx_word' id='word_1_145' title='bbox 553 1090 596 1134; x_wconf 73' lang='lat' dir='ltr'>de</span> <span class='ocrx_word' id='word_1_146' title='bbox 619 1099 720 1141; x_wconf 81' lang='lat' dir='ltr'>loeo,</span> <span class='ocrx_word' id='word_1_147' title='bbox 755 1099 816 1133; x_wconf 92' lang='lat' dir='ltr'>ubi</span> <span class='ocrx_word' id='word_1_148' title='bbox 844 1099 949 1134; x_wconf 84' lang='lat' dir='ltr'>fuerit</span> <span class='ocrx_word' id='word_1_149' title='bbox 973 1099 1132 1133; x_wconf 87' lang='lat' dir='ltr'>dominus</span> <span class='ocrx_word' id='word_1_150' title='bbox 1167 1098 1373 1142; x_wconf 75' lang='lat' dir='ltr'>crucifixus,</span> <span class='ocrx_word' id='word_1_151' title='bbox 1406 1104 1440 1134; x_wconf 90' lang='lat' dir='ltr'>et</span> <span class='ocrx_word' id='word_1_152' title='bbox 1466 1101 1533 1145; x_wconf 89' lang='lat' dir='ltr'>ipsi</span> <span class='ocrx_word' id='word_1_153' title='bbox 1559 1101 1671 1134; x_wconf 80' lang='lat' dir='ltr'>locum</span> 
     </span>
     <span class='ocr_line' id='line_1_17' title="bbox 277 1164 1671 1210; baseline 0.001 -11"><span class='ocrx_word' id='word_1_154' title='bbox 277 1165 474 1200; x_wconf 86' lang='lat' dir='ltr'>nullatenus</span> <span class='ocrx_word' id='word_1_155' title='bbox 500 1165 657 1199; x_wconf 80' lang='lat' dir='ltr'>indicare</span> <span class='ocrx_word' id='word_1_156' title='bbox 682 1164 832 1207; x_wconf 82' lang='lat' dir='ltr'>vellent,</span> <span class='ocrx_word' id='word_1_157' title='bbox 863 1166 973 1210; x_wconf 87' lang='lat' dir='ltr'>jussit</span> <span class='ocrx_word' id='word_1_158' title='bbox 1005 1174 1067 1199; x_wconf 87' lang='lat' dir='ltr'>eos</span> <span class='ocrx_word' id='word_1_159' title='bbox 1089 1176 1206 1199; x_wconf 84' lang='lat' dir='ltr'>omnes</span> <span class='ocrx_word' id='word_1_160' title='bbox 1232 1166 1314 1209; x_wconf 75' lang='lat' dir='ltr'>igne</span> <span class='ocrx_word' id='word_1_161' title='bbox 1342 1167 1498 1199; x_wconf 79' lang='lat' dir='ltr'>cremari.</span> <span class='ocrx_word' id='word_1_162' title='bbox 1549 1166 1594 1200; x_wconf 78' lang='lat' dir='ltr'>At</span> <span class='ocrx_word' id='word_1_163' title='bbox 1621 1167 1671 1200; x_wconf 86' lang='lat' dir='ltr'>illi</span> 
     </span>
     <span class='ocr_line' id='line_1_18' title="bbox 276 1229 1671 1277; baseline 0.001 -12"><span class='ocrx_word' id='word_1_164' title='bbox 276 1242 394 1265; x_wconf 89' lang='lat' dir='ltr'>omnes</span> <span class='ocrx_word' id='word_1_165' title='bbox 424 1233 582 1265; x_wconf 84' lang='lat' dir='ltr'>timentes</span> <span class='ocrx_word' id='word_1_166' title='bbox 608 1230 834 1265; x_wconf 85' lang='lat' dir='ltr'>tradiderunt</span> <span class='ocrx_word' id='word_1_167' title='bbox 855 1230 979 1265; x_wconf 75' lang='lat' dir='ltr'>,Iudam</span> <span class='ocrx_word' id='word_1_168' title='bbox 1007 1229 1185 1264; x_wconf 77' lang='lat' dir='ltr'>dieentes:</span> <span class='ocrx_word' id='word_1_169' title='bbox 1220 1230 1297 1272; x_wconf 84' lang='lat' dir='ltr'>hie,</span> <span class='ocrx_word' id='word_1_170' title='bbox 1337 1230 1495 1273; x_wconf 73' lang='lat' dir='ltr'>domina,</span> <span class='ocrx_word' id='word_1_171' title='bbox 1523 1233 1610 1277; x_wconf 78' lang='lat' dir='ltr'>justi</span> <span class='ocrx_word' id='word_1_172' title='bbox 1638 1238 1671 1267; x_wconf 85' lang='lat' dir='ltr'>et</span> 
     </span>
     <span class='ocr_line' id='line_1_19' title="bbox 274 1295 1668 1343; baseline 0.002 -13"><span class='ocrx_word' id='word_1_173' title='bbox 274 1296 470 1341; x_wconf 81' lang='lat' dir='ltr'>prophetae</span> <span class='ocrx_word' id='word_1_174' title='bbox 497 1296 589 1331; x_wconf 77' lang='lat' dir='ltr'>filius</span> <span class='ocrx_word' id='word_1_175' title='bbox 615 1298 745 1341; x_wconf 89' lang='lat' dir='ltr'>optime</span> <span class='ocrx_word' id='word_1_176' title='bbox 770 1298 867 1330; x_wconf 78' lang='lat' dir='ltr'>novit</span> <span class='ocrx_word' id='word_1_177' title='bbox 889 1296 1004 1341; x_wconf 79' lang='lat' dir='ltr'>legem</span> <span class='ocrx_word' id='word_1_178' title='bbox 1031 1300 1065 1330; x_wconf 91' lang='lat' dir='ltr'>et</span> <span class='ocrx_word' id='word_1_179' title='bbox 1089 1295 1154 1329; x_wconf 89' lang='lat' dir='ltr'>tibi</span> <span class='ocrx_word' id='word_1_180' title='bbox 1183 1297 1318 1337; x_wconf 89' lang='lat' dir='ltr'>omnia,</span> <span class='ocrx_word' id='word_1_181' title='bbox 1344 1307 1434 1341; x_wconf 87' lang='lat' dir='ltr'>quae</span> <span class='ocrx_word' id='word_1_182' title='bbox 1460 1300 1668 1343; x_wconf 82' lang='lat' dir='ltr'>quaesieris,</span> 
     </span>
     <span class='ocr_line' id='line_1_20' title="bbox 276 1361 1668 1407; baseline 0.001 -10"><span class='ocrx_word' id='word_1_183' title='bbox 276 1361 320 1397; x_wconf 83' lang='lat' dir='ltr'>ab</span> <span class='ocrx_word' id='word_1_184' title='bbox 352 1372 393 1397; x_wconf 89' lang='lat' dir='ltr'>eo</span> <span class='ocrx_word' id='word_1_185' title='bbox 425 1361 605 1397; x_wconf 76' lang='lat' dir='ltr'>indIeabit.</span> <span class='ocrx_word' id='word_1_186' title='bbox 653 1362 754 1397; x_wconf 81' lang='lat' dir='ltr'>Tune</span> <span class='ocrx_word' id='word_1_187' title='bbox 782 1362 843 1396; x_wconf 88' lang='lat' dir='ltr'>illa</span> <span class='ocrx_word' id='word_1_188' title='bbox 878 1372 997 1396; x_wconf 88' lang='lat' dir='ltr'>omnes</span> <span class='ocrx_word' id='word_1_189' title='bbox 1032 1361 1210 1396; x_wconf 70' lang='lat' dir='ltr'>dimittens</span> <span class='ocrx_word' id='word_1_190' title='bbox 1248 1363 1361 1396; x_wconf 75' lang='lat' dir='ltr'>tonuit</span> <span class='ocrx_word' id='word_1_191' title='bbox 1393 1362 1515 1397; x_wconf 73' lang='lat' dir='ltr'>‚Iudam</span> <span class='ocrx_word' id='word_1_192' title='bbox 1545 1365 1668 1407; x_wconf 73' lang='lat' dir='ltr'>solum,</span> 
     </span>
     <span class='ocr_line' id='line_1_21' title="bbox 275 1428 1668 1475; baseline 0.001 -13"><span class='ocrx_word' id='word_1_193' title='bbox 275 1430 330 1462; x_wconf 80' lang='lat' dir='ltr'>eui</span> <span class='ocrx_word' id='word_1_194' title='bbox 356 1428 460 1463; x_wconf 82' lang='lat' dir='ltr'>dixit:</span> <span class='ocrx_word' id='word_1_195' title='bbox 495 1440 588 1464; x_wconf 91' lang='lat' dir='ltr'>mors</span> <span class='ocrx_word' id='word_1_196' title='bbox 624 1434 659 1464; x_wconf 88' lang='lat' dir='ltr'>et</span> <span class='ocrx_word' id='word_1_197' title='bbox 691 1431 764 1464; x_wconf 78' lang='lat' dir='ltr'>vita</span> <span class='ocrx_word' id='word_1_198' title='bbox 795 1429 861 1463; x_wconf 89' lang='lat' dir='ltr'>tibi</span> <span class='ocrx_word' id='word_1_199' title='bbox 893 1430 1079 1473; x_wconf 85' lang='lat' dir='ltr'>proposita</span> <span class='ocrx_word' id='word_1_200' title='bbox 1103 1433 1199 1470; x_wconf 84' lang='lat' dir='ltr'>sunt,</span> <span class='ocrx_word' id='word_1_201' title='bbox 1237 1428 1319 1473; x_wconf 89' lang='lat' dir='ltr'>quid</span> <span class='ocrx_word' id='word_1_202' title='bbox 1345 1428 1528 1471; x_wconf 89' lang='lat' dir='ltr'>malueris,</span> <span class='ocrx_word' id='word_1_203' title='bbox 1565 1430 1668 1475; x_wconf 77' lang='lat' dir='ltr'>elige.</span> 
     </span>
     <span class='ocr_line' id='line_1_22' title="bbox 276 1493 1669 1540; baseline 0.001 -12"><span class='ocrx_word' id='word_1_204' title='bbox 276 1493 433 1529; x_wconf 85' lang='lat' dir='ltr'>Ostende</span> <span class='ocrx_word' id='word_1_205' title='bbox 456 1497 566 1540; x_wconf 83' lang='lat' dir='ltr'>igitur</span> <span class='ocrx_word' id='word_1_206' title='bbox 588 1495 672 1529; x_wconf 90' lang='lat' dir='ltr'>mihi</span> <span class='ocrx_word' id='word_1_207' title='bbox 696 1495 829 1537; x_wconf 89' lang='lat' dir='ltr'>locum,</span> <span class='ocrx_word' id='word_1_208' title='bbox 865 1496 923 1540; x_wconf 92' lang='lat' dir='ltr'>qui</span> <span class='ocrx_word' id='word_1_209' title='bbox 951 1494 1128 1540; x_wconf 75' lang='lat' dir='ltr'>Golgatha</span> <span class='ocrx_word' id='word_1_210' title='bbox 1154 1494 1301 1536; x_wconf 80' lang='lat' dir='ltr'>dicitur,</span> <span class='ocrx_word' id='word_1_211' title='bbox 1335 1494 1395 1529; x_wconf 91' lang='lat' dir='ltr'>ubi</span> <span class='ocrx_word' id='word_1_212' title='bbox 1421 1495 1485 1529; x_wconf 84' lang='lat' dir='ltr'>suit</span> <span class='ocrx_word' id='word_1_213' title='bbox 1510 1495 1669 1530; x_wconf 90' lang='lat' dir='ltr'>dominus</span> 
     </span>
     <span class='ocr_line' id='line_1_23' title="bbox 273 1559 1666 1606; baseline 0.001 -13"><span class='ocrx_word' id='word_1_214' title='bbox 273 1559 469 1601; x_wconf 79' lang='lat' dir='ltr'>crucilixuS,</span> <span class='ocrx_word' id='word_1_215' title='bbox 496 1565 533 1593; x_wconf 91' lang='lat' dir='ltr'>ut</span> <span class='ocrx_word' id='word_1_216' title='bbox 558 1570 695 1595; x_wconf 83' lang='lat' dir='ltr'>erucem</span> <span class='ocrx_word' id='word_1_217' title='bbox 723 1563 800 1606; x_wconf 86' lang='lat' dir='ltr'>ejus</span> <span class='ocrx_word' id='word_1_218' title='bbox 825 1562 982 1596; x_wconf 86' lang='lat' dir='ltr'>invenire</span> <span class='ocrx_word' id='word_1_219' title='bbox 1007 1561 1151 1605; x_wconf 87' lang='lat' dir='ltr'>possim.</span> <span class='ocrx_word' id='word_1_220' title='bbox 1198 1559 1393 1604; x_wconf 86' lang='lat' dir='ltr'>Respondit</span> <span class='ocrx_word' id='word_1_221' title='bbox 1410 1559 1540 1595; x_wconf 87' lang='lat' dir='ltr'>Judas:</span> <span class='ocrx_word' id='word_1_222' title='bbox 1579 1572 1666 1606; x_wconf 89' lang='lat' dir='ltr'>quo—</span> 
     </span>
     <span class='ocr_line' id='line_1_24' title="bbox 273 1624 1665 1670; baseline 0.003 -13"><span class='ocrx_word' id='word_1_223' title='bbox 273 1624 374 1658; x_wconf 89' lang='lat' dir='ltr'>modo</span> <span class='ocrx_word' id='word_1_224' title='bbox 402 1624 516 1658; x_wconf 83' lang='lat' dir='ltr'>locum</span> <span class='ocrx_word' id='word_1_225' title='bbox 540 1626 631 1660; x_wconf 82' lang='lat' dir='ltr'>scire</span> <span class='ocrx_word' id='word_1_226' title='bbox 657 1626 810 1667; x_wconf 84' lang='lat' dir='ltr'>valeam,</span> <span class='ocrx_word' id='word_1_227' title='bbox 848 1636 925 1659; x_wconf 77' lang='lat' dir='ltr'>eum</span> <span class='ocrx_word' id='word_1_228' title='bbox 956 1625 1096 1660; x_wconf 84' lang='lat' dir='ltr'>ducenti</span> <span class='ocrx_word' id='word_1_229' title='bbox 1120 1627 1201 1659; x_wconf 88' lang='lat' dir='ltr'>anni</span> <span class='ocrx_word' id='word_1_230' title='bbox 1222 1626 1296 1670; x_wconf 82' lang='lat' dir='ltr'>Jam</span> <span class='ocrx_word' id='word_1_231' title='bbox 1322 1630 1356 1660; x_wconf 88' lang='lat' dir='ltr'>et</span> <span class='ocrx_word' id='word_1_232' title='bbox 1382 1626 1529 1670; x_wconf 85' lang='lat' dir='ltr'>amplius</span> <span class='ocrx_word' id='word_1_233' title='bbox 1556 1627 1665 1662; x_wconf 82' lang='lat' dir='ltr'>fluxe-</span> 
     </span>
     <span class='ocr_line' id='line_1_25' title="bbox 273 1691 1668 1738; baseline 0.001 -14"><span class='ocrx_word' id='word_1_234' title='bbox 273 1692 360 1731; x_wconf 82' lang='lat' dir='ltr'>rint,</span> <span class='ocrx_word' id='word_1_235' title='bbox 405 1695 439 1725; x_wconf 88' lang='lat' dir='ltr'>et</span> <span class='ocrx_word' id='word_1_236' title='bbox 469 1700 688 1735; x_wconf 85' lang='lat' dir='ltr'>nequaquam</span> <span class='ocrx_word' id='word_1_237' title='bbox 722 1691 782 1724; x_wconf 92' lang='lat' dir='ltr'>illo</span> <span class='ocrx_word' id='word_1_238' title='bbox 817 1694 973 1735; x_wconf 86' lang='lat' dir='ltr'>tempore</span> <span class='ocrx_word' id='word_1_239' title='bbox 1009 1695 1111 1724; x_wconf 84' lang='lat' dir='ltr'>natus</span> <span class='ocrx_word' id='word_1_240' title='bbox 1147 1702 1271 1726; x_wconf 87' lang='lat' dir='ltr'>essem.</span> <span class='ocrx_word' id='word_1_241' title='bbox 1325 1692 1388 1727; x_wconf 89' lang='lat' dir='ltr'>Cui</span> <span class='ocrx_word' id='word_1_242' title='bbox 1419 1694 1562 1738; x_wconf 80' lang='lat' dir='ltr'>regina:</span> <span class='ocrx_word' id='word_1_243' title='bbox 1604 1703 1668 1737; x_wconf 87' lang='lat' dir='ltr'>per</span> 
     </span>
     <span class='ocr_line' id='line_1_26' title="bbox 273 1755 1666 1802; baseline 0.001 -13"><span class='ocrx_word' id='word_1_244' title='bbox 273 1755 473 1790; x_wconf 69' lang='lat' dir='ltr'>crucifixum</span> <span class='ocrx_word' id='word_1_245' title='bbox 509 1757 601 1790; x_wconf 81' lang='lat' dir='ltr'>same</span> <span class='ocrx_word' id='word_1_246' title='bbox 625 1759 660 1790; x_wconf 84' lang='lat' dir='ltr'>te</span> <span class='ocrx_word' id='word_1_247' title='bbox 691 1757 880 1800; x_wconf 86' lang='lat' dir='ltr'>perimam,</span> <span class='ocrx_word' id='word_1_248' title='bbox 916 1757 984 1789; x_wconf 91' lang='lat' dir='ltr'>nisi</span> <span class='ocrx_word' id='word_1_249' title='bbox 1019 1756 1102 1789; x_wconf 92' lang='lat' dir='ltr'>mihi</span> <span class='ocrx_word' id='word_1_250' title='bbox 1141 1756 1272 1791; x_wconf 78' lang='lat' dir='ltr'>dixeris</span> <span class='ocrx_word' id='word_1_251' title='bbox 1310 1759 1501 1792; x_wconf 84' lang='lat' dir='ltr'>veritatem.</span> <span class='ocrx_word' id='word_1_252' title='bbox 1550 1757 1666 1802; x_wconf 89' lang='lat' dir='ltr'>Ipsum</span> 
     </span>
     <span class='ocr_line' id='line_1_27' title="bbox 271 1821 1665 1867; baseline 0.001 -13"><span class='ocrx_word' id='word_1_253' title='bbox 271 1822 379 1867; x_wconf 78' lang='lat' dir='ltr'>igitur</span> <span class='ocrx_word' id='word_1_254' title='bbox 404 1823 437 1855; x_wconf 90' lang='lat' dir='ltr'>in</span> <span class='ocrx_word' id='word_1_255' title='bbox 464 1826 604 1866; x_wconf 88' lang='lat' dir='ltr'>puteum</span> <span class='ocrx_word' id='word_1_256' title='bbox 627 1823 757 1857; x_wconf 79' lang='lat' dir='ltr'>siceum</span> <span class='ocrx_word' id='word_1_257' title='bbox 777 1823 886 1866; x_wconf 85' lang='lat' dir='ltr'>jussit</span> <span class='ocrx_word' id='word_1_258' title='bbox 910 1822 1037 1866; x_wconf 74' lang='lat' dir='ltr'>projici</span> <span class='ocrx_word' id='word_1_259' title='bbox 1063 1826 1098 1856; x_wconf 89' lang='lat' dir='ltr'>et</span> <span class='ocrx_word' id='word_1_260' title='bbox 1124 1821 1251 1856; x_wconf 87' lang='lat' dir='ltr'>ibidem</span> <span class='ocrx_word' id='word_1_261' title='bbox 1280 1822 1381 1856; x_wconf 80' lang='lat' dir='ltr'>samis</span> <span class='ocrx_word' id='word_1_262' title='bbox 1405 1823 1567 1857; x_wconf 88' lang='lat' dir='ltr'>molestia</span> <span class='ocrx_word' id='word_1_263' title='bbox 1588 1833 1665 1856; x_wconf 84' lang='lat' dir='ltr'>eru-</span> 
     </span>
     <span class='ocr_line' id='line_1_28' title="bbox 273 1887 1663 1933; baseline 0.001 -13"><span class='ocrx_word' id='word_1_264' title='bbox 273 1888 368 1921; x_wconf 75' lang='lat' dir='ltr'>ciari.</span> <span class='ocrx_word' id='word_1_265' title='bbox 419 1888 501 1921; x_wconf 87' lang='lat' dir='ltr'>Cum</span> <span class='ocrx_word' id='word_1_266' title='bbox 529 1898 614 1933; x_wconf 73' lang='lat' dir='ltr'>ergo</span> <span class='ocrx_word' id='word_1_267' title='bbox 641 1887 770 1922; x_wconf 81' lang='lat' dir='ltr'>ibidem</span> <span class='ocrx_word' id='word_1_268' title='bbox 796 1887 840 1922; x_wconf 75' lang='lat' dir='ltr'>Vl</span> <span class='ocrx_word' id='word_1_269' title='bbox 866 1887 989 1921; x_wconf 86' lang='lat' dir='ltr'>diebus</span> <span class='ocrx_word' id='word_1_270' title='bbox 1015 1888 1091 1921; x_wconf 89' lang='lat' dir='ltr'>siue</span> <span class='ocrx_word' id='word_1_271' title='bbox 1129 1887 1207 1921; x_wconf 76' lang='lat' dir='ltr'>cibo</span> <span class='ocrx_word' id='word_1_272' title='bbox 1242 1889 1453 1929; x_wconf 82' lang='lat' dir='ltr'>mansisset,</span> <span class='ocrx_word' id='word_1_273' title='bbox 1491 1887 1547 1922; x_wconf 89' lang='lat' dir='ltr'>die</span> <span class='ocrx_word' id='word_1_274' title='bbox 1582 1898 1663 1932; x_wconf 81' lang='lat' dir='ltr'>sep-</span> 
     </span>
     <span class='ocr_line' id='line_1_29' title="bbox 270 1952 1664 1999; baseline 0.001 -14"><span class='ocrx_word' id='word_1_275' title='bbox 270 1953 352 1986; x_wconf 88' lang='lat' dir='ltr'>timo</span> <span class='ocrx_word' id='word_1_276' title='bbox 387 1952 524 1986; x_wconf 77' lang='lat' dir='ltr'>extrahi</span> <span class='ocrx_word' id='word_1_277' title='bbox 558 1954 659 1997; x_wconf 84' lang='lat' dir='ltr'>petiit</span> <span class='ocrx_word' id='word_1_278' title='bbox 696 1957 730 1987; x_wconf 87' lang='lat' dir='ltr'>et</span> <span class='ocrx_word' id='word_1_279' title='bbox 757 1964 891 1987; x_wconf 80' lang='lat' dir='ltr'>erucem</span> <span class='ocrx_word' id='word_1_280' title='bbox 916 1963 954 1987; x_wconf 90' lang='lat' dir='ltr'>se</span> <span class='ocrx_word' id='word_1_281' title='bbox 982 1952 1210 1986; x_wconf 77' lang='lat' dir='ltr'>irldieaturum</span> <span class='ocrx_word' id='word_1_282' title='bbox 1247 1955 1417 1997; x_wconf 89' lang='lat' dir='ltr'>promisit.</span> <span class='ocrx_word' id='word_1_283' title='bbox 1468 1954 1550 1987; x_wconf 85' lang='lat' dir='ltr'>Cum</span> <span class='ocrx_word' id='word_1_284' title='bbox 1579 1964 1664 1999; x_wconf 80' lang='lat' dir='ltr'>ergo</span> 
     </span>
     <span class='ocr_line' id='line_1_30' title="bbox 271 2017 1662 2059; baseline 0.001 -8"><span class='ocrx_word' id='word_1_285' title='bbox 271 2021 447 2051; x_wconf 81' lang='lat' dir='ltr'>extractus</span> <span class='ocrx_word' id='word_1_286' title='bbox 483 2018 527 2051; x_wconf 90' lang='lat' dir='ltr'>ad</span> <span class='ocrx_word' id='word_1_287' title='bbox 564 2017 676 2052; x_wconf 85' lang='lat' dir='ltr'>locum</span> <span class='ocrx_word' id='word_1_288' title='bbox 708 2020 866 2053; x_wconf 75' lang='lat' dir='ltr'>venisset</span> <span class='ocrx_word' id='word_1_289' title='bbox 896 2022 931 2052; x_wconf 88' lang='lat' dir='ltr'>et</span> <span class='ocrx_word' id='word_1_290' title='bbox 955 2018 1085 2052; x_wconf 89' lang='lat' dir='ltr'>ibidem</span> <span class='ocrx_word' id='word_1_291' title='bbox 1111 2022 1270 2059; x_wconf 86' lang='lat' dir='ltr'>orasset,</span> <span class='ocrx_word' id='word_1_292' title='bbox 1298 2018 1396 2052; x_wconf 86' lang='lat' dir='ltr'>locus</span> <span class='ocrx_word' id='word_1_293' title='bbox 1423 2018 1540 2053; x_wconf 88' lang='lat' dir='ltr'>subito</span> <span class='ocrx_word' id='word_1_294' title='bbox 1569 2029 1662 2053; x_wconf 83' lang='lat' dir='ltr'>eom-</span> 
     </span>
     <span class='ocr_line' id='line_1_31' title="bbox 271 2082 1665 2126; baseline 0.003 -11"><span class='ocrx_word' id='word_1_295' title='bbox 271 2087 428 2117; x_wconf 84' lang='lat' dir='ltr'>movetur</span> <span class='ocrx_word' id='word_1_296' title='bbox 461 2086 495 2118; x_wconf 89' lang='lat' dir='ltr'>et</span> <span class='ocrx_word' id='word_1_297' title='bbox 527 2082 640 2117; x_wconf 86' lang='lat' dir='ltr'>sumus</span> <span class='ocrx_word' id='word_1_298' title='bbox 674 2089 866 2119; x_wconf 85' lang='lat' dir='ltr'>aromatum</span> <span class='ocrx_word' id='word_1_299' title='bbox 901 2085 979 2118; x_wconf 90' lang='lat' dir='ltr'>miri</span> <span class='ocrx_word' id='word_1_300' title='bbox 1013 2083 1134 2118; x_wconf 88' lang='lat' dir='ltr'>odoris</span> <span class='ocrx_word' id='word_1_301' title='bbox 1159 2085 1329 2126; x_wconf 85' lang='lat' dir='ltr'>sentitur,</span> <span class='ocrx_word' id='word_1_302' title='bbox 1364 2085 1414 2118; x_wconf 89' lang='lat' dir='ltr'>ita</span> <span class='ocrx_word' id='word_1_303' title='bbox 1450 2089 1487 2118; x_wconf 90' lang='lat' dir='ltr'>ut</span> <span class='ocrx_word' id='word_1_304' title='bbox 1520 2087 1665 2119; x_wconf 86' lang='lat' dir='ltr'>miratus</span> 
     </span>
     <span class='ocr_line' id='line_1_32' title="bbox 268 2147 1663 2195; baseline 0.002 -14"><span class='ocrx_word' id='word_1_305' title='bbox 268 2147 378 2182; x_wconf 80' lang='lat' dir='ltr'>Judas</span> <span class='ocrx_word' id='word_1_306' title='bbox 404 2148 573 2183; x_wconf 88' lang='lat' dir='ltr'>ambabus</span> <span class='ocrx_word' id='word_1_307' title='bbox 599 2149 758 2185; x_wconf 89' lang='lat' dir='ltr'>manibus</span> <span class='ocrx_word' id='word_1_308' title='bbox 788 2150 975 2195; x_wconf 84' lang='lat' dir='ltr'>plauderet</span> <span class='ocrx_word' id='word_1_309' title='bbox 998 2153 1032 2184; x_wconf 90' lang='lat' dir='ltr'>et</span> <span class='ocrx_word' id='word_1_310' title='bbox 1059 2149 1211 2184; x_wconf 82' lang='lat' dir='ltr'>diceret:</span> <span class='ocrx_word' id='word_1_311' title='bbox 1247 2150 1281 2182; x_wconf 92' lang='lat' dir='ltr'>in</span> <span class='ocrx_word' id='word_1_312' title='bbox 1309 2150 1476 2191; x_wconf 85' lang='lat' dir='ltr'>veritate,</span> <span class='ocrx_word' id='word_1_313' title='bbox 1510 2150 1663 2193; x_wconf 86' lang='lat' dir='ltr'>Christe,</span> 
     </span>
     <span class='ocr_line' id='line_1_33' title="bbox 268 2213 1661 2255; baseline 0.002 -9"><span class='ocrx_word' id='word_1_314' title='bbox 268 2217 303 2246; x_wconf 89' lang='lat' dir='ltr'>tu</span> <span class='ocrx_word' id='word_1_315' title='bbox 328 2223 366 2247; x_wconf 90' lang='lat' dir='ltr'>es</span> <span class='ocrx_word' id='word_1_316' title='bbox 392 2213 548 2249; x_wconf 83' lang='lat' dir='ltr'>salvator</span> <span class='ocrx_word' id='word_1_317' title='bbox 571 2215 700 2250; x_wconf 89' lang='lat' dir='ltr'>mundi.</span> <span class='ocrx_word' id='word_1_318' title='bbox 748 2214 834 2250; x_wconf 89' lang='lat' dir='ltr'>Erat</span> <span class='ocrx_word' id='word_1_319' title='bbox 858 2219 972 2251; x_wconf 88' lang='lat' dir='ltr'>autem</span> <span class='ocrx_word' id='word_1_320' title='bbox 998 2217 1032 2249; x_wconf 91' lang='lat' dir='ltr'>in</span> <span class='ocrx_word' id='word_1_321' title='bbox 1057 2215 1134 2249; x_wconf 88' lang='lat' dir='ltr'>loco</span> <span class='ocrx_word' id='word_1_322' title='bbox 1160 2214 1240 2255; x_wconf 88' lang='lat' dir='ltr'>illo,</span> <span class='ocrx_word' id='word_1_323' title='bbox 1270 2215 1361 2247; x_wconf 86' lang='lat' dir='ltr'>sieut</span> <span class='ocrx_word' id='word_1_324' title='bbox 1387 2214 1420 2247; x_wconf 92' lang='lat' dir='ltr'>in</span> <span class='ocrx_word' id='word_1_325' title='bbox 1445 2214 1661 2249; x_wconf 77' lang='lat' dir='ltr'>ecelesiasti-</span> 
     </span>
     <span class='ocr_line' id='line_1_34' title="bbox 268 2277 1663 2325; baseline 0.002 -14"><span class='ocrx_word' id='word_1_326' title='bbox 268 2279 318 2312; x_wconf 74' lang='lat' dir='ltr'>eis</span> <span class='ocrx_word' id='word_1_327' title='bbox 344 2277 513 2324; x_wconf 61' lang='lat' dir='ltr'>hystoriis</span> <span class='ocrx_word' id='word_1_328' title='bbox 538 2280 688 2325; x_wconf 74' lang='lat' dir='ltr'>legitur,</span> <span class='ocrx_word' id='word_1_329' title='bbox 728 2281 892 2325; x_wconf 87' lang='lat' dir='ltr'>templum</span> <span class='ocrx_word' id='word_1_330' title='bbox 920 2280 1088 2321; x_wconf 80' lang='lat' dir='ltr'>Veneris,</span> <span class='ocrx_word' id='word_1_331' title='bbox 1122 2278 1214 2324; x_wconf 91' lang='lat' dir='ltr'>quod</span> <span class='ocrx_word' id='word_1_332' title='bbox 1241 2278 1438 2313; x_wconf 83' lang='lat' dir='ltr'>Hadrianus</span> <span class='ocrx_word' id='word_1_333' title='bbox 1474 2281 1663 2325; x_wconf 83' lang='lat' dir='ltr'>imperator</span> 
     </span>
     <span class='ocr_line' id='line_1_35' title="bbox 266 2343 1660 2391; baseline 0.002 -15"><span class='ocrx_word' id='word_1_334' title='bbox 266 2343 395 2379; x_wconf 88' lang='lat' dir='ltr'>ibidem</span> <span class='ocrx_word' id='word_1_335' title='bbox 420 2349 683 2388; x_wconf 81' lang='lat' dir='ltr'>construxerat,</span> <span class='ocrx_word' id='word_1_336' title='bbox 718 2350 777 2388; x_wconf 87' lang='lat' dir='ltr'>ut,</span> <span class='ocrx_word' id='word_1_337' title='bbox 805 2347 836 2380; x_wconf 86' lang='lat' dir='ltr'>si</span> <span class='ocrx_word' id='word_1_338' title='bbox 862 2347 940 2391; x_wconf 89' lang='lat' dir='ltr'>quis</span> <span class='ocrx_word' id='word_1_339' title='bbox 963 2345 1233 2379; x_wconf 82' lang='lat' dir='ltr'>christianorum</span> <span class='ocrx_word' id='word_1_340' title='bbox 1260 2346 1294 2378; x_wconf 92' lang='lat' dir='ltr'>in</span> <span class='ocrx_word' id='word_1_341' title='bbox 1321 2344 1398 2379; x_wconf 88' lang='lat' dir='ltr'>loeo</span> <span class='ocrx_word' id='word_1_342' title='bbox 1424 2345 1485 2379; x_wconf 89' lang='lat' dir='ltr'>illo</span> <span class='ocrx_word' id='word_1_343' title='bbox 1511 2345 1660 2380; x_wconf 84' lang='lat' dir='ltr'>adorare</span> 
     </span>
     <span class='ocr_line' id='line_1_36' title="bbox 267 2409 1660 2456; baseline -0.001 -13"><span class='ocrx_word' id='word_1_344' title='bbox 267 2409 455 2452; x_wconf 79' lang='lat' dir='ltr'>voluisset,</span> <span class='ocrx_word' id='word_1_345' title='bbox 499 2410 679 2445; x_wconf 74' lang='lat' dir='ltr'>videretur</span> <span class='ocrx_word' id='word_1_346' title='bbox 714 2411 883 2447; x_wconf 77' lang='lat' dir='ltr'>Venerem</span> <span class='ocrx_word' id='word_1_347' title='bbox 918 2411 1093 2453; x_wconf 86' lang='lat' dir='ltr'>adorare,</span> <span class='ocrx_word' id='word_1_348' title='bbox 1139 2415 1173 2445; x_wconf 90' lang='lat' dir='ltr'>et</span> <span class='ocrx_word' id='word_1_349' title='bbox 1205 2409 1250 2444; x_wconf 92' lang='lat' dir='ltr'>ob</span> <span class='ocrx_word' id='word_1_350' title='bbox 1287 2409 1354 2444; x_wconf 84' lang='lat' dir='ltr'>hoc</span> <span class='ocrx_word' id='word_1_351' title='bbox 1390 2410 1590 2456; x_wconf 78' lang='lat' dir='ltr'>infrequens</span> <span class='ocrx_word' id='word_1_352' title='bbox 1626 2414 1660 2443; x_wconf 85' lang='lat' dir='ltr'>et</span> 
     </span>
     <span class='ocr_line' id='line_1_37' title="bbox 265 2474 1656 2522; baseline -0.001 -14"><span class='ocrx_word' id='word_1_353' title='bbox 265 2485 376 2518; x_wconf 88' lang='lat' dir='ltr'>paene</span> <span class='ocrx_word' id='word_1_354' title='bbox 399 2476 568 2510; x_wconf 84' lang='lat' dir='ltr'>oblivioni</span> <span class='ocrx_word' id='word_1_355' title='bbox 593 2477 695 2511; x_wconf 89' lang='lat' dir='ltr'>datus</span> <span class='ocrx_word' id='word_1_356' title='bbox 723 2477 839 2511; x_wconf 81' lang='lat' dir='ltr'>suerat</span> <span class='ocrx_word' id='word_1_357' title='bbox 861 2477 980 2519; x_wconf 84' lang='lat' dir='ltr'>Ioeus3</span> <span class='ocrx_word' id='word_1_358' title='bbox 1015 2477 1140 2522; x_wconf 80' lang='lat' dir='ltr'>regina</span> <span class='ocrx_word' id='word_1_359' title='bbox 1172 2480 1286 2511; x_wconf 90' lang='lat' dir='ltr'>autem</span> <span class='ocrx_word' id='word_1_360' title='bbox 1310 2476 1474 2521; x_wconf 88' lang='lat' dir='ltr'>templum</span> <span class='ocrx_word' id='word_1_361' title='bbox 1502 2474 1656 2508; x_wconf 80' lang='lat' dir='ltr'>funditus</span> 
     </span>
     <span class='ocr_line' id='line_1_38' title="bbox 265 2540 1655 2586; baseline 0.001 -14"><span class='ocrx_word' id='word_1_362' title='bbox 265 2540 347 2574; x_wconf 76' lang='lat' dir='ltr'>feeit</span> <span class='ocrx_word' id='word_1_363' title='bbox 374 2541 507 2576; x_wconf 86' lang='lat' dir='ltr'>destrui</span> <span class='ocrx_word' id='word_1_364' title='bbox 534 2545 568 2577; x_wconf 89' lang='lat' dir='ltr'>et</span> <span class='ocrx_word' id='word_1_365' title='bbox 591 2542 703 2577; x_wconf 90' lang='lat' dir='ltr'>locum</span> <span class='ocrx_word' id='word_1_366' title='bbox 727 2543 870 2577; x_wconf 85' lang='lat' dir='ltr'>inarari.</span> <span class='ocrx_word' id='word_1_367' title='bbox 919 2542 1004 2577; x_wconf 88' lang='lat' dir='ltr'>Post</span> <span class='ocrx_word' id='word_1_368' title='bbox 1037 2542 1104 2576; x_wconf 82' lang='lat' dir='ltr'>hoe</span> <span class='ocrx_word' id='word_1_369' title='bbox 1135 2541 1244 2576; x_wconf 85' lang='lat' dir='ltr'>Judas</span> <span class='ocrx_word' id='word_1_370' title='bbox 1272 2542 1504 2586; x_wconf 82' lang='lat' dir='ltr'>praecingens</span> <span class='ocrx_word' id='word_1_371' title='bbox 1541 2549 1579 2574; x_wconf 88' lang='lat' dir='ltr'>se</span> <span class='ocrx_word' id='word_1_372' title='bbox 1605 2541 1655 2573; x_wconf 32' lang='lat' dir='ltr'>ii*-</span> 
     </span>
     <span class='ocr_line' id='line_1_39' title="bbox 262 2603 1654 2653; baseline 0.003 -18"><span class='ocrx_word' id='word_1_373' title='bbox 262 2604 374 2638; x_wconf 83' lang='lat' dir='ltr'>1·iliter</span> <span class='ocrx_word' id='word_1_374' title='bbox 407 2606 529 2641; x_wconf 82' lang='lat' dir='ltr'>fodere</span> <span class='ocrx_word' id='word_1_375' title='bbox 561 2610 676 2653; x_wconf 87' lang='lat' dir='ltr'>coepit</span> <span class='ocrx_word' id='word_1_376' title='bbox 711 2612 743 2642; x_wconf 87' lang='lat' dir='ltr'>et</span> <span class='ocrx_word' id='word_1_377' title='bbox 770 2607 835 2641; x_wconf 85' lang='lat' dir='ltr'>XX</span> <span class='ocrx_word' id='word_1_378' title='bbox 863 2618 989 2652; x_wconf 88' lang='lat' dir='ltr'>passus</span> <span class='ocrx_word' id='word_1_379' title='bbox 1017 2608 1154 2642; x_wconf 81' lang='lat' dir='ltr'>fodiens</span> <span class='ocrx_word' id='word_1_380' title='bbox 1180 2612 1252 2641; x_wconf 86' lang='lat' dir='ltr'>tres</span> <span class='ocrx_word' id='word_1_381' title='bbox 1276 2615 1395 2640; x_wconf 86' lang='lat' dir='ltr'>cruces</span> <span class='ocrx_word' id='word_1_382' title='bbox 1422 2603 1654 2639; x_wconf 70' lang='lat' dir='ltr'>absconditas</span> 
     </span>
     <span class='ocr_line' id='line_1_40' title="bbox 263 2670 1654 2718; baseline 0.005 -17"><span class='ocrx_word' id='word_1_383' title='bbox 263 2670 415 2712; x_wconf 75' lang='lat' dir='ltr'>reperit,</span> <span class='ocrx_word' id='word_1_384' title='bbox 450 2681 536 2713; x_wconf 85' lang='lat' dir='ltr'>quas</span> <span class='ocrx_word' id='word_1_385' title='bbox 564 2672 606 2705; x_wconf 87' lang='lat' dir='ltr'>ad</span> <span class='ocrx_word' id='word_1_386' title='bbox 634 2673 790 2718; x_wconf 74' lang='lat' dir='ltr'>reginam</span> <span class='ocrx_word' id='word_1_387' title='bbox 817 2674 976 2717; x_wconf 90' lang='lat' dir='ltr'>protinus</span> <span class='ocrx_word' id='word_1_388' title='bbox 1003 2673 1212 2716; x_wconf 79' lang='lat' dir='ltr'>deportavit.</span> <span class='ocrx_word' id='word_1_389' title='bbox 1264 2670 1344 2704; x_wconf 81' lang='lat' dir='ltr'>Cum</span> <span class='ocrx_word' id='word_1_390' title='bbox 1380 2673 1493 2705; x_wconf 66' lang='grc'>111110111</span> <span class='ocrx_word' id='word_1_391' title='bbox 1518 2680 1654 2707; x_wconf 64' lang='lat' dir='ltr'>crucem</span> 
     </span>
    </p>
   </div>
  </div>
 </body>
</html>
