1742 3005
433 138 528 188 Cap.
560 137 700 174 XXlX.
759 137 816 174 De
847 143 974 174 sancta
1006 136 1138 176 Paula.
1396 139 1470 176 1:57

82 245 328 289 prostrataque
355 246 435 278 ante
462 253 595 278 crucem
621 244 723 288 quasi
753 242 956 288 pendentem
983 241 1153 276 dominum
1178 246 1354 286 cerneret,
1384 244 1470 278 ado-

83 308 207 351 rabat,
260 310 492 355 ingressaque
518 308 737 355 sepulchrum
762 310 1028 344 resurrectionis
1055 307 1281 343 osculabatur
1304 309 1467 354 lapidem,

84 384 182 420 quem
208 374 252 408 ab
279 375 370 409 ostio
394 376 600 410 monumenti
626 379 805 410 amoverat
829 375 996 419 angelus,
1039 378 1072 409 et
1098 376 1207 419 ipsum
1235 377 1393 420 corporis
1418 375 1470 410 lo-

83 451 170 483 cum,
194 442 229 474 in
255 451 322 487 quo
348 440 505 475 dominus
525 442 708 486 jacuerat,
738 441 837 485 quasi
863 441 983 492 sitiens
1010 439 1230 475 desideratas
1255 451 1366 486 aquas
1392 442 1469 477 fidei

85 518 145 542 ore
169 506 358 542 lambebat.
406 506 494 546 Quid
519 506 566 540 ibi
591 506 830 547 lacrimarum,
865 509 1027 550 quantum
1055 506 1263 550 gemituum,
1301 507 1381 551 quid
1409 508 1470 542 do—

86 574 170 608 loris
196 572 374 614 effuderit,
410 573 510 606 testis
538 575 591 606 est
616 574 739 605 cuncta
764 570 1019 613 hierosolima,
1047 572 1147 605 testis
1172 575 1224 606 est
1250 573 1326 617 ipse
1362 572 1470 606 domi-

88 649 170 681 nus⁷
221 648 320 684 quem
344 638 505 684 rogabat.
580 637 711 672 Deinde
736 638 891 682 perrexit
913 635 1116 672 Bethlehem
1143 642 1248 683 atque
1274 639 1308 672 in
1331 649 1469 683 specum

88 703 275 738 salvatoris
309 704 511 751 ingrediens
546 703 633 739 vidit
669 713 805 738 sacrum
837 704 983 749 virginis
1009 702 1247 738 deversorium
1274 708 1307 739 et
1331 715 1384 740 me
1409 715 1470 740 au-

87 769 202 804 diente
226 769 373 816 jurabat
406 780 445 805 se
477 780 619 805 cernere
653 769 733 804 fidei
771 769 880 803 oculis
913 769 1078 804 infantem
1109 771 1235 814 pannis
1268 770 1469 806 involutum.

87 838 282 882 vagientem
308 837 342 870 iu
367 838 568 881 praesepio,
594 836 765 870 dominum
791 845 914 882 magos
943 835 1145 877 adorantes,
1173 836 1308 870 stellam
1335 836 1470 883 fulgen-

87 907 153 937 tem
179 901 350 948 desuper,
390 907 531 937 matrem
553 903 743 948 virginem,
769 903 950 936 nutricium
975 901 1131 936 sedulum
1147 931 1154 943 ‚
1184 906 1345 947 pastores
1371 907 1472 938 nocte

91 969 287 1010 venientes,
315 972 351 1002 ut
374 968 529 1003 viderent
556 967 708 1010 verbnm,
738 967 829 1012 quod
858 967 983 1001 factum
1010 972 1106 1010 erat,
1136 969 1237 1012 quasi
1264 970 1366 1003 etiam
1396 973 1472 1003 tune

89 1032 336 1080 Evangelistae
359 1033 528 1070 Johannis
555 1033 775 1068 dedicarent:
811 1035 842 1067 in
868 1034 1038 1079 principio
1065 1038 1141 1068 erat
1167 1033 1308 1069 verbum
1337 1040 1370 1070 et
1396 1047 1471 1070 ver-

86 1098 166 1133 bum
191 1103 267 1134 erat
299 1099 391 1145 apud
414 1099 521 1135 Deum
547 1105 580 1135 et
608 1099 746 1135 verbnm
772 1109 854 1133 caro
885 1099 1012 1133 factum
1037 1104 1113 1143 est,
1166 1100 1332 1145 parvulos
1365 1103 1472 1136 inter-

90 1164 212 1208 fectos,
235 1164 403 1201 Herodem
430 1168 654 1208 saevientem,
682 1164 813 1211 Joseph
841 1169 874 1200 et
898 1165 1046 1200 Mariam
1072 1166 1245 1211 fugientes
1271 1168 1305 1200 in
1331 1167 1472 1212 Aegyp-

89 1235 169 1274 tum,
195 1233 382 1278 mixtisque
408 1232 539 1278 gaudio
565 1233 717 1267 lacrimis
742 1231 968 1277 loquebatur:
1001 1233 1099 1267 salve
1123 1232 1300 1267 Betlehem
1316 1261 1323 1275 ‚
1352 1232 1472 1267 domus

90 1299 210 1342 panis,
246 1299 279 1331 in
307 1308 376 1343 qua
400 1302 502 1332 natus
530 1303 583 1334 est
611 1299 668 1333 ille
694 1299 814 1343 panis,
864 1300 920 1342 qui
949 1298 990 1333 de
1016 1299 1115 1332 coelo
1141 1297 1341 1342 descendit,
1375 1299 1472 1334 salve

91 1362 225 1397 Effrata
249 1365 348 1409 regio
375 1363 567 1407 uberrima,
620 1365 718 1409 cujus
746 1364 908 1397 fertilitas
943 1364 1034 1398 Deus
1062 1367 1135 1406 est,
1185 1364 1297 1398 David
1320 1364 1475 1409 loquitur

89 1429 313 1472 confidenter,
342 1431 432 1463 intro
458 1428 580 1464 ibimus
608 1431 640 1463 in
665 1429 926 1464 tabernaculum
953 1431 1042 1475 ejus,
1069 1429 1293 1464 adorabimus
1321 1432 1355 1464 in
1382 1431 1473 1474 loco,

92 1493 150 1528 ubi
175 1498 345 1529 steterunt
368 1494 475 1540 pedes
501 1496 598 1540 ejus,
652 1499 684 1530 et
720 1505 786 1540 ego
822 1496 947 1529 misera
980 1499 1013 1529 et
1046 1497 1223 1539 peccatriX
1260 1495 1368 1541 digna
1400 1507 1472 1530 sum

86 1559 245 1605 judicata
270 1559 467 1595 deosculari
495 1570 680 1605 praesepe,
708 1561 740 1594 in
770 1571 836 1606 quo
863 1560 1020 1594 dominus
1037 1560 1203 1605 parvulus
1220 1562 1343 1607 vagiit,
1372 1572 1474 1596 orare

91 1628 124 1659 in
149 1626 334 1671 spelunca,
361 1628 395 1660 in
420 1636 490 1671 qua
519 1628 618 1672 virgo
643 1636 817 1671 puerpera
842 1626 947 1661 lleum
974 1626 1061 1661 fudit
1087 1627 1273 1662 infantem:
1310 1626 1396 1662 haec
1421 1638 1475 1662 re-

93 1693 192 1736 quies
217 1701 305 1734 mea,
335 1695 417 1738 quia
443 1692 570 1727 domini
597 1694 663 1728 mei
688 1694 803 1737 patria
830 1697 895 1735 est,
922 1691 977 1727 hic
1004 1683 1185 1734 habitabo,
1213 1694 1374 1737 quoniam
1403 1694 1474 1727 sal-

95 1761 195 1792 vator
220 1758 328 1804 ele-git
351 1768 438 1794 eam.
463 1779 509 1785 —
531 1779 571 1784 -
596 1779 640 1784 —
665 1763 707 1796 3.
740 1759 855 1793 Tanta
881 1770 918 1794 se
946 1758 1140 1793 humilitate
1168 1758 1315 1803 deJeeit‚
1357 1763 1393 1793 ut
1419 1761 1475 1804 qui

94 1833 168 1859 eam
196 1823 343 1860 vidisset
356 1828 391 1860 et
405 1835 469 1870 pro
495 1824 699 1860 celebritate
723 1826 871 1859 nominis
900 1824 1016 1859 videre
1041 1826 1235 1870 gestiisset,
1261 1826 1373 1870 ipsam
1399 1836 1477 1861 esse

93 1900 161 1924 non
185 1890 363 1933 crederet,
413 1890 475 1926 sed
500 1891 702 1925 ancillarum
729 1891 901 1932 ultimam,
935 1895 969 1925 et
996 1900 1070 1925 cum
1097 1890 1336 1936 frequentibus
1362 1891 1477 1926 choris

94 1957 266 2001 virginum
289 1957 509 2003 cingeretur,
559 1961 593 1992 et
618 1962 715 1992 veste
739 1961 772 1992 et
799 1966 882 1991 voce
908 1967 948 1991 ac
974 1956 1096 1991 habitu
1120 1960 1154 1991 et
1178 1957 1317 1991 incessu
1340 1958 1480 1992 minima

96 2022 244 2055 omnium
267 2025 344 2056 erat
395 2022 587 2068 Numquam
614 2027 694 2068 post
720 2024 784 2057 viri
808 2026 951 2057 mortem
978 2033 1088 2067 usque
1114 2022 1158 2057 ad
1183 2022 1273 2057 diem
1300 2022 1479 2058 dormitio-

95 2089 148 2121 nis
174 2097 258 2122 suae
283 2097 357 2122 eum
382 2087 452 2122 ullo
478 2088 627 2123 comedit
651 2090 748 2131 viro,
774 2090 931 2134 quamvis
958 2099 1034 2123 eum
1058 2091 1214 2122 sanctum
1242 2092 1276 2122 et
1301 2089 1335 2121 in
1365 2090 1480 2133 ponti—

96 2153 186 2187 ficali
216 2153 363 2188 eulmine
395 2155 545 2199 positum
581 2156 696 2189 sciret.
767 2155 919 2190 Balneas
956 2155 1023 2188 nisi
1060 2153 1262 2198 periclitans
1288 2164 1356 2188 non
1381 2154 1480 2196 adiit,

97 2219 215 2253 mollia
237 2221 341 2254 etiam
364 2221 431 2254 nisi
456 2221 491 2254 iu
514 2222 725 2267 gravissima
751 2220 848 2256 febre
873 2220 993 2256 lectuli
1019 2224 1131 2255 strata
1155 2230 1224 2254 non
1249 2218 1392 2262 habuit,
1419 2220 1480 2254 sed

98 2294 203 2329 super
227 2284 447 2320 durissimum
470 2285 607 2321 humum
632 2288 753 2321 strafis
778 2286 938 2321 ciliciolis
968 2286 1192 2332 quiescebat,
1226 2287 1255 2319 si
1281 2289 1396 2319 tamen
1421 2284 1481 2318 illa

98 2350 196 2394 quies
219 2348 367 2384 dicenda
393 2355 465 2393 est,
510 2361 599 2397 quae
619 2352 767 2399 Jugibus
792 2362 904 2398 paene
930 2351 1149 2386 orationibus
1184 2350 1258 2385 dies
1291 2353 1481 2394 noctesque

93 2414 277 2461 jungebat.
324 2415 378 2450 Ita
400 2417 493 2452 levia
519 2421 663 2462 peccata
687 2417 899 2464 plangebat,
925 2421 962 2451 ut
985 2417 1081 2450 illam
1105 2416 1391 2461 gravissimorum
1416 2416 1482 2449 cri-

100 2483 222 2515 minum
248 2481 409 2517 crederes
435 2492 514 2517 esse
540 2492 654 2525 ream,
678 2492 823 2527 cumque
849 2492 870 2517 a
895 2482 996 2516 nobis
1021 2480 1177 2516 crebrius
1203 2484 1422 2523 moneretur,
1448 2485 1483 2515 ut

100 2550 261 2591 parceret
283 2547 393 2582 oeulis
420 2551 454 2582 et
480 2557 540 2582 eos
557 2551 717 2582 servaret
730 2547 957 2593 evangelicae
973 2547 1125 2589 lectioni,
1146 2545 1286 2592 aJebat:
1310 2545 1483 2591 turpanda

100 2617 153 2646 est
179 2612 286 2647 facies
303 2641 310 2655 ‚
361 2623 462 2659 quam
500 2616 621 2647 contra
655 2612 718 2646 Dei
744 2616 966 2657 praeceptum
993 2614 1198 2657 purpurisso
1227 2616 1260 2647 et
1285 2622 1428 2647 cerussa
1452 2617 1484 2646 et

101 2678 206 2713 sttho
231 2688 337 2724 saepe
363 2677 525 2723 depinxi,
567 2677 789 2724 affligendum
823 2682 876 2713 est
901 2688 1048 2722 corpus,
1088 2677 1179 2723 quod
1205 2678 1318 2712 multis
1350 2679 1485 2713 vacarit

102 2743 248 2787 deliciis,
273 2744 398 2791 longus
424 2745 514 2779 risus
540 2748 709 2789 perpetuo
734 2743 1009 2789 compensandus
1035 2747 1087 2779 est
1114 2744 1216 2786 fletu,
1244 2743 1362 2778 mollia
1384 2743 1486 2777 lintea
