1742 3005
275 74 356 118 752
538 76 634 126 Cap.
667 73 874 112 CLXVIII.
931 74 990 111 De
1027 82 1159 114 sancta
1187 75 1401 114 Elizabeth.

275 185 390 216 autem
423 178 656 214 Justinianum
686 175 862 220 praefecit
892 180 927 211 et
956 175 1097 211 Romam
1133 181 1256 212 contra
1280 178 1450 214 Briccium
1476 180 1591 222 misit,
1629 183 1666 214 ut

274 247 514 290 episcopatum
549 241 618 275 sibi
651 244 775 275 contra
805 241 977 276 Briccium
1010 241 1223 279 defensaret.
1280 243 1354 283 Quo
1387 255 1461 280 cum
1491 245 1663 288 tenderet,

274 312 308 344 in
336 311 478 344 civitate
503 307 722 343 Vercellensi
748 308 853 342 vitam
880 307 992 342 finivit
1016 311 1051 342 et
1075 308 1275 343 Armenium
1307 308 1386 343 looo
1412 311 1488 355 ejits
1512 311 1663 356 populus

273 376 384 410 omnis
428 374 612 420 praefecit.
669 372 826 418 Septimo
869 374 978 419 igitur
1020 383 1111 408 anno
1145 374 1304 409 Briccius
1345 385 1418 408 cum
1453 378 1665 411 auctoritate

271 451 385 487 papae
412 440 554 475 rediens
587 443 687 474 sexto
723 438 766 473 ab
797 438 883 474 urbe
912 439 1077 474 milliario
1103 439 1294 485 hospitium
1322 442 1460 486 accepit
1486 445 1520 476 et
1543 441 1665 477 Arme-

270 509 349 542 nius
386 506 508 541 eadem
544 510 645 541 nocte
680 507 840 550 spiritum
871 504 1064 542 exhalavit.
1115 505 1215 546 Quod
1246 506 1403 541 Briccius
1436 517 1499 552 per
1525 507 1663 541 revela-

269 575 401 608 tionem
426 582 646 618 cognoscens
676 573 725 605 ait
748 573 844 614 suis,
881 575 919 605 ut
944 575 1131 616 surgerent
1157 575 1191 607 et
1215 582 1332 607 secum
1357 572 1403 606 ad
1428 572 1664 607 tumulandum

272 639 514 673 Turonensem
541 639 742 682 episcopum
768 641 1012 682 properarent.
1061 638 1143 672 Cum
1178 648 1264 683 ergo
1289 638 1448 673 Briccius
1476 649 1540 684 per
1563 648 1665 672 unam

271 708 407 749 portam
433 704 609 737 civitatem
635 702 893 748 ingrederctin·‚
920 702 980 736 ille
1003 706 1116 737 autem
1139 714 1202 747 per
1226 704 1328 738 aliam
1354 710 1510 738 mortuus
1537 704 1663 739 effere-

271 770 387 804 batur.
436 768 510 808 Quo
547 767 686 812 sepulto
720 771 862 800 sanctus
897 766 1055 801 Briccius
1088 768 1206 803 sedem
1244 779 1342 803 snam
1375 772 1510 815 accepit
1541 774 1576 805 et
1606 769 1665 805 Vll

271 835 492 880 postmodum
516 835 616 868 annis
644 832 854 879 praesidens
880 837 915 867 et
942 835 1046 868 vitam
1071 833 1284 869 laudabilem
1312 834 1442 870 ducens
1471 835 1663 881 ¹)XLVllI.

272 911 362 935 anno
389 902 616 946 episcopatus
643 901 698 935 sui
723 901 757 934 in
784 909 871 944 pace
899 900 1046 945 quiem.

679 1224 805 1286 eAP.
842 1223 1066 1290 cmxviii.
1104 1224 1256 1289 (163.)

514 1326 624 1371 De
673 1325 941 1370 sancta
986 1323 1415 1370 Elizabeth·

360 1433 543 1469 Elizabeth
570 1437 837 1481 interpretatur:
864 1433 958 1468 Deus
984 1443 1080 1468 meus
1107 1435 1287 1480 cognovit,
1315 1433 1388 1468 vel:
1414 1431 1480 1466 Dei
1496 1432 1560 1466 mei
1580 1441 1662 1476 sep-

269 1502 354 1535 tima
387 1502 442 1535 vel
477 1501 541 1536 Dei
574 1503 640 1536 mei
672 1502 851 1535 saturitas.
899 1499 1033 1534 Dicitur
1065 1510 1151 1546 ergo
1187 1501 1298 1544 primo
1331 1497 1531 1533 Elizabetli:
1568 1498 1661 1532 Deus

271 1577 367 1600 meus
395 1568 584 1612 cognovit7
612 1568 693 1611 quia
720 1566 813 1601 Deus
839 1576 913 1601 eam
942 1567 1127 1611 cognovit,
1162 1565 1196 1599 id
1224 1570 1300 1606 est,
1329 1576 1392 1600 suo
1418 1565 1506 1599 bene
1533 1563 1661 1609 placito

270 1632 474 1667 observavit
502 1636 536 1667 et
562 1632 772 1676 approbavit
798 1632 850 1666 vel
878 1633 1065 1677 cognovit,
1101 1631 1135 1665 id
1163 1635 1217 1666 est
1241 1633 1398 1665 notitiam
1426 1640 1512 1665 suae
1537 1630 1660 1674 cogni-

269 1699 375 1732 tionis
394 1698 460 1732 sibi
482 1698 620 1733 infudit.
659 1696 818 1731 Secundo
837 1696 965 1730 dicitur
985 1696 1179 1739 Elizahetli,
1200 1697 1234 1731 id
1253 1701 1307 1732 est
1326 1697 1390 1731 Dei
1409 1697 1475 1730 mci
1495 1696 1661 1740 septima3

270 1765 349 1808 ipsa
375 1766 463 1798 enim
490 1764 613 1798 habuit
637 1764 818 1807 septimam
844 1761 921 1804 Dei,
950 1763 1003 1796 vel
1031 1752 1113 1807 quia
1132 1762 1190 1796 vll
1210 1763 1376 1807 operibus
1396 1759 1661 1796 misericordiae

269 1839 307 1864 se
334 1831 490 1864 exercuit
516 1830 569 1864 vel
602 1830 685 1874 quia
712 1838 802 1862 nunc
828 1833 881 1862 est
909 1829 942 1862 in
968 1829 1119 1872 septima
1144 1831 1259 1862 aetate
1286 1829 1551 1872 quiescentium,
1578 1836 1659 1870 per·

268 1900 416 1929 ventura
448 1894 585 1929 tandem
622 1896 655 1928 in
691 1898 848 1928 orlavam
876 1896 1149 1939 resurgentium,
1184 1892 1237 1927 vel
1272 1897 1417 1937 propter
1443 1891 1502 1927 Vll
1534 1896 1659 1929 status,

268 1961 300 1993 in
322 1960 448 2004 quibus
469 1961 545 1994 i'nit.
593 1960 672 2005 Ipsa
693 1970 839 2004 uanique
856 1959 919 1992 suit
937 1960 1046 2003 primo
1068 1961 1102 1992 in
1121 1962 1213 1992 statu
1242 1958 1419 2001 virginali,
1445 1957 1599 1992 seeundo
1626 1958 1659 1990 in

268 2029 361 2059 statu
398 2026 595 2071 conjugali,
636 2027 739 2059 tertio
778 2027 811 2058 in
848 2029 942 2059 statu
979 2024 1129 2066 viduali,
1177 2028 1301 2067 quarto
1337 2025 1370 2057 in
1403 2027 1496 2057 statu
1529 2027 1658 2064 activo,

269 2092 389 2135 quinto
425 2092 460 2124 in
494 2095 587 2125 statu
620 2089 913 2135 contemplativo,
955 2094 1054 2124 sexto
1097 2091 1130 2122 in
1174 2093 1268 2123 statu
1301 2089 1473 2134 religioso
1507 2092 1542 2123 et
1572 2098 1659 2122 nunc

268 2158 416 2201 septimo
434 2160 487 2191 est
506 2159 538 2191 in
559 2161 652 2191 statu
670 2157 843 2202 glorioso.
892 2155 937 2191 Et
956 2157 1013 2190 isti
1033 2160 1165 2200 septem
1191 2159 1304 2189 status
1331 2155 1516 2189 manifeste
1545 2155 1659 2189 conti-

268 2227 392 2257 nentur
418 2225 451 2256 in
478 2223 631 2268 legenda
656 2233 740 2265 sua‚
777 2227 813 2256 ut
834 2225 949 2266 possit
976 2221 1046 2255 dici
1072 2221 1113 2256 de
1141 2231 1203 2263 ea,
1241 2220 1333 2266 quod
1369 2220 1498 2254 dicitur
1529 2221 1562 2253 in
1588 2219 1657 2253 Da-

268 2288 360 2323 niele
385 2288 428 2323 ‹le
456 2287 803 2323 Nabuchodonosor:
839 2292 971 2332 septem
998 2292 1157 2331 tempora
1181 2286 1405 2320 mutabuntur
1436 2296 1543 2330 super
1570 2296 1661 2322 eam.

269 2354 392 2388 Tertio
420 2354 546 2388 dicitur
573 2354 634 2388 Dei
662 2356 727 2389 mei
754 2355 941 2393 saturita53
975 2353 1067 2388 Deus
1100 2355 1187 2387 enim
1224 2352 1327 2386 modo
1355 2353 1498 2387 satiavit
1524 2362 1598 2386 eam
1625 2355 1659 2385 et

269 2420 419 2465 replevit
444 2420 633 2465 splendore
660 2422 829 2461 veritatis,
856 2419 1042 2454 dulcedine
1073 2419 1258 2453 suavitatis
1282 2422 1316 2453 et
1346 2419 1468 2463 vigore
1498 2420 1653 2459 ²)aetcr-

268 2488 400 2520 nitatis.
442 2485 539 2521 Unde
565 2487 782 2532 Augustinus
808 2488 842 2519 in
870 2485 963 2519 libro
989 2484 1031 2519 de
1059 2486 1198 2519 civitate
1216 2484 1280 2519 Dei
1307 2494 1418 2529 agens
1446 2483 1488 2517 de
1515 2483 1655 2516 civitate

270 2553 416 2586 coelesti
443 2552 545 2586 dicit:
580 2554 613 2586 in
648 2553 858 2587 aeternitate
893 2551 957 2586 Dei
993 2552 1105 2597 viget,
1142 2552 1175 2584 in
1208 2551 1354 2586 veritate
1379 2549 1442 2584 Dei
1475 2547 1586 2590 lueet,
1621 2547 1653 2579 in

270 2617 426 2651 bonitate
453 2619 513 2652 l)ei
541 2618 683 2663 gaudet.

340 2695 365 2724 Ι)
387 2695 437 2722 Ul.
459 2699 498 2722 l'r.
527 2700 549 2723 X
564 2701 583 2723 L
595 2700 617 2722 V
632 2700 661 2722 ll
683 2696 778 2723 ussi-rt.
888 2697 917 2728 ¹2)
937 2695 988 2722 ild.
1009 2699 1051 2725 rr,
1072 2693 1275 2722 trinitatis
1297 2691 1375 2723 legit.
