1742 3005
84 128 181 179 Cap.
212 128 368 166 CCXV.
426 128 486 167 De
521 136 651 168 sancto
681 132 863 171 Marcello
895 132 1102 171 parisiensi
1133 133 1327 185 episcopo.
1385 135 1464 174 921

79 243 160 268 papa
179 233 260 268 apud
278 234 466 261 Avenionem
485 235 677 270 pontificatus
697 234 743 262 sui
761 243 839 262 atino
857 236 988 270 septimo
1007 239 1062 265 XV
1088 237 1204 265 calend.
1229 239 1369 271 Augusti,
1391 248 1469 267 anno

80 278 168 305 verbi
185 278 331 305 incarnati
349 281 547 307 mccc-xxm
567 292 583 308 a
601 280 683 307 felici
701 288 774 307 vero
794 281 920 307 transitu
940 282 1025 315 liujus
1044 283 1101 310 viri
1123 283 1204 310 beati
1222 292 1259 310 ex
1276 283 1333 310 hoc
1347 284 1470 319 mundo,

79 331 157 349 anino
183 326 205 349 L
231 323 408 351 decurrente
433 323 519 350 illum
546 330 717 352 sanctorum
743 325 949 353 consessorum
976 327 1110 359 catalogo
1138 327 1273 361 adjunxit
1292 328 1331 354 ad
1349 328 1470 356 laudem

78 372 109 394 et
127 367 253 399 gloriam
271 368 386 395 domini
405 369 499 395 nostri
519 372 590 396 Jesu
610 369 732 401 Christi,
757 370 807 402 qui
833 371 911 397 huuc
938 376 1072 398 sanctum
1091 372 1188 398 adhuc
1207 372 1237 398 in
1258 372 1343 399 terris
1361 372 1469 400 viven-

79 417 140 439 tem
167 417 196 439 et
222 415 281 446 jam
307 413 346 439 ad
372 413 474 440 coelos
500 413 677 440 translatum
700 414 802 441 inultis
828 414 900 441 fecit
926 424 1081 442 coruscare
1108 416 1274 448 miraculis,
1305 421 1337 443 ut
1363 417 1469 445 fideles

78 457 178 491 ipsum
197 457 366 485 invenirent
385 457 467 492 apud
486 460 582 484 Deum
604 457 850 490 benignissimum
869 463 1028 492 patronum
1047 464 1076 487 et
1094 462 1158 494 ejus
1177 460 1304 493 vestigia
1316 461 1468 489 imitantes

79 510 169 535 regna
188 502 331 530 coelestia
351 502 494 536 consequi
512 507 647 537 possent.

521 850 646 917 GAP.
682 851 836 917 CCXV.
875 852 1025 918 (212.)

234 952 336 996 De
371 952 593 996 sancto
624 951 926 995 Marcello
957 952 1320 998 Parisiensi

616 1017 933 1073 episcopo.

178 1126 375 1154 Beatissimus
394 1126 554 1154 Marcellus
573 1126 698 1153 antistes
718 1131 803 1154 natus
823 1125 939 1159 Parisii,
965 1126 1018 1154 sed
1046 1126 1121 1154 civis
1148 1126 1298 1162 paradisi,
1325 1127 1356 1154 iu
1383 1127 1469 1155 terris

79 1170 218 1204 humilis,
245 1176 360 1198 erectus
378 1171 409 1198 in
436 1171 546 1204 coelis,
573 1172 733 1198 mediocris
760 1171 953 1206 parentibus,
980 1171 1034 1198 sed
1059 1171 1173 1198 meritis
1201 1173 1314 1204 celsus,
1341 1172 1387 1199 cui
1413 1173 1470 1200 hoc

77 1215 136 1242 suit
161 1215 329 1243 nobilitatis
354 1216 455 1243 lumen
482 1216 610 1248 insigne,
642 1217 757 1243 Christo
784 1216 848 1243 sine
875 1216 963 1251 culpa
991 1217 1114 1244 servire.
1150 1219 1214 1243 Non
1233 1217 1271 1243 de
1290 1217 1406 1248 generis
1424 1218 1470 1245 in-

78 1264 249 1288 tumescens
267 1261 424 1295 superbia,
451 1260 505 1287 sed
530 1261 645 1288 habens
673 1261 710 1288 de
737 1261 850 1288 meritis
876 1265 1066 1293 ornamenta,
1092 1270 1147 1287 nec
1166 1270 1286 1288 sumens
1306 1262 1344 1288 de
1362 1272 1469 1296 paren-

78 1305 157 1332 telae
181 1305 270 1331 laude
296 1305 485 1339 jactantiam,
513 1305 568 1332 sed
593 1306 717 1337 gratiam
743 1306 903 1340 possidens
930 1306 960 1332 in
988 1306 1134 1332 virtutum
1152 1306 1314 1340 exemplis,
1341 1306 1418 1334 intra
1438 1317 1470 1334 se

79 1358 150 1378 suos
177 1350 334 1377 thesauros
361 1349 510 1382 retinens,
544 1353 638 1377 Deum
671 1352 784 1377 mundo
811 1350 901 1378 corde
926 1350 1140 1385 complectens.
1177 1351 1237 1377 Sed
1263 1361 1329 1378 cum
1354 1352 1470 1379 Christo

78 1404 195 1430 pauper
211 1395 270 1422 iste
288 1395 440 1427 regnavit,
465 1394 515 1427 qui
541 1394 571 1421 iu
588 1395 768 1422 humilitatis
787 1395 1033 1428 conversatione,
1061 1395 1090 1421 iu
1111 1395 1243 1422 caritatis
1262 1397 1414 1429 ubertate,
1439 1397 1471 1424 iu

78 1440 226 1467 castitatis
253 1439 380 1471 lumine,
408 1439 438 1465 in
463 1439 641 1472 ieiuniorum
667 1439 849 1474 pinguedine
885 1440 926 1466 ita
952 1449 983 1467 se
1010 1444 1105 1466 totum
1132 1439 1256 1466 tradidit
1281 1440 1469 1475 disciplinae,

79 1489 112 1511 ut
139 1485 176 1511 ab
201 1484 267 1519 ipsa
293 1484 420 1511 infantia
444 1488 577 1511 maturus
603 1484 799 1511 adscenderet
824 1490 852 1512 et
879 1485 995 1520 positus
1020 1484 1049 1511 iu
1076 1493 1201 1519 corpore
1227 1485 1312 1518 quasi
1338 1486 1411 1512 nihi!
1432 1486 1470 1513 de

80 1539 168 1556 carne
187 1534 332 1564 portaret.
369 1529 424 1556 Hic
442 1529 544 1562 itaque
563 1529 737 1556 beatissima
756 1529 944 1556 institutione
964 1529 1131 1556 succinctus
1150 1534 1179 1555 et
1199 1530 1378 1557 venerandis
1396 1539 1471 1566 ope-

80 1574 163 1601 ribus
184 1583 280 1608 paene
300 1570 383 1609 prius
403 1573 543 1601 sacerdos
562 1573 676 1600 exstitit
695 1584 784 1607 quam
803 1574 944 1607 clericus,
964 1574 1138 1607 jamdudum
1157 1573 1279 1606 dignus,
1306 1574 1358 1607 qui
1376 1575 1472 1602 susci-

80 1623 166 1654 peret
184 1618 377 1651 dignitatem,
408 1623 494 1645 autea
523 1622 719 1652 praeparatus
739 1619 777 1645 ad
795 1619 841 1652 id,
868 1619 951 1653 quod
977 1623 1039 1645 erat
1058 1618 1122 1646 sine
1142 1626 1223 1644 mora
1242 1617 1370 1647 futurus.
1406 1620 1471 1646 Cal-

81 1669 148 1691 cata
166 1663 270 1690 mundi
290 1672 402 1699 pompa
422 1664 471 1690 vel
492 1663 684 1695 criminibus,
711 1672 778 1690 cnm
805 1664 916 1691 divinis
942 1664 1031 1690 armis
1058 1663 1193 1690 initiatus
1212 1663 1415 1695 accingeretur
1433 1665 1472 1692 ad

80 1718 183 1744 spem,
201 1709 322 1735 felicem
340 1708 472 1743 palmam
491 1708 529 1736 de
547 1709 634 1736 hoste
653 1708 777 1743 publico
796 1709 943 1736 relaturus
963 1709 994 1735 iu
1013 1708 1122 1735 militia
1141 1707 1249 1734 Christi
1276 1708 1470 1736 exercitando

81 1754 176 1781 lector
188 1753 313 1781 effectus
325 1757 371 1780 est
386 1763 421 1780 ac
435 1762 467 1780 se
485 1753 585 1788 ipsum
602 1753 716 1788 templo
737 1753 843 1781 Clu-isti
862 1762 918 1789 pro
937 1752 1077 1788 primitiis
1097 1751 1226 1779 offerens
1244 1752 1329 1779 velut
1348 1763 1363 1779 a
1383 1754 1473 1782 bellis

82 1798 260 1825 sacrificium
285 1798 384 1826 hostia
409 1797 509 1825 victae
533 1798 630 1824 carnis
656 1801 686 1824 et
703 1807 796 1832 purae
820 1798 929 1825 mentis
956 1796 1080 1824 effectus
1101 1801 1156 1824 est.
1194 1797 1251 1832 Oui
1270 1797 1378 1825 clarior
1395 1808 1474 1826 mer-

81 1843 156 1870 cede
182 1853 271 1877 quam
297 1843 418 1870 nomine
445 1847 475 1870 et
502 1842 609 1870 merito
633 1844 728 1876 major
754 1853 843 1877 quam
867 1843 958 1875 gradu
978 1841 1043 1870 siue
1059 1840 1245 1869 offendiculo
1265 1851 1350 1869 suum
1370 1852 1474 1876 gerens

82 1887 232 1921 officinm,
260 1888 361 1923 coepit
384 1888 416 1915 in
440 1887 536 1915 milite
564 1897 714 1920 crescere,
742 1887 824 1921 quod
849 1888 965 1923 accepit
993 1898 1008 1914 a
1034 1897 1111 1920 rege.
1147 1886 1263 1913 Deinde
1288 1887 1359 1914 dum
1378 1888 1475 1915 adhuc

81 1932 214 1960 clericali
232 1932 377 1966 tyrocinio
396 1933 558 1965 celaretur,
585 1932 738 1960 miraculis
764 1933 900 1967 proditur
927 1937 954 1959 et
982 1932 1074 1964 siguis
1093 1932 1277 1959 coelestibus
1297 1932 1473 1961 illustratur.

82 1977 168 2005 Unde
186 1977 317 2012 quadam
341 1978 410 2005 vice
430 1978 469 2005 ad
487 1977 642 2005 officinam
669 1978 795 2005 accessit
814 1977 1006 2009 sabricalmii,
1034 1976 1085 2010 qui
1109 1977 1271 2011 despectus
1298 1978 1336 2005 ab
1362 1979 1475 2006 artifice

83 2022 215 2054 cogitur,
240 2027 274 2048 ut
299 2026 432 2049 extracta
461 2022 500 2049 de
526 2021 644 2048 ardenti
670 2022 786 2049 camino
813 2021 885 2049 serri
911 2031 1009 2049 massa
1029 2021 1161 2049 candens
1180 2031 1270 2048 manu
1289 2031 1342 2049 sua
1361 2023 1474 2051 serrum

83 2074 243 2093 accensum
260 2065 412 2093 attolleret
430 2070 477 2098 et,
503 2065 607 2098 quanti
624 2066 767 2100 ponderis
786 2071 882 2099 esset,
908 2070 1067 2094 enarraret.
1104 2069 1189 2092 Tunc
1215 2066 1262 2092 vir
1281 2066 1474 2094 beatissimus

84 2120 145 2138 non
163 2110 283 2142 ignarus
301 2114 398 2136 totum
416 2109 455 2136 ‹le
474 2110 591 2136 Christo
609 2118 809 2143 praesumere,
829 2114 859 2136 et
873 2115 1002 2143 quantae
1015 2108 1136 2136 virtutis
1156 2118 1244 2135 causa
1263 2109 1311 2141 sit,
1330 2110 1361 2137 in
1382 2112 1473 2138 rebus

84 2164 145 2183 nou
164 2154 303 2189 turpibus
320 2153 463 2185 obedire,
486 2161 557 2180 mox
580 2153 738 2188 supposita
763 2163 854 2180 manu
878 2153 989 2180 serrum
1013 2152 1103 2180 altius
1129 2152 1263 2179 elevavit
1289 2153 1405 2182 dicens:
1435 2155 1474 2183 (le

85 2200 184 2229 calore
203 2199 296 2232 calet,
324 2197 379 2225 sed
401 2206 512 2225 novem
538 2197 673 2232 pondera
698 2198 800 2227 habet.
838 2197 926 2233 Quod
951 2202 1058 2232 postea
1076 2201 1193 2223 tantum
1211 2196 1250 2223 ad
1267 2202 1409 2226 stateram
1428 2200 1474 2227 in—

84 2250 211 2273 ventum
234 2248 296 2275 est,
323 2246 466 2276 quantum
491 2243 554 2276 ejus
580 2250 642 2269 vox
664 2241 775 2268 librare
800 2241 1000 2277 praedixerat.
1043 2245 1148 2275 ltaque
1172 2251 1239 2269 cum
1265 2243 1474 2272 subdiaconali

85 2289 254 2318 ministerio
272 2288 445 2320 fungeretur
463 2286 494 2313 in
513 2286 562 2314 die
581 2286 827 2321 epiphaniarum,
852 2286 991 2313 hauriens
1011 2296 1118 2320 aquam
1138 2286 1175 2313 de
1193 2287 1288 2314 fluvio
1307 2290 1472 2322 Sequanae,

87 2335 158 2361 dum
177 2334 267 2360 beato
286 2331 446 2359 Prudentia
464 2331 604 2358 manibus
623 2331 782 2358 abluendis
802 2341 909 2364 aquam
927 2330 1065 2364 offerret,
1091 2331 1213 2358 mutatis
1234 2332 1391 2360 elementis
1410 2335 1475 2361 vini

88 2387 178 2414 sapor
201 2377 342 2405 inventus
368 2379 428 2415 est.⁴
460 2378 526 2411 Quo
551 2376 618 2403 viso
643 2376 862 2411 obstupescens
887 2376 1024 2411 pontifex
1049 2377 1138 2410 jussit
1163 2386 1199 2403 ex
1218 2377 1285 2411 ipso
1304 2378 1424 2405 urceolo
1443 2378 1475 2406 iu

87 2423 212 2450 calicem
238 2430 354 2448 sacrum
381 2419 517 2449 defundi.
551 2421 636 2448 Unde
659 2420 819 2448 universus
844 2421 974 2456 populus
1000 2421 1093 2449 missa
1119 2422 1270 2448 celebrata
1294 2427 1323 2449 et
1342 2431 1474 2450 commu-

89 2468 209 2495 nionem
227 2465 343 2500 accepit
363 2469 393 2491 et
410 2464 510 2499 ipsum
527 2474 597 2497 vas,
617 2475 684 2491 cum
703 2465 742 2491 ad
760 2465 859 2500 plebis
878 2465 1102 2493 multitudinem
1121 2465 1298 2500 suffecisset,
1319 2477 1353 2495 ac
1371 2467 1396 2495 si
1415 2477 1476 2496 nou

88 2517 201 2540 tactum
226 2515 256 2538 et
281 2510 429 2542 integrum
452 2508 495 2536 sic
521 2509 644 2544 plenum
667 2510 819 2537 remansit.
856 2512 942 2544 Cujus
969 2510 1033 2537 vini
1057 2512 1182 2545 mystico
1201 2511 1349 2539 beneficio
1369 2518 1475 2547 postea

89 2556 177 2585 multi
203 2555 299 2583 sanati
325 2557 404 2582 sunt.
441 2555 512 2580 Cum
535 2553 584 2580 vir
609 2553 815 2582 sanctissimus
841 2555 971 2588 quadam
993 2555 1060 2582 vice
1087 2565 1124 2583 ex
1149 2555 1195 2583 sui
1218 2555 1312 2583 officii
1330 2557 1474 2585 servitute

90 2612 198 2636 aquam
223 2601 361 2627 manibus
387 2597 523 2633 praefato
551 2598 695 2633 episcopo
718 2599 887 2626 venerabili
913 2600 1111 2634 porrexisset,
1144 2609 1214 2627 mox
1243 2601 1315 2628 inde
1341 2602 1476 2630 balsama

91 2649 255 2680 coeperunt
281 2644 426 2676 fragrare,
453 2648 483 2670 et
507 2643 579 2670 dum
604 2644 685 2670 unda
711 2649 856 2676 curreret,
881 2645 948 2671 visa
974 2650 1042 2672 sunt
1066 2645 1224 2672 chrismata
1250 2645 1410 2681 respirare,
1442 2652 1475 2675 ut

93 2700 189 2727 paene
207 2689 345 2725 pontifex
362 2688 513 2721 crederet,
539 2697 572 2715 se
590 2697 694 2715 manus
713 2689 806 2721 magis
825 2698 933 2721 ungere
952 2699 1041 2722 quam
1059 2690 1176 2723 lavare,
1202 2694 1231 2717 et
1257 2690 1364 2718 alteras
1383 2701 1476 2725 aquas

93 2740 265 2771 quaereret,
300 2739 333 2762 ut
365 2732 481 2769 priores
505 2741 597 2766 ungas
624 2733 769 2762 ablueret.
813 2736 879 2769 Quo
905 2733 972 2761 viso
997 2734 1137 2762 sacerdos
1163 2735 1346 2764 venerabilis
1372 2736 1476 2764 obstu<

1118 2788 1195 2824 58*
