1742 3005
325 96 421 146 Cap.
453 95 586 131 XCVI.
642 95 701 132 De
740 102 868 131 sancta
897 94 1020 132 Maria
1050 95 1295 145 Magdalena.
1422 95 1500 133 411

116 201 234 246 aliquo
259 201 385 235 itinere
413 199 618 245 impediret3
653 210 775 235 navem
807 201 916 247 igitur
940 199 1098 234 omnibus
1125 201 1335 235 necessariis
1362 201 1505 245 copiose

116 269 303 301 onerantes
330 270 490 308 caetera,
518 276 607 311 quae
634 265 831 307 habebant,
862 267 897 299 in
922 265 1058 300 Mariae
1083 265 1320 312 Magdalenae
1344 265 1507 300 custodia

116 331 354 377 relinquentes
387 331 560 376 proficisci
596 335 786 376 coeperunt
814 332 957 377 Jamque
984 333 1086 366 unius
1111 332 1182 367 diei
1208 336 1241 367 et
1264 333 1376 367 noctis
1402 342 1506 367 cursu

118 401 354 432 consummato
381 399 499 443 coepit
522 397 662 431 nimium
690 407 784 432 mare
809 399 1060 439 intumescere,
1100 402 1222 432 ventus
1255 398 1364 440 flare,
1399 399 1449 432 ita
1473 402 1510 431 ut

118 474 238 498 omnes
264 468 299 498 et
322 465 469 498 maxime
494 468 652 497 matrona
676 463 827 508 gravida
851 467 885 496 et
911 462 1039 497 debilis
1063 468 1134 496 tam
1156 473 1265 497 saeva
1285 463 1510 498 inundatione

118 529 280 564 fluctuum
305 530 465 575 quassati
487 529 707 574 gravissimis
735 530 910 574 angustiis
937 533 1159 574 urgerentur,
1189 529 1223 562 in
1247 532 1391 570 tantum,
1419 529 1511 573 quod

120 597 153 629 in
170 606 246 631 eam
263 596 378 630 subito
398 595 500 629 dolor
517 599 638 639 partus
664 595 766 628 irruit
791 598 825 629 et
849 596 941 629 inter
963 596 1148 640 angustias
1164 595 1296 629 ventris
1318 599 1351 629 ct
1367 604 1511 639 pressu-

120 658 177 696 ras
213 663 380 706 temporIs
423 660 529 694 filium
567 661 767 705 parturiens
804 662 1009 706 exspiravit.
1058 659 1168 695 Natus
1202 661 1311 706 igitur
1344 659 1512 704 puerulus

118 727 316 772 palpitabat
348 730 383 762 et
417 726 679 761 mammillarum
712 732 945 761 maternarum
976 736 1148 771 quaerens
1181 726 1310 760 solatia
1342 726 1513 760 lamenta-

118 792 208 827 biles
234 792 341 827 dabat
366 794 517 838 vagituS.
567 792 661 828 Proh
688 793 807 828 dolor!
845 797 879 828 et
903 797 1005 826 natus
1033 797 1087 827 est
1110 792 1226 826 infans
1256 793 1355 827 vivus
1382 796 1417 826 et
1442 801 1514 825 ma-

117 858 247 893 tricida
271 858 438 902 effectus,
468 860 556 893 mori
582 870 657 893 eum
685 860 867 901 convenit,
893 868 967 893 cum
993 869 1061 892 non
1087 859 1146 900 sit,
1175 860 1234 903 qui
1263 858 1357 892 vitae
1383 856 1516 890 tribuat

121 924 332 960 alimentum.
384 925 474 965 Quid
510 925 616 959 saciet
639 924 872 971 Peregrinus,
909 928 943 958 et
976 934 1050 958 cum
1083 933 1225 957 uxorem
1260 926 1429 956 mortuam
1464 923 1516 957 vi-

122 990 204 1025 deat
230 995 264 1025 et
287 1001 431 1036 puerum
457 991 655 1036 vagientem
682 990 837 1035 querulis
866 989 1010 1025 vocibus
1043 991 1164 1023 matris
1201 998 1381 1023 mammam
1407 998 1516 1033 appe-

121 1057 279 1091 tentem?
324 1055 600 1091 Lamentabatur
623 1056 807 1101 plurimum
833 1061 867 1093 et
894 1056 1052 1091 dicebat:
1087 1055 1156 1090 heu
1180 1057 1308 1097 miser,
1345 1053 1427 1099 quid
1461 1054 1516 1087 sa-

123 1122 225 1156 cies'?
266 1123 371 1156 filium
404 1121 537 1158 habere
571 1122 804 1166 desiderasti,
850 1127 884 1159 et
916 1127 1061 1157 matrem
1095 1132 1169 1156 cum
1212 1121 1284 1154 filio
1318 1119 1516 1164 perdidisti.

123 1187 258 1223 Nautae
284 1188 524 1224 acclamabant
549 1188 725 1241 dicentes:
752 1190 963 1234 projiciatur
987 1189 1021 1221 in
1046 1198 1141 1222 mare
1166 1186 1232 1221 hoc
1253 1196 1393 1230 corpus,
1420 1189 1517 1220 ante-

124 1264 226 1300 quam
265 1256 404 1290 insimul
444 1266 648 1301 pereamus,
691 1255 855 1301 quamdiu
908 1255 998 1289 enim
1041 1253 1222 1287 nobiscum
1264 1253 1387 1294 suerit,
1430 1251 1518 1286 haec

125 1322 306 1365 quassatio
333 1333 400 1356 non
429 1321 597 1358 cessabit.
644 1320 687 1355 Et
712 1332 786 1356 cum
822 1331 949 1365 corpus
984 1318 1325 1365 apprehendissent,
1362 1321 1400 1351 ut
1432 1317 1519 1351 illud

124 1387 161 1420 in
192 1395 286 1422 mare
314 1388 510 1432 Jactarent:
542 1389 702 1432 parcite,
736 1388 847 1433 inquit
871 1386 1102 1432 Peregrinus,
1140 1385 1294 1429 parcite,
1329 1387 1363 1418 et
1390 1384 1420 1417 si
1457 1394 1521 1417 nec

124 1450 209 1485 milii
236 1462 299 1486 nec
323 1455 425 1487 matri
450 1463 597 1498 parcere
623 1453 827 1496 volueritis,
864 1454 1098 1487 misereamini
1133 1451 1257 1485 saltem
1292 1449 1429 1495 parvuli
1459 1459 1523 1483 va—

126 1518 270 1563 gientis,
297 1519 401 1554 sinite
425 1519 596 1554 modicum
624 1525 658 1555 et
681 1521 874 1561 sustinete,
901 1520 931 1553 si
959 1518 1049 1552 sorte
1076 1517 1200 1551 mulier
1225 1526 1310 1561 prae
1338 1515 1461 1550 dolore
1486 1516 1521 1549 in

127 1585 261 1618 exstasi
287 1587 405 1630 posita
428 1585 540 1628 adhuc
565 1586 682 1621 valeat
714 1587 904 1631 respirare.
954 1584 997 1619 Et
1033 1594 1114 1618 ecce
1138 1594 1208 1617 non
1236 1581 1358 1627 procul
1387 1591 1407 1616 a
1435 1581 1523 1615 mari

128 1648 268 1694 quidam
301 1651 402 1686 collis
436 1654 620 1697 apparuit,
655 1663 722 1698 quo
758 1653 834 1687 viso
869 1651 990 1686 utilius
1029 1661 1109 1685 esse
1144 1649 1294 1684 credidit
1327 1659 1453 1693 corpus
1489 1652 1524 1682 et

127 1716 308 1760 puerulum
335 1717 419 1752 illuc
447 1717 598 1760 deferri,
631 1728 731 1764 quam
765 1719 908 1752 marinis
941 1717 1070 1752 belluis
1105 1716 1149 1751 ad
1182 1714 1418 1750 devorandum
1447 1713 1524 1748 dari

130 1785 165 1815 et
203 1782 300 1827 ¹)vix
337 1793 358 1818 a
391 1785 508 1818 nautis
542 1795 647 1829 prece
681 1788 716 1820 et
752 1785 866 1830 pretio
901 1785 1072 1826 extorsit,
1113 1788 1151 1817 ut
1183 1782 1256 1816 illic
1295 1781 1524 1826 applicarent,

128 1857 272 1893 cumque
299 1848 371 1885 illic
396 1860 482 1896 prae
507 1850 637 1886 duritia
661 1850 798 1886 foveam
823 1862 893 1885 non
921 1852 1096 1896 potu1sset
1121 1848 1299 1891 effodere,
1338 1849 1373 1881 in
1408 1857 1526 1882 secre-

128 1914 211 1947 tiori
235 1919 338 1960 parte
365 1916 466 1951 collis
492 1916 674 1962 chlamyde
701 1918 889 1963 supposita
912 1927 1039 1962 corpus
1064 1916 1252 1950 collocavit
1289 1919 1322 1949 et
1347 1913 1526 1959 puerulum

130 1981 285 2015 mammis
311 1982 388 2026 ejus
413 1992 594 2027 apponens
622 1994 696 2018 cum
721 1983 882 2028 lacrymis
910 1985 979 2017 ait:
1021 1993 1041 2017 o
1067 1981 1184 2017 Maria
1207 1980 1444 2027 Magdalena,
1484 1978 1530 2012 ad

131 2045 341 2090 perditionis
365 2056 464 2082 meae
493 2049 663 2083 cumulum
693 2048 922 2093 ²)Massiliae
948 2040 1106 2094 partibus
1135 2047 1359 2092 applicuisti:
1385 2056 1446 2078 cur
1474 2045 1527 2077 in-

133 2110 219 2146 felix
245 2111 483 2148 admonitione
509 2117 570 2147 tua
594 2113 660 2148 hoc
684 2116 751 2148 iter
782 2115 946 2158 arripui?
979 2115 1147 2158 petistine
1181 2112 1311 2152 Deum,
1344 2114 1382 2144 ut
1407 2109 1531 2143 mulier

132 2187 212 2216 mea
242 2177 309 2213 hac
345 2178 388 2214 de
422 2188 530 2214 causa
565 2180 768 2225 conciperet
804 2183 838 2214 et
863 2180 1025 2224 periret?
1073 2178 1164 2214 Ecce
1191 2179 1281 2213 enim
1306 2176 1468 2220 concepit
1496 2178 1531 2209 et

133 2244 304 2288 pariendo
340 2249 484 2280 mortem
520 2246 647 2288 subiit,
691 2250 949 2291 conceptusque
978 2249 1031 2280 est
1056 2250 1181 2287 natus,
1216 2248 1254 2278 ut
1278 2246 1420 2288 pereat,
1456 2252 1531 2276 cum

135 2320 206 2343 non
231 2311 300 2354 sit,
336 2312 398 2356 qui
427 2313 590 2347 enutriat.
638 2311 751 2355 Ecce,
787 2311 881 2358 quod
917 2321 1022 2357 prece
1055 2315 1117 2345 tua
1150 2309 1307 2352 obtinui,
1342 2308 1408 2343 tibi
1443 2308 1532 2342 enim

137 2375 254 2410 omnia
277 2385 356 2411 mea
379 2378 617 2413 commendavi
636 2378 782 2423 Deoque
808 2383 868 2413 tuo
896 2376 1118 2419 commend03
1152 2377 1183 2411 si
1212 2380 1339 2420 potens
1365 2384 1424 2415 es,
1458 2382 1530 2407 me-

109 2451 213 2495 Αιιιοι·
237 2441 287 2475 sis
312 2442 449 2477 animae
473 2444 615 2485 matriS,
651 2448 686 2478 et
711 2455 816 2489 proce
847 2448 908 2478 tua
933 2445 1165 2484 misereatur,
1199 2452 1242 2476 ne
1268 2444 1392 2486 pereat
1416 2442 1529 2473 natus.

138 2496 240 2542 Tunc
271 2506 450 2553 chlamyde
484 2517 550 2542 sua
584 2518 712 2552 eorpus
748 2520 822 2543 cum
859 2520 969 2554 puero
1003 2510 1275 2552 circumquaque
1315 2506 1454 2550 operuit
1498 2509 1534 2539 et

140 2572 358 2618 postmodum
382 2583 505 2608 navem
532 2573 745 2608 conscendit.
795 2574 946 2619 Cumque
971 2573 1017 2608 ad
1044 2573 1182 2608 Petrum
1206 2573 1384 2614 venisset,
1409 2571 1532 2606 Petrus

208 2675 237 2706 1)
256 2674 310 2703 Ed.
328 2678 372 2702 l’r.
391 2673 478 2706 legit:
506 2675 609 2701 iuxta
638 2672 779 2699 nantis.
814 2672 903 2699 Male.
1009 2671 1039 2704 2)
1064 2670 1117 2697 Ed.
1145 2673 1189 2697 Pr.
1208 2669 1296 2703 legit:
1323 2668 1534 2697 Massiliae

142 2718 396 2754 applicuisti,
422 2718 484 2746 Alii
502 2718 621 2745 addunt
639 2722 708 2745 ante
727 2726 831 2744 meae
850 2717 945 2744 verba
963 2721 1001 2744 et
1019 2715 1208 2744 miseriae.
