<?xml version="1.0" encoding="UTF-8"?>
<!DOCTYPE html PUBLIC "-//W3C//DTD XHTML 1.0 Transitional//EN"
    "http://www.w3.org/TR/xhtml1/DTD/xhtml1-transitional.dtd">
<html xmlns="http://www.w3.org/1999/xhtml" xml:lang="en" lang="en">
 <head>
  <title>
</title>
<meta http-equiv="Content-Type" content="text/html;charset=utf-8" />
  <meta name='ocr-system' content='tesseract 3.04.00' />
  <meta name='ocr-capabilities' content='ocr_page ocr_carea ocr_par ocr_line ocrx_word'/>
</head>
<body>
  <div class='ocr_page' id='page_1' title='image "./legendaaureavulg00jacouoft_0657.png"; bbox 0 0 1742 3005; ppageno 0'>
   <div class='ocr_carea' id='block_1_1' title="bbox 153 83 1466 137">
    <p class='ocr_par' dir='ltr' id='par_1_1' title="bbox 153 83 1466 137">
     <span class='ocr_line' id='line_1_1' title="bbox 153 83 1466 137; baseline -0.001 -14"><span class='ocrx_word' id='word_1_1' title='bbox 153 88 249 137; x_wconf 89' lang='lat' dir='ltr'><strong>Cap.</strong></span> <span class='ocrx_word' id='word_1_2' title='bbox 284 85 533 122; x_wconf 83' lang='lat' dir='ltr'>CXXXVIII.</span> <span class='ocrx_word' id='word_1_3' title='bbox 591 85 648 122; x_wconf 88' lang='lat' dir='ltr'><strong>De</strong></span> <span class='ocrx_word' id='word_1_4' title='bbox 679 91 808 121; x_wconf 81' lang='lat' dir='ltr'><strong>sancto</strong></span> <span class='ocrx_word' id='word_1_5' title='bbox 837 84 1012 122; x_wconf 86' lang='lat' dir='ltr'><strong>Johanne</strong></span> <span class='ocrx_word' id='word_1_6' title='bbox 1044 83 1329 132; x_wconf 77' lang='lat' dir='ltr'><strong>Chrysostomo.</strong></span> <span class='ocrx_word' id='word_1_7' title='bbox 1387 83 1466 122; x_wconf 82' lang='lat'><strong>617</strong></span> 
     </span>
    </p>
   </div>
   <div class='ocr_carea' id='block_1_2' title="bbox 76 187 1468 2718">
    <p class='ocr_par' dir='ltr' id='par_1_2' title="bbox 76 187 1468 2718">
     <span class='ocr_line' id='line_1_2' title="bbox 84 187 1466 235; baseline -0.001 -11"><span class='ocrx_word' id='word_1_8' title='bbox 84 189 182 224; x_wconf 83' lang='lat' dir='ltr'><strong>abiit.</strong></span> <span class='ocrx_word' id='word_1_9' title='bbox 229 189 293 224; x_wconf 85' lang='lat' dir='ltr'><strong>Ille</strong></span> <span class='ocrx_word' id='word_1_10' title='bbox 317 194 430 225; x_wconf 85' lang='lat' dir='ltr'><strong>autem</strong></span> <span class='ocrx_word' id='word_1_11' title='bbox 456 190 584 224; x_wconf 86' lang='lat' dir='ltr'><strong>socium</strong></span> <span class='ocrx_word' id='word_1_12' title='bbox 614 189 756 234; x_wconf 88' lang='lat' dir='ltr'><strong>pulsans</strong></span> <span class='ocrx_word' id='word_1_13' title='bbox 787 188 946 224; x_wconf 81' lang='lat' dir='ltr'><strong>dicebat:</strong></span> <span class='ocrx_word' id='word_1_14' title='bbox 984 199 1111 235; x_wconf 90' lang='lat' dir='ltr'><strong>surge,</strong></span> <span class='ocrx_word' id='word_1_15' title='bbox 1149 188 1254 223; x_wconf 76' lang='lat' dir='ltr'><strong>hodie</strong></span> <span class='ocrx_word' id='word_1_16' title='bbox 1284 187 1466 223; x_wconf 90' lang='lat' dir='ltr'><strong>laboribus</strong></span> 
     </span>
     <span class='ocr_line' id='line_1_3' title="bbox 85 254 1467 301; baseline -0.001 -11"><span class='ocrx_word' id='word_1_17' title='bbox 85 255 272 300; x_wconf 80' lang='lat' dir='ltr'><strong>epulemur.</strong></span> <span class='ocrx_word' id='word_1_18' title='bbox 321 255 428 295; x_wconf 85' lang='lat' dir='ltr'><strong>Quem</strong></span> <span class='ocrx_word' id='word_1_19' title='bbox 454 266 527 290; x_wconf 90' lang='lat' dir='ltr'><strong>cnm</strong></span> <span class='ocrx_word' id='word_1_20' title='bbox 553 255 675 289; x_wconf 87' lang='lat' dir='ltr'><strong>crebro</strong></span> <span class='ocrx_word' id='word_1_21' title='bbox 703 255 880 299; x_wconf 79' lang='lat' dir='ltr'><strong>pulsasset</strong></span> <span class='ocrx_word' id='word_1_22' title='bbox 905 259 940 289; x_wconf 90' lang='lat' dir='ltr'><strong>et</strong></span> <span class='ocrx_word' id='word_1_23' title='bbox 964 259 1132 289; x_wconf 90' lang='lat' dir='ltr'><strong>mortuum</strong></span> <span class='ocrx_word' id='word_1_24' title='bbox 1160 256 1387 301; x_wconf 83' lang='lat' dir='ltr'><strong>agnovisset,</strong></span> <span class='ocrx_word' id='word_1_25' title='bbox 1422 254 1467 288; x_wconf 88' lang='lat' dir='ltr'><strong>ad</strong></span> 
     </span>
     <span class='ocr_line' id='line_1_4' title="bbox 82 319 1466 366; baseline 0 -11"><span class='ocrx_word' id='word_1_26' title='bbox 82 319 313 365; x_wconf 78' lang='lat' dir='ltr'><strong>Epiphaniam</strong></span> <span class='ocrx_word' id='word_1_27' title='bbox 346 323 496 356; x_wconf 84' lang='lat' dir='ltr'><strong>cucurrit</strong></span> <span class='ocrx_word' id='word_1_28' title='bbox 532 325 566 355; x_wconf 90' lang='lat' dir='ltr'><strong>et</strong></span> <span class='ocrx_word' id='word_1_29' title='bbox 599 320 681 366; x_wconf 83' lang='lat' dir='ltr'><strong>quid</strong></span> <span class='ocrx_word' id='word_1_30' title='bbox 716 321 904 362; x_wconf 83' lang='lat' dir='ltr'><strong>acciderit,</strong></span> <span class='ocrx_word' id='word_1_31' title='bbox 930 322 1100 354; x_wconf 83' lang='lat' dir='ltr'><strong>nuntiavit</strong></span> <span class='ocrx_word' id='word_1_32' title='bbox 1125 330 1190 362; x_wconf 86' lang='lat' dir='ltr'><strong>ac,</strong></span> <span class='ocrx_word' id='word_1_33' title='bbox 1227 325 1264 355; x_wconf 92' lang='lat' dir='ltr'><strong>ut</strong></span> <span class='ocrx_word' id='word_1_34' title='bbox 1299 331 1373 355; x_wconf 90' lang='lat' dir='ltr'><strong>cum</strong></span> <span class='ocrx_word' id='word_1_35' title='bbox 1410 331 1466 355; x_wconf 92' lang='lat' dir='ltr'><strong>re-</strong></span> 
     </span>
     <span class='ocr_line' id='line_1_5' title="bbox 84 385 1467 432; baseline 0.001 -12"><span class='ocrx_word' id='word_1_36' title='bbox 84 388 290 429; x_wconf 83' lang='lat' dir='ltr'><strong>suscitaret,</strong></span> <span class='ocrx_word' id='word_1_37' title='bbox 324 397 453 432; x_wconf 86' lang='lat' dir='ltr'><strong>rogare</strong></span> <span class='ocrx_word' id='word_1_38' title='bbox 484 388 612 431; x_wconf 89' lang='lat' dir='ltr'><strong>coepit.</strong></span> <span class='ocrx_word' id='word_1_39' title='bbox 658 385 721 420; x_wconf 91' lang='lat' dir='ltr'><strong>Ille</strong></span> <span class='ocrx_word' id='word_1_40' title='bbox 756 390 870 419; x_wconf 88' lang='lat' dir='ltr'><strong>autem</strong></span> <span class='ocrx_word' id='word_1_41' title='bbox 896 385 1046 430; x_wconf 83' lang='lat' dir='ltr'><strong>benigne</strong></span> <span class='ocrx_word' id='word_1_42' title='bbox 1075 396 1148 419; x_wconf 88' lang='lat' dir='ltr'><strong>eum</strong></span> <span class='ocrx_word' id='word_1_43' title='bbox 1174 387 1376 421; x_wconf 75' lang='lat' dir='ltr'>consolatus</span> <span class='ocrx_word' id='word_1_44' title='bbox 1402 392 1467 429; x_wconf 90' lang='lat' dir='ltr'><strong>est,</strong></span> 
     </span>
     <span class='ocr_line' id='line_1_6' title="bbox 84 449 1468 493; baseline 0.002 -8"><span class='ocrx_word' id='word_1_45' title='bbox 84 463 152 486; x_wconf 89' lang='lat' dir='ltr'><strong>non</strong></span> <span class='ocrx_word' id='word_1_46' title='bbox 175 456 289 487; x_wconf 88' lang='lat' dir='ltr'><strong>tamen</strong></span> <span class='ocrx_word' id='word_1_47' title='bbox 317 463 392 487; x_wconf 91' lang='lat' dir='ltr'><strong>eum</strong></span> <span class='ocrx_word' id='word_1_48' title='bbox 418 454 656 493; x_wconf 79' lang='lat' dir='ltr'><strong>resuscitavit,</strong></span> <span class='ocrx_word' id='word_1_49' title='bbox 689 462 731 484; x_wconf 91' lang='lat' dir='ltr'><strong>ne</strong></span> <span class='ocrx_word' id='word_1_50' title='bbox 758 452 924 483; x_wconf 82' lang='lat' dir='ltr'><strong>ministris</strong></span> <span class='ocrx_word' id='word_1_51' title='bbox 949 450 1012 484; x_wconf 88' lang='lat' dir='ltr'><strong>Dei</strong></span> <span class='ocrx_word' id='word_1_52' title='bbox 1041 449 1144 484; x_wconf 78' lang='lat' dir='ltr'><strong>facile</strong></span> <span class='ocrx_word' id='word_1_53' title='bbox 1169 450 1347 486; x_wconf 83' lang='lat' dir='ltr'><strong>illudatur.</strong></span> <span class='ocrx_word' id='word_1_54' title='bbox 1399 452 1468 488; x_wconf 76' lang='lat' dir='ltr'><strong>Ve-</strong></span> 
     </span>
     <span class='ocr_line' id='line_1_7' title="bbox 84 514 1467 562; baseline 0.001 -12"><span class='ocrx_word' id='word_1_55' title='bbox 84 528 156 551; x_wconf 85' lang='lat' dir='ltr'><strong>rum</strong></span> <span class='ocrx_word' id='word_1_56' title='bbox 174 528 248 552; x_wconf 89' lang='lat' dir='ltr'><strong>cum</strong></span> <span class='ocrx_word' id='word_1_57' title='bbox 268 517 484 562; x_wconf 82' lang='lat' dir='ltr'><strong>Epiphanius</strong></span> <span class='ocrx_word' id='word_1_58' title='bbox 507 517 746 557; x_wconf 85' lang='lat' dir='ltr'><strong>discessisset,</strong></span> <span class='ocrx_word' id='word_1_59' title='bbox 774 515 919 549; x_wconf 88' lang='lat' dir='ltr'><strong>relatum</strong></span> <span class='ocrx_word' id='word_1_60' title='bbox 938 519 990 549; x_wconf 86' lang='lat' dir='ltr'><strong>est</strong></span> <span class='ocrx_word' id='word_1_61' title='bbox 1007 514 1170 556; x_wconf 83' lang='lat' dir='ltr'><strong>Johanni,</strong></span> <span class='ocrx_word' id='word_1_62' title='bbox 1195 515 1287 560; x_wconf 85' lang='lat' dir='ltr'><strong>quod</strong></span> <span class='ocrx_word' id='word_1_63' title='bbox 1306 515 1467 551; x_wconf 78' lang='lat' dir='ltr'><strong>Eudoxia</strong></span> 
     </span>
     <span class='ocr_line' id='line_1_8' title="bbox 83 580 1466 628; baseline -0.001 -11"><span class='ocrx_word' id='word_1_64' title='bbox 83 582 243 628; x_wconf 81' lang='lat' dir='ltr'><strong>Augusta</strong></span> <span class='ocrx_word' id='word_1_65' title='bbox 265 586 386 616; x_wconf 87' lang='lat' dir='ltr'><strong>contra</strong></span> <span class='ocrx_word' id='word_1_66' title='bbox 409 592 483 615; x_wconf 89' lang='lat' dir='ltr'><strong>eum</strong></span> <span class='ocrx_word' id='word_1_67' title='bbox 508 580 738 625; x_wconf 86' lang='lat' dir='ltr'><strong>Epiphanium</strong></span> <span class='ocrx_word' id='word_1_68' title='bbox 765 582 958 614; x_wconf 78' lang='lat' dir='ltr'><strong>incitasset.</strong></span> <span class='ocrx_word' id='word_1_69' title='bbox 1009 580 1074 619; x_wconf 82' lang='lat' dir='ltr'><strong>Qui</strong></span> <span class='ocrx_word' id='word_1_70' title='bbox 1106 580 1211 614; x_wconf 90' lang='lat' dir='ltr'><strong>solito</strong></span> <span class='ocrx_word' id='word_1_71' title='bbox 1239 581 1316 616; x_wconf 85' lang='lat' dir='ltr'><strong>zelo</strong></span> <span class='ocrx_word' id='word_1_72' title='bbox 1342 592 1466 616; x_wconf 86' lang='lat' dir='ltr'><strong>accen-</strong></span> 
     </span>
     <span class='ocr_line' id='line_1_9' title="bbox 83 646 1466 692; baseline 0.001 -11"><span class='ocrx_word' id='word_1_73' title='bbox 83 657 142 682; x_wconf 86' lang='lat' dir='ltr'><strong>sus</strong></span> <span class='ocrx_word' id='word_1_74' title='bbox 168 658 360 682; x_wconf 86' lang='lat' dir='ltr'><strong>sermonem</strong></span> <span class='ocrx_word' id='word_1_75' title='bbox 387 646 432 680; x_wconf 92' lang='lat' dir='ltr'><strong>ad</strong></span> <span class='ocrx_word' id='word_1_76' title='bbox 456 646 619 691; x_wconf 88' lang='lat' dir='ltr'><strong>populum</strong></span> <span class='ocrx_word' id='word_1_77' title='bbox 648 646 749 688; x_wconf 79' lang='lat' dir='ltr'><strong>fecit,</strong></span> <span class='ocrx_word' id='word_1_78' title='bbox 777 647 835 691; x_wconf 83' lang='lat' dir='ltr'><strong>qui</strong></span> <span class='ocrx_word' id='word_1_79' title='bbox 862 650 1057 680; x_wconf 83' lang='lat' dir='ltr'><strong>cunctarum</strong></span> <span class='ocrx_word' id='word_1_80' title='bbox 1084 646 1262 680; x_wconf 83' lang='lat' dir='ltr'><strong>mulierum</strong></span> <span class='ocrx_word' id='word_1_81' title='bbox 1289 648 1466 692; x_wconf 84' lang='lat' dir='ltr'><strong>vitupera-</strong></span> 
     </span>
     <span class='ocr_line' id='line_1_10' title="bbox 81 711 1466 758; baseline 0.002 -13"><span class='ocrx_word' id='word_1_82' title='bbox 81 713 208 746; x_wconf 87' lang='lat' dir='ltr'><strong>ti0nem</strong></span> <span class='ocrx_word' id='word_1_83' title='bbox 235 712 463 747; x_wconf 84' lang='lat' dir='ltr'><strong>omnimodam</strong></span> <span class='ocrx_word' id='word_1_84' title='bbox 489 712 702 746; x_wconf 90' lang='lat' dir='ltr'><strong>continebat.</strong></span> <span class='ocrx_word' id='word_1_85' title='bbox 751 711 812 745; x_wconf 87' lang='lat' dir='ltr'><strong>Hic</strong></span> <span class='ocrx_word' id='word_1_86' title='bbox 829 722 943 746; x_wconf 90' lang='lat' dir='ltr'><strong>sermo</strong></span> <span class='ocrx_word' id='word_1_87' title='bbox 966 711 1009 744; x_wconf 88' lang='lat' dir='ltr'><strong>ab</strong></span> <span class='ocrx_word' id='word_1_88' title='bbox 1036 711 1194 745; x_wconf 89' lang='lat' dir='ltr'><strong>omnibus</strong></span> <span class='ocrx_word' id='word_1_89' title='bbox 1216 717 1270 746; x_wconf 89' lang='lat' dir='ltr'><strong>est</strong></span> <span class='ocrx_word' id='word_1_90' title='bbox 1290 718 1466 758; x_wconf 85' lang='lat' dir='ltr'><strong>acceptus,</strong></span> 
     </span>
     <span class='ocr_line' id='line_1_11' title="bbox 81 777 1466 824; baseline 0.002 -13"><span class='ocrx_word' id='word_1_91' title='bbox 81 781 118 811; x_wconf 89' lang='lat' dir='ltr'><strong>ut</strong></span> <span class='ocrx_word' id='word_1_92' title='bbox 128 779 227 822; x_wconf 84' lang='lat' dir='ltr'><strong>quasi</strong></span> <span class='ocrx_word' id='word_1_93' title='bbox 243 782 363 812; x_wconf 84' lang='lat' dir='ltr'><strong>contra</strong></span> <span class='ocrx_word' id='word_1_94' title='bbox 375 778 568 823; x_wconf 83' lang='lat' dir='ltr'><strong>Augustam</strong></span> <span class='ocrx_word' id='word_1_95' title='bbox 585 779 632 812; x_wconf 90' lang='lat' dir='ltr'><strong>sit</strong></span> <span class='ocrx_word' id='word_1_96' title='bbox 650 777 819 822; x_wconf 84' lang='lat' dir='ltr'><strong>prolatus.</strong></span> <span class='ocrx_word' id='word_1_97' title='bbox 847 777 947 816; x_wconf 83' lang='lat' dir='ltr'><strong>Quod</strong></span> <span class='ocrx_word' id='word_1_98' title='bbox 967 787 1039 811; x_wconf 90' lang='lat' dir='ltr'><strong>cum</strong></span> <span class='ocrx_word' id='word_1_99' title='bbox 1052 777 1214 822; x_wconf 82' lang='lat' dir='ltr'><strong>Augusta</strong></span> <span class='ocrx_word' id='word_1_100' title='bbox 1229 781 1466 824; x_wconf 79' lang='lat' dir='ltr'><strong>cognovisset,</strong></span> 
     </span>
     <span class='ocr_line' id='line_1_12' title="bbox 81 843 1466 889; baseline 0.003 -14"><span class='ocrx_word' id='word_1_101' title='bbox 81 843 285 888; x_wconf 73' lang='lat' dir='ltr'><strong>Imperatori</strong></span> <span class='ocrx_word' id='word_1_102' title='bbox 314 848 508 889; x_wconf 86' lang='lat' dir='ltr'><strong>conquesta</strong></span> <span class='ocrx_word' id='word_1_103' title='bbox 535 848 589 878; x_wconf 83' lang='lat' dir='ltr'><strong>est</strong></span> <span class='ocrx_word' id='word_1_104' title='bbox 614 843 752 885; x_wconf 88' lang='lat' dir='ltr'><strong>diceus,</strong></span> <span class='ocrx_word' id='word_1_105' title='bbox 782 843 1022 877; x_wconf 86' lang='lat' dir='ltr'><strong>contumeliam</strong></span> <span class='ocrx_word' id='word_1_106' title='bbox 1048 843 1179 876; x_wconf 87' lang='lat' dir='ltr'><strong>illatam</strong></span> <span class='ocrx_word' id='word_1_107' title='bbox 1204 845 1303 877; x_wconf 83' lang='lat' dir='ltr'><strong>uxori</strong></span> <span class='ocrx_word' id='word_1_108' title='bbox 1332 845 1364 878; x_wconf 92' lang='lat' dir='ltr'><strong>in</strong></span> <span class='ocrx_word' id='word_1_109' title='bbox 1391 856 1466 879; x_wconf 88' lang='lat' dir='ltr'><strong>eum</strong></span> 
     </span>
     <span class='ocr_line' id='line_1_13' title="bbox 81 908 1466 952; baseline 0.003 -12"><span class='ocrx_word' id='word_1_110' title='bbox 81 910 199 952; x_wconf 82' lang='lat' dir='ltr'><strong>potius</strong></span> <span class='ocrx_word' id='word_1_111' title='bbox 233 909 442 944; x_wconf 85' lang='lat' dir='ltr'><strong>redundare.</strong></span> <span class='ocrx_word' id='word_1_112' title='bbox 499 909 618 945; x_wconf 89' lang='lat' dir='ltr'><strong>Motus</strong></span> <span class='ocrx_word' id='word_1_113' title='bbox 664 909 707 943; x_wconf 89' lang='lat' dir='ltr'><strong>ad</strong></span> <span class='ocrx_word' id='word_1_114' title='bbox 753 908 840 942; x_wconf 81' lang='lat' dir='ltr'><strong>haec</strong></span> <span class='ocrx_word' id='word_1_115' title='bbox 879 910 1070 952; x_wconf 88' lang='lat' dir='ltr'><strong>imperator</strong></span> <span class='ocrx_word' id='word_1_116' title='bbox 1113 912 1235 942; x_wconf 89' lang='lat' dir='ltr'><strong>contra</strong></span> <span class='ocrx_word' id='word_1_117' title='bbox 1274 908 1466 944; x_wconf 90' lang='lat' dir='ltr'><strong>Johannem</strong></span> 
     </span>
     <span class='ocr_line' id='line_1_14' title="bbox 82 973 1466 1020; baseline 0.002 -14"><span class='ocrx_word' id='word_1_118' title='bbox 82 976 263 1019; x_wconf 85' lang='lat' dir='ltr'><strong>praecepit</strong></span> <span class='ocrx_word' id='word_1_119' title='bbox 295 975 462 1020; x_wconf 77' lang='lat' dir='ltr'><strong>synodum</strong></span> <span class='ocrx_word' id='word_1_120' title='bbox 494 974 678 1010; x_wconf 84' lang='lat' dir='ltr'><strong>celebrari.</strong></span> <span class='ocrx_word' id='word_1_121' title='bbox 728 973 949 1018; x_wconf 84' lang='lat' dir='ltr'><strong>Theophilus</strong></span> <span class='ocrx_word' id='word_1_122' title='bbox 984 974 1093 1018; x_wconf 86' lang='lat' dir='ltr'><strong>igilur</strong></span> <span class='ocrx_word' id='word_1_123' title='bbox 1126 973 1251 1008; x_wconf 86' lang='lat' dir='ltr'><strong>sestine</strong></span> <span class='ocrx_word' id='word_1_124' title='bbox 1278 976 1466 1020; x_wconf 86' lang='lat' dir='ltr'><strong>episcopos</strong></span> 
     </span>
     <span class='ocr_line' id='line_1_15' title="bbox 81 1039 1464 1086; baseline 0.001 -13"><span class='ocrx_word' id='word_1_125' title='bbox 81 1040 310 1083; x_wconf 83' lang='lat' dir='ltr'><strong>convocabat,</strong></span> <span class='ocrx_word' id='word_1_126' title='bbox 335 1051 521 1086; x_wconf 82' lang='lat' dir='ltr'><strong>omnesque</strong></span> <span class='ocrx_word' id='word_1_127' title='bbox 536 1040 707 1076; x_wconf 89' lang='lat' dir='ltr'><strong>Johannis</strong></span> <span class='ocrx_word' id='word_1_128' title='bbox 734 1041 863 1074; x_wconf 88' lang='lat' dir='ltr'><strong>inimici</strong></span> <span class='ocrx_word' id='word_1_129' title='bbox 888 1039 1054 1073; x_wconf 86' lang='lat' dir='ltr'><strong>alacriter</strong></span> <span class='ocrx_word' id='word_1_130' title='bbox 1078 1039 1313 1082; x_wconf 84' lang='lat' dir='ltr'><strong>confluebant,</strong></span> <span class='ocrx_word' id='word_1_131' title='bbox 1340 1051 1464 1085; x_wconf 82' lang='lat' dir='ltr'><strong>super-</strong></span> 
     </span>
     <span class='ocr_line' id='line_1_16' title="bbox 80 1104 1465 1150; baseline 0.001 -12"><span class='ocrx_word' id='word_1_132' title='bbox 80 1104 158 1138; x_wconf 92' lang='lat' dir='ltr'><strong>bum</strong></span> <span class='ocrx_word' id='word_1_133' title='bbox 187 1109 222 1139; x_wconf 91' lang='lat' dir='ltr'><strong>et</strong></span> <span class='ocrx_word' id='word_1_134' title='bbox 244 1106 382 1150; x_wconf 76' lang='lat' dir='ltr'><strong>lmpium</strong></span> <span class='ocrx_word' id='word_1_135' title='bbox 408 1116 483 1140; x_wconf 90' lang='lat' dir='ltr'><strong>eum</strong></span> <span class='ocrx_word' id='word_1_136' title='bbox 510 1110 687 1141; x_wconf 82' lang='lat' dir='ltr'><strong>vocantes.</strong></span> <span class='ocrx_word' id='word_1_137' title='bbox 734 1105 896 1140; x_wconf 78' lang='lat' dir='ltr'><strong>Universi</strong></span> <span class='ocrx_word' id='word_1_138' title='bbox 930 1106 1038 1150; x_wconf 83' lang='lat' dir='ltr'><strong>igitur</strong></span> <span class='ocrx_word' id='word_1_139' title='bbox 1070 1106 1226 1149; x_wconf 76' lang='lat' dir='ltr'><strong>episcopi</strong></span> <span class='ocrx_word' id='word_1_140' title='bbox 1254 1106 1346 1150; x_wconf 89' lang='lat' dir='ltr'><strong>apud</strong></span> <span class='ocrx_word' id='word_1_141' title='bbox 1375 1107 1465 1140; x_wconf 74' lang='lat' dir='ltr'><strong>(Ion-</strong></span> 
     </span>
     <span class='ocr_line' id='line_1_17' title="bbox 79 1170 1466 1217; baseline 0.001 -13"><span class='ocrx_word' id='word_1_142' title='bbox 79 1171 342 1216; x_wconf 86' lang='lat' dir='ltr'><strong>stantinopolim</strong></span> <span class='ocrx_word' id='word_1_143' title='bbox 365 1172 544 1205; x_wconf 87' lang='lat' dir='ltr'><strong>constituti</strong></span> <span class='ocrx_word' id='word_1_144' title='bbox 571 1183 638 1206; x_wconf 94' lang='lat' dir='ltr'><strong>non</strong></span> <span class='ocrx_word' id='word_1_145' title='bbox 662 1172 734 1217; x_wconf 89' lang='lat' dir='ltr'><strong>jam</strong></span> <span class='ocrx_word' id='word_1_146' title='bbox 764 1171 805 1206; x_wconf 88' lang='lat' dir='ltr'><strong>de</strong></span> <span class='ocrx_word' id='word_1_147' title='bbox 831 1171 932 1205; x_wconf 88' lang='lat' dir='ltr'><strong>libris</strong></span> <span class='ocrx_word' id='word_1_148' title='bbox 961 1170 1127 1215; x_wconf 89' lang='lat' dir='ltr'><strong>Origenis</strong></span> <span class='ocrx_word' id='word_1_149' title='bbox 1152 1170 1368 1213; x_wconf 79' lang='lat' dir='ltr'><strong>tractabant,</strong></span> <span class='ocrx_word' id='word_1_150' title='bbox 1402 1172 1466 1207; x_wconf 88' lang='lat' dir='ltr'><strong>sed</strong></span> 
     </span>
     <span class='ocr_line' id='line_1_18' title="bbox 78 1235 1465 1283; baseline 0.002 -13"><span class='ocrx_word' id='word_1_151' title='bbox 78 1240 201 1271; x_wconf 85' lang='lat' dir='ltr'><strong>contra</strong></span> <span class='ocrx_word' id='word_1_152' title='bbox 224 1236 418 1272; x_wconf 85' lang='lat' dir='ltr'><strong>Johannem</strong></span> <span class='ocrx_word' id='word_1_153' title='bbox 445 1247 483 1272; x_wconf 89' lang='lat' dir='ltr'><strong>se</strong></span> <span class='ocrx_word' id='word_1_154' title='bbox 508 1238 693 1272; x_wconf 78' lang='lat' dir='ltr'><strong>manifesto</strong></span> <span class='ocrx_word' id='word_1_155' title='bbox 719 1237 917 1283; x_wconf 74' lang='lat' dir='ltr'><strong>erigebant.</strong></span> <span class='ocrx_word' id='word_1_156' title='bbox 964 1235 1146 1270; x_wconf 84' lang='lat' dir='ltr'><strong>Mittentes</strong></span> <span class='ocrx_word' id='word_1_157' title='bbox 1179 1237 1287 1281; x_wconf 88' lang='lat' dir='ltr'><strong>igitur</strong></span> <span class='ocrx_word' id='word_1_158' title='bbox 1314 1248 1376 1282; x_wconf 88' lang='lat' dir='ltr'><strong>pro</strong></span> <span class='ocrx_word' id='word_1_159' title='bbox 1402 1238 1465 1273; x_wconf 91' lang='lat' dir='ltr'><strong>Jo-</strong></span> 
     </span>
     <span class='ocr_line' id='line_1_19' title="bbox 78 1301 1466 1347; baseline 0.001 -11"><span class='ocrx_word' id='word_1_160' title='bbox 78 1301 193 1337; x_wconf 82' lang='lat' dir='ltr'><strong>banne</strong></span> <span class='ocrx_word' id='word_1_161' title='bbox 225 1303 338 1347; x_wconf 90' lang='lat' dir='ltr'><strong>ipsum</strong></span> <span class='ocrx_word' id='word_1_162' title='bbox 371 1305 578 1337; x_wconf 86' lang='lat' dir='ltr'><strong>citaverunt.</strong></span> <span class='ocrx_word' id='word_1_163' title='bbox 627 1304 693 1343; x_wconf 84' lang='lat' dir='ltr'><strong>Qui</strong></span> <span class='ocrx_word' id='word_1_164' title='bbox 726 1313 787 1337; x_wconf 89' lang='lat' dir='ltr'><strong>eos</strong></span> <span class='ocrx_word' id='word_1_165' title='bbox 814 1302 909 1337; x_wconf 86' lang='lat' dir='ltr'><strong>velut</strong></span> <span class='ocrx_word' id='word_1_166' title='bbox 939 1302 1097 1336; x_wconf 85' lang='lat' dir='ltr'><strong>inimicos</strong></span> <span class='ocrx_word' id='word_1_167' title='bbox 1126 1303 1236 1336; x_wconf 84' lang='lat' dir='ltr'><strong>vitare</strong></span> <span class='ocrx_word' id='word_1_168' title='bbox 1261 1304 1397 1337; x_wconf 88' lang='lat' dir='ltr'><strong>censuit</strong></span> <span class='ocrx_word' id='word_1_169' title='bbox 1423 1314 1466 1338; x_wconf 83' lang='lat' dir='ltr'><strong>ac</strong></span> 
     </span>
     <span class='ocr_line' id='line_1_20' title="bbox 78 1368 1464 1413; baseline 0.001 -11"><span class='ocrx_word' id='word_1_170' title='bbox 78 1369 311 1403; x_wconf 83' lang='lat' dir='ltr'><strong>universalem</strong></span> <span class='ocrx_word' id='word_1_171' title='bbox 337 1368 502 1413; x_wconf 67' lang='lat' dir='ltr'><strong>synodum</strong></span> <span class='ocrx_word' id='word_1_172' title='bbox 529 1368 602 1402; x_wconf 81' lang='lat' dir='ltr'><strong>sieri</strong></span> <span class='ocrx_word' id='word_1_173' title='bbox 628 1368 877 1412; x_wconf 86' lang='lat' dir='ltr'><strong>proclamavit,</strong></span> <span class='ocrx_word' id='word_1_174' title='bbox 910 1368 961 1401; x_wconf 86' lang='lat' dir='ltr'><strong>illi</strong></span> <span class='ocrx_word' id='word_1_175' title='bbox 989 1379 1071 1402; x_wconf 86' lang='lat' dir='ltr'><strong>vero</strong></span> <span class='ocrx_word' id='word_1_176' title='bbox 1101 1372 1226 1413; x_wconf 88' lang='lat' dir='ltr'><strong>quater</strong></span> <span class='ocrx_word' id='word_1_177' title='bbox 1249 1379 1324 1402; x_wconf 87' lang='lat' dir='ltr'><strong>eum</strong></span> <span class='ocrx_word' id='word_1_178' title='bbox 1350 1368 1464 1404; x_wconf 86' lang='lat' dir='ltr'><strong>denuo</strong></span> 
     </span>
     <span class='ocr_line' id='line_1_21' title="bbox 78 1433 1464 1479; baseline 0.001 -12"><span class='ocrx_word' id='word_1_179' title='bbox 78 1434 352 1468; x_wconf 88' lang='lat' dir='ltr'><strong>concitaverunt.</strong></span> <span class='ocrx_word' id='word_1_180' title='bbox 401 1433 467 1474; x_wconf 85' lang='lat' dir='ltr'><strong>Qui</strong></span> <span class='ocrx_word' id='word_1_181' title='bbox 490 1444 562 1467; x_wconf 86' lang='lat' dir='ltr'><strong>cum</strong></span> <span class='ocrx_word' id='word_1_182' title='bbox 591 1444 653 1468; x_wconf 88' lang='lat' dir='ltr'><strong>eos</strong></span> <span class='ocrx_word' id='word_1_183' title='bbox 683 1434 862 1479; x_wconf 81' lang='lat' dir='ltr'><strong>resugeret</strong></span> <span class='ocrx_word' id='word_1_184' title='bbox 888 1438 922 1468; x_wconf 88' lang='lat' dir='ltr'><strong>et</strong></span> <span class='ocrx_word' id='word_1_185' title='bbox 938 1433 1105 1479; x_wconf 63' lang='lat' dir='ltr'><strong>synodum</strong></span> <span class='ocrx_word' id='word_1_186' title='bbox 1126 1433 1201 1467; x_wconf 84' lang='lat' dir='ltr'><strong>lieri</strong></span> <span class='ocrx_word' id='word_1_187' title='bbox 1219 1434 1464 1478; x_wconf 70' lang='lat' dir='ltr'><strong>proclamaret,</strong></span> 
     </span>
     <span class='ocr_line' id='line_1_22' title="bbox 79 1488 1465 1544; baseline 0.001 -12"><span class='ocrx_word' id='word_1_188' title='bbox 79 1498 331 1534; x_wconf 80' lang='lat' dir='ltr'><strong>damnaverunt</strong></span> <span class='ocrx_word' id='word_1_189' title='bbox 357 1510 432 1534; x_wconf 89' lang='lat' dir='ltr'><strong>eum</strong></span> <span class='ocrx_word' id='word_1_190' title='bbox 457 1500 492 1532; x_wconf 90' lang='lat' dir='ltr'><strong>in</strong></span> <span class='ocrx_word' id='word_1_191' title='bbox 517 1498 610 1532; x_wconf 86' lang='lat' dir='ltr'><strong>nullo</strong></span> <span class='ocrx_word' id='word_1_192' title='bbox 637 1510 712 1533; x_wconf 91' lang='lat' dir='ltr'><strong>eum</strong></span> <span class='ocrx_word' id='word_1_193' title='bbox 740 1499 938 1543; x_wconf 85' lang='lat' dir='ltr'><strong>culpantes,</strong></span> <span class='ocrx_word' id='word_1_194' title='bbox 971 1501 1039 1533; x_wconf 82' lang='lat' dir='ltr'><strong>ulsi</strong></span> <span class='ocrx_word' id='word_1_195' title='bbox 1064 1499 1155 1544; x_wconf 86' lang='lat' dir='ltr'><strong>quod</strong></span> <span class='ocrx_word' id='word_1_196' title='bbox 1182 1503 1328 1532; x_wconf 83' lang='lat' dir='ltr'><strong>vocatus</strong></span> <span class='ocrx_word' id='word_1_197' title='bbox 1353 1488 1465 1534; x_wconf 86' lang='lat' dir='ltr'><strong>noluit</strong></span> 
     </span>
     <span class='ocr_line' id='line_1_23' title="bbox 78 1563 1464 1610; baseline 0.001 -12"><span class='ocrx_word' id='word_1_198' title='bbox 78 1563 235 1600; x_wconf 91' lang='lat' dir='ltr'><strong>obedire.</strong></span> <span class='ocrx_word' id='word_1_199' title='bbox 285 1564 385 1605; x_wconf 88' lang='lat' dir='ltr'><strong>Quod</strong></span> <span class='ocrx_word' id='word_1_200' title='bbox 422 1564 572 1610; x_wconf 91' lang='lat' dir='ltr'><strong>populus</strong></span> <span class='ocrx_word' id='word_1_201' title='bbox 606 1564 751 1598; x_wconf 90' lang='lat' dir='ltr'><strong>audiens</strong></span> <span class='ocrx_word' id='word_1_202' title='bbox 789 1565 833 1598; x_wconf 91' lang='lat' dir='ltr'><strong>ad</strong></span> <span class='ocrx_word' id='word_1_203' title='bbox 865 1565 1060 1599; x_wconf 84' lang='lat' dir='ltr'><strong>seditiones</strong></span> <span class='ocrx_word' id='word_1_204' title='bbox 1097 1565 1266 1598; x_wconf 80' lang='lat' dir='ltr'><strong>maximas</strong></span> <span class='ocrx_word' id='word_1_205' title='bbox 1292 1566 1464 1599; x_wconf 79' lang='lat' dir='ltr'><strong>excitatur</strong></span> 
     </span>
     <span class='ocr_line' id='line_1_24' title="bbox 80 1629 1462 1675; baseline 0.001 -11"><span class='ocrx_word' id='word_1_206' title='bbox 80 1633 114 1664; x_wconf 86' lang='lat' dir='ltr'><strong>et</strong></span> <span class='ocrx_word' id='word_1_207' title='bbox 146 1641 222 1664; x_wconf 89' lang='lat' dir='ltr'><strong>cum</strong></span> <span class='ocrx_word' id='word_1_208' title='bbox 253 1631 348 1665; x_wconf 88' lang='lat' dir='ltr'><strong>trahi</strong></span> <span class='ocrx_word' id='word_1_209' title='bbox 381 1631 426 1665; x_wconf 86' lang='lat' dir='ltr'><strong>ab</strong></span> <span class='ocrx_word' id='word_1_210' title='bbox 462 1630 615 1666; x_wconf 84' lang='lat' dir='ltr'><strong>ecclesia</strong></span> <span class='ocrx_word' id='word_1_211' title='bbox 646 1641 714 1664; x_wconf 93' lang='lat' dir='ltr'><strong>non</strong></span> <span class='ocrx_word' id='word_1_212' title='bbox 750 1630 908 1672; x_wconf 85' lang='lat' dir='ltr'><strong>sinebat,</strong></span> <span class='ocrx_word' id='word_1_213' title='bbox 941 1629 1003 1664; x_wconf 90' lang='lat' dir='ltr'><strong>sed</strong></span> <span class='ocrx_word' id='word_1_214' title='bbox 1034 1633 1071 1663; x_wconf 91' lang='lat' dir='ltr'><strong>ut</strong></span> <span class='ocrx_word' id='word_1_215' title='bbox 1106 1629 1171 1663; x_wconf 89' lang='lat' dir='ltr'><strong>hoc</strong></span> <span class='ocrx_word' id='word_1_216' title='bbox 1195 1629 1239 1663; x_wconf 89' lang='lat' dir='ltr'><strong>ad</strong></span> <span class='ocrx_word' id='word_1_217' title='bbox 1265 1631 1379 1675; x_wconf 76' lang='lat' dir='ltr'><strong>maJus</strong></span> <span class='ocrx_word' id='word_1_218' title='bbox 1405 1641 1462 1665; x_wconf 90' lang='lat' dir='ltr'><strong>rc-</strong></span> 
     </span>
     <span class='ocr_line' id='line_1_25' title="bbox 78 1694 1464 1741; baseline 0 -12"><span class='ocrx_word' id='word_1_219' title='bbox 78 1694 230 1730; x_wconf 81' lang='lat' dir='ltr'><strong>ferretur</strong></span> <span class='ocrx_word' id='word_1_220' title='bbox 244 1697 439 1738; x_wconf 88' lang='lat' dir='ltr'><strong>consilium,</strong></span> <span class='ocrx_word' id='word_1_221' title='bbox 466 1696 716 1741; x_wconf 87' lang='lat' dir='ltr'><strong>proclamabat.</strong></span> <span class='ocrx_word' id='word_1_222' title='bbox 763 1696 883 1732; x_wconf 86' lang='lat' dir='ltr'><strong>Jussio</strong></span> <span class='ocrx_word' id='word_1_223' title='bbox 900 1700 1013 1730; x_wconf 87' lang='lat' dir='ltr'><strong>autem</strong></span> <span class='ocrx_word' id='word_1_224' title='bbox 1034 1697 1202 1741; x_wconf 86' lang='lat' dir='ltr'><strong>principis</strong></span> <span class='ocrx_word' id='word_1_225' title='bbox 1230 1695 1464 1740; x_wconf 87' lang='lat' dir='ltr'><strong>compellebat</strong></span> 
     </span>
     <span class='ocr_line' id='line_1_26' title="bbox 78 1761 1463 1807; baseline 0 -12"><span class='ocrx_word' id='word_1_226' title='bbox 78 1771 153 1795; x_wconf 84' lang='lat' dir='ltr'><strong>eum</strong></span> <span class='ocrx_word' id='word_1_227' title='bbox 181 1761 350 1798; x_wconf 85' lang='lat' dir='ltr'><strong>velociter</strong></span> <span class='ocrx_word' id='word_1_228' title='bbox 374 1763 453 1807; x_wconf 80' lang='lat' dir='ltr'><strong>ejici</strong></span> <span class='ocrx_word' id='word_1_229' title='bbox 481 1766 516 1796; x_wconf 88' lang='lat' dir='ltr'><strong>et</strong></span> <span class='ocrx_word' id='word_1_230' title='bbox 540 1763 574 1796; x_wconf 91' lang='lat' dir='ltr'><strong>in</strong></span> <span class='ocrx_word' id='word_1_231' title='bbox 594 1763 754 1796; x_wconf 86' lang='lat' dir='ltr'><strong>exsilium</strong></span> <span class='ocrx_word' id='word_1_232' title='bbox 775 1761 967 1806; x_wconf 88' lang='lat' dir='ltr'><strong>deportari,</strong></span> <span class='ocrx_word' id='word_1_233' title='bbox 992 1761 1172 1797; x_wconf 91' lang='lat' dir='ltr'><strong>Johannes</strong></span> <span class='ocrx_word' id='word_1_234' title='bbox 1193 1765 1307 1795; x_wconf 86' lang='lat' dir='ltr'><strong>autem</strong></span> <span class='ocrx_word' id='word_1_235' title='bbox 1324 1763 1463 1804; x_wconf 78' lang='lat' dir='ltr'><strong>timens,</strong></span> 
     </span>
     <span class='ocr_line' id='line_1_27' title="bbox 76 1827 1462 1872; baseline 0 -11"><span class='ocrx_word' id='word_1_236' title='bbox 76 1837 121 1862; x_wconf 85' lang='lat' dir='ltr'><strong>ne</strong></span> <span class='ocrx_word' id='word_1_237' title='bbox 153 1829 187 1861; x_wconf 92' lang='lat' dir='ltr'><strong>in</strong></span> <span class='ocrx_word' id='word_1_238' title='bbox 225 1828 353 1872; x_wconf 90' lang='lat' dir='ltr'><strong>populo</strong></span> <span class='ocrx_word' id='word_1_239' title='bbox 389 1828 517 1863; x_wconf 89' lang='lat' dir='ltr'><strong>seditio</strong></span> <span class='ocrx_word' id='word_1_240' title='bbox 552 1829 721 1870; x_wconf 89' lang='lat' dir='ltr'><strong>oriretur,</strong></span> <span class='ocrx_word' id='word_1_241' title='bbox 758 1829 936 1862; x_wconf 86' lang='lat' dir='ltr'><strong>nesciente</strong></span> <span class='ocrx_word' id='word_1_242' title='bbox 961 1827 1091 1872; x_wconf 89' lang='lat' dir='ltr'><strong>populo</strong></span> <span class='ocrx_word' id='word_1_243' title='bbox 1118 1830 1229 1861; x_wconf 87' lang='lat' dir='ltr'><strong>semet</strong></span> <span class='ocrx_word' id='word_1_244' title='bbox 1252 1828 1364 1871; x_wconf 88' lang='lat' dir='ltr'><strong>ipsum</strong></span> <span class='ocrx_word' id='word_1_245' title='bbox 1389 1831 1462 1861; x_wconf 85' lang='lat' dir='ltr'><strong>tra-</strong></span> 
     </span>
     <span class='ocr_line' id='line_1_28' title="bbox 78 1892 1462 1938; baseline 0 -12"><span class='ocrx_word' id='word_1_246' title='bbox 78 1892 168 1927; x_wconf 87' lang='lat' dir='ltr'><strong>didit</strong></span> <span class='ocrx_word' id='word_1_247' title='bbox 193 1894 226 1928; x_wconf 92' lang='lat' dir='ltr'><strong>in</strong></span> <span class='ocrx_word' id='word_1_248' title='bbox 253 1894 413 1929; x_wconf 84' lang='lat' dir='ltr'><strong>exsilium</strong></span> <span class='ocrx_word' id='word_1_249' title='bbox 439 1893 677 1929; x_wconf 83' lang='lat' dir='ltr'><strong>deserendum.</strong></span> <span class='ocrx_word' id='word_1_250' title='bbox 728 1893 825 1933; x_wconf 84' lang='lat' dir='ltr'><strong>Quod</strong></span> <span class='ocrx_word' id='word_1_251' title='bbox 852 1903 926 1927; x_wconf 89' lang='lat' dir='ltr'><strong>cum</strong></span> <span class='ocrx_word' id='word_1_252' title='bbox 952 1893 1102 1937; x_wconf 90' lang='lat' dir='ltr'><strong>populus</strong></span> <span class='ocrx_word' id='word_1_253' title='bbox 1128 1893 1370 1938; x_wconf 83' lang='lat' dir='ltr'><strong>cognovisset,</strong></span> <span class='ocrx_word' id='word_1_254' title='bbox 1398 1894 1462 1926; x_wconf 93' lang='lat' dir='ltr'><strong>im-</strong></span> 
     </span>
     <span class='ocr_line' id='line_1_29' title="bbox 78 1957 1464 2002; baseline 0.001 -12"><span class='ocrx_word' id='word_1_255' title='bbox 78 1957 263 2000; x_wconf 86' lang='lat' dir='ltr'><strong>portabilis</strong></span> <span class='ocrx_word' id='word_1_256' title='bbox 287 1959 413 1994; x_wconf 87' lang='lat' dir='ltr'><strong>seditio</strong></span> <span class='ocrx_word' id='word_1_257' title='bbox 440 1963 493 1993; x_wconf 89' lang='lat' dir='ltr'><strong>est</strong></span> <span class='ocrx_word' id='word_1_258' title='bbox 518 1964 663 2001; x_wconf 82' lang='lat' dir='ltr'><strong>exorta,</strong></span> <span class='ocrx_word' id='word_1_259' title='bbox 688 1960 738 1993; x_wconf 88' lang='lat' dir='ltr'><strong>ita</strong></span> <span class='ocrx_word' id='word_1_260' title='bbox 762 1963 799 1993; x_wconf 88' lang='lat' dir='ltr'><strong>ut</strong></span> <span class='ocrx_word' id='word_1_261' title='bbox 824 1960 926 1994; x_wconf 84' lang='lat' dir='ltr'><strong>etiam</strong></span> <span class='ocrx_word' id='word_1_262' title='bbox 953 1958 1050 1992; x_wconf 87' lang='lat' dir='ltr'><strong>multi</strong></span> <span class='ocrx_word' id='word_1_263' title='bbox 1077 1959 1292 1991; x_wconf 90' lang='lat' dir='ltr'><strong>inimicorum</strong></span> <span class='ocrx_word' id='word_1_264' title='bbox 1319 1959 1395 2002; x_wconf 78' lang='lat' dir='ltr'><strong>eJus</strong></span> <span class='ocrx_word' id='word_1_265' title='bbox 1419 1958 1464 1992; x_wconf 89' lang='lat' dir='ltr'><strong>ad</strong></span> 
     </span>
     <span class='ocr_line' id='line_1_30' title="bbox 78 2022 1464 2067; baseline 0 -12"><span class='ocrx_word' id='word_1_266' title='bbox 78 2022 350 2056; x_wconf 86' lang='lat' dir='ltr'><strong>misericordiam</strong></span> <span class='ocrx_word' id='word_1_267' title='bbox 378 2028 618 2066; x_wconf 87' lang='lat' dir='ltr'><strong>moverentur,</strong></span> <span class='ocrx_word' id='word_1_268' title='bbox 652 2024 806 2058; x_wconf 87' lang='lat' dir='ltr'><strong>dicentes</strong></span> <span class='ocrx_word' id='word_1_269' title='bbox 836 2034 911 2058; x_wconf 90' lang='lat' dir='ltr'><strong>eum</strong></span> <span class='ocrx_word' id='word_1_270' title='bbox 936 2023 1140 2057; x_wconf 87' lang='lat' dir='ltr'><strong>calumniam</strong></span> <span class='ocrx_word' id='word_1_271' title='bbox 1168 2032 1331 2066; x_wconf 85' lang='lat' dir='ltr'><strong>passum,</strong></span> <span class='ocrx_word' id='word_1_272' title='bbox 1364 2034 1464 2067; x_wconf 86' lang='lat' dir='ltr'><strong>quem</strong></span> 
     </span>
     <span class='ocr_line' id='line_1_31' title="bbox 78 2086 1464 2132; baseline 0 -11"><span class='ocrx_word' id='word_1_273' title='bbox 78 2087 183 2132; x_wconf 87' lang='lat' dir='ltr'><strong>paulo</strong></span> <span class='ocrx_word' id='word_1_274' title='bbox 217 2090 296 2120; x_wconf 88' lang='lat' dir='ltr'><strong>ante</strong></span> <span class='ocrx_word' id='word_1_275' title='bbox 330 2086 580 2121; x_wconf 86' lang='lat' dir='ltr'><strong>desiderabant</strong></span> <span class='ocrx_word' id='word_1_276' title='bbox 610 2088 729 2122; x_wconf 88' lang='lat' dir='ltr'><strong>videre</strong></span> <span class='ocrx_word' id='word_1_277' title='bbox 756 2087 964 2131; x_wconf 88' lang='lat' dir='ltr'><strong>depositum.</strong></span> <span class='ocrx_word' id='word_1_278' title='bbox 1014 2087 1225 2120; x_wconf 81' lang='lat' dir='ltr'><strong>Severianus</strong></span> <span class='ocrx_word' id='word_1_279' title='bbox 1248 2091 1382 2129; x_wconf 87' lang='lat' dir='ltr'><strong>autem,</strong></span> <span class='ocrx_word' id='word_1_280' title='bbox 1420 2086 1464 2122; x_wconf 91' lang='lat' dir='ltr'><strong>de</strong></span> 
     </span>
     <span class='ocr_line' id='line_1_32' title="bbox 79 2150 1465 2199; baseline 0 -13"><span class='ocrx_word' id='word_1_281' title='bbox 79 2163 147 2199; x_wconf 88' lang='lat' dir='ltr'><strong>quo</strong></span> <span class='ocrx_word' id='word_1_282' title='bbox 173 2162 280 2197; x_wconf 87' lang='lat' dir='ltr'><strong>supra</strong></span> <span class='ocrx_word' id='word_1_283' title='bbox 303 2162 418 2186; x_wconf 89' lang='lat' dir='ltr'><strong>sermo</strong></span> <span class='ocrx_word' id='word_1_284' title='bbox 444 2151 585 2185; x_wconf 85' lang='lat' dir='ltr'><strong>habitus</strong></span> <span class='ocrx_word' id='word_1_285' title='bbox 612 2156 676 2194; x_wconf 90' lang='lat' dir='ltr'><strong>est,</strong></span> <span class='ocrx_word' id='word_1_286' title='bbox 702 2154 736 2185; x_wconf 88' lang='lat' dir='ltr'><strong>in</strong></span> <span class='ocrx_word' id='word_1_287' title='bbox 763 2152 912 2186; x_wconf 84' lang='lat' dir='ltr'><strong>ecclesia</strong></span> <span class='ocrx_word' id='word_1_288' title='bbox 937 2150 1066 2185; x_wconf 89' lang='lat' dir='ltr'><strong>docens</strong></span> <span class='ocrx_word' id='word_1_289' title='bbox 1084 2150 1235 2186; x_wconf 87' lang='lat' dir='ltr'><strong>Johanni</strong></span> <span class='ocrx_word' id='word_1_290' title='bbox 1256 2151 1465 2186; x_wconf 80' lang='lat' dir='ltr'><strong>detrahebat</strong></span> 
     </span>
     <span class='ocr_line' id='line_1_33' title="bbox 78 2216 1463 2262; baseline -0.001 -9"><span class='ocrx_word' id='word_1_291' title='bbox 78 2218 221 2253; x_wconf 86' lang='lat' dir='ltr'><strong>dicens:</strong></span> <span class='ocrx_word' id='word_1_292' title='bbox 247 2219 315 2252; x_wconf 90' lang='lat' dir='ltr'><strong>etsi</strong></span> <span class='ocrx_word' id='word_1_293' title='bbox 338 2217 468 2251; x_wconf 88' lang='lat' dir='ltr'><strong>nullum</strong></span> <span class='ocrx_word' id='word_1_294' title='bbox 493 2217 589 2251; x_wconf 87' lang='lat' dir='ltr'><strong>aliud</strong></span> <span class='ocrx_word' id='word_1_295' title='bbox 614 2219 742 2252; x_wconf 87' lang='lat' dir='ltr'><strong>crimen</strong></span> <span class='ocrx_word' id='word_1_296' title='bbox 769 2217 937 2258; x_wconf 86' lang='lat' dir='ltr'><strong>haberet,</strong></span> <span class='ocrx_word' id='word_1_297' title='bbox 965 2218 1042 2262; x_wconf 89' lang='lat' dir='ltr'><strong>ejus</strong></span> <span class='ocrx_word' id='word_1_298' title='bbox 1067 2220 1181 2251; x_wconf 88' lang='lat' dir='ltr'><strong>tamen</strong></span> <span class='ocrx_word' id='word_1_299' title='bbox 1207 2216 1374 2261; x_wconf 89' lang='lat' dir='ltr'><strong>superbia</strong></span> <span class='ocrx_word' id='word_1_300' title='bbox 1402 2216 1463 2252; x_wconf 63' lang='lat' dir='ltr'><strong>dc&lt;</strong></span> 
     </span>
     <span class='ocr_line' id='line_1_34' title="bbox 77 2281 1462 2328; baseline -0.001 -11"><span class='ocrx_word' id='word_1_301' title='bbox 77 2284 264 2328; x_wconf 85' lang='lat' dir='ltr'><strong>positionis</strong></span> <span class='ocrx_word' id='word_1_302' title='bbox 289 2283 365 2328; x_wconf 89' lang='lat' dir='ltr'><strong>ejus</strong></span> <span class='ocrx_word' id='word_1_303' title='bbox 392 2292 500 2317; x_wconf 86' lang='lat' dir='ltr'><strong>causa</strong></span> <span class='ocrx_word' id='word_1_304' title='bbox 525 2282 701 2317; x_wconf 74' lang='lat' dir='ltr'><strong>sufficiens</strong></span> <span class='ocrx_word' id='word_1_305' title='bbox 727 2293 805 2317; x_wconf 87' lang='lat' dir='ltr'><strong>csse</strong></span> <span class='ocrx_word' id='word_1_306' title='bbox 830 2286 961 2327; x_wconf 89' lang='lat' dir='ltr'><strong>posset.</strong></span> <span class='ocrx_word' id='word_1_307' title='bbox 1012 2281 1098 2317; x_wconf 88' lang='lat' dir='ltr'><strong>Orta</strong></span> <span class='ocrx_word' id='word_1_308' title='bbox 1123 2283 1232 2327; x_wconf 83' lang='lat' dir='ltr'><strong>igitur</strong></span> <span class='ocrx_word' id='word_1_309' title='bbox 1252 2287 1374 2316; x_wconf 89' lang='lat' dir='ltr'><strong>contra</strong></span> <span class='ocrx_word' id='word_1_310' title='bbox 1399 2284 1462 2316; x_wconf 91' lang='lat' dir='ltr'><strong>im-</strong></span> 
     </span>
     <span class='ocr_line' id='line_1_35' title="bbox 77 2347 1465 2394; baseline -0.001 -12"><span class='ocrx_word' id='word_1_311' title='bbox 77 2352 275 2393; x_wconf 86' lang='lat' dir='ltr'><strong>peratorem</strong></span> <span class='ocrx_word' id='word_1_312' title='bbox 311 2352 346 2382; x_wconf 91' lang='lat' dir='ltr'><strong>et</strong></span> <span class='ocrx_word' id='word_1_313' title='bbox 385 2349 574 2394; x_wconf 85' lang='lat' dir='ltr'><strong>episcopos</strong></span> <span class='ocrx_word' id='word_1_314' title='bbox 608 2349 774 2382; x_wconf 88' lang='lat' dir='ltr'><strong>immensa</strong></span> <span class='ocrx_word' id='word_1_315' title='bbox 810 2348 984 2383; x_wconf 88' lang='lat' dir='ltr'><strong>seditione</strong></span> <span class='ocrx_word' id='word_1_316' title='bbox 1026 2349 1060 2381; x_wconf 89' lang='lat' dir='ltr'><strong>in</strong></span> <span class='ocrx_word' id='word_1_317' title='bbox 1101 2347 1251 2392; x_wconf 65' lang='lat' dir='ltr'><strong>popum,</strong></span> <span class='ocrx_word' id='word_1_318' title='bbox 1301 2347 1465 2392; x_wconf 79' lang='lat' dir='ltr'><strong>Augusta</strong></span> 
     </span>
     <span class='ocr_line' id='line_1_36' title="bbox 77 2411 1462 2458; baseline -0.001 -10"><span class='ocrx_word' id='word_1_319' title='bbox 77 2415 324 2458; x_wconf 83' lang='lat' dir='ltr'><strong>imperatorem</strong></span> <span class='ocrx_word' id='word_1_320' title='bbox 369 2415 530 2458; x_wconf 82' lang='lat' dir='ltr'><strong>rogavit,</strong></span> <span class='ocrx_word' id='word_1_321' title='bbox 581 2418 619 2447; x_wconf 89' lang='lat' dir='ltr'><strong>ut</strong></span> <span class='ocrx_word' id='word_1_322' title='bbox 662 2413 854 2448; x_wconf 87' lang='lat' dir='ltr'><strong>Johannem</strong></span> <span class='ocrx_word' id='word_1_323' title='bbox 900 2413 944 2446; x_wconf 88' lang='lat' dir='ltr'><strong>de</strong></span> <span class='ocrx_word' id='word_1_324' title='bbox 989 2412 1115 2446; x_wconf 81' lang='lat' dir='ltr'><strong>exsilio</strong></span> <span class='ocrx_word' id='word_1_325' title='bbox 1162 2411 1279 2446; x_wconf 88' lang='lat' dir='ltr'><strong>reduci</strong></span> <span class='ocrx_word' id='word_1_326' title='bbox 1318 2412 1462 2447; x_wconf 79' lang='lat' dir='ltr'><strong>Iaceret.</strong></span> 
     </span>
     <span class='ocr_line' id='line_1_37' title="bbox 78 2475 1462 2523; baseline -0.002 -9"><span class='ocrx_word' id='word_1_327' title='bbox 78 2479 215 2514; x_wconf 86' lang='lat' dir='ltr'><strong>Terrae</strong></span> <span class='ocrx_word' id='word_1_328' title='bbox 240 2482 352 2513; x_wconf 88' lang='lat' dir='ltr'><strong>motus</strong></span> <span class='ocrx_word' id='word_1_329' title='bbox 381 2488 519 2523; x_wconf 89' lang='lat' dir='ltr'><strong>quoque</strong></span> <span class='ocrx_word' id='word_1_330' title='bbox 547 2480 714 2512; x_wconf 88' lang='lat' dir='ltr'><strong>maximus</strong></span> <span class='ocrx_word' id='word_1_331' title='bbox 735 2480 910 2512; x_wconf 84' lang='lat' dir='ltr'><strong>civitatem</strong></span> <span class='ocrx_word' id='word_1_332' title='bbox 937 2478 1066 2512; x_wconf 90' lang='lat' dir='ltr'><strong>invasit</strong></span> <span class='ocrx_word' id='word_1_333' title='bbox 1093 2475 1290 2511; x_wconf 88' lang='lat' dir='ltr'><strong>dicentibus</strong></span> <span class='ocrx_word' id='word_1_334' title='bbox 1317 2478 1462 2519; x_wconf 78' lang='lat' dir='ltr'><strong>cunetis,</strong></span> 
     </span>
     <span class='ocr_line' id='line_1_38' title="bbox 78 2540 1465 2589; baseline -0.001 -10"><span class='ocrx_word' id='word_1_335' title='bbox 78 2543 144 2580; x_wconf 88' lang='lat' dir='ltr'><strong>hoc</strong></span> <span class='ocrx_word' id='word_1_336' title='bbox 178 2544 338 2579; x_wconf 86' lang='lat' dir='ltr'><strong>accidere</strong></span> <span class='ocrx_word' id='word_1_337' title='bbox 376 2548 521 2589; x_wconf 85' lang='lat' dir='ltr'><strong>propter</strong></span> <span class='ocrx_word' id='word_1_338' title='bbox 556 2544 720 2588; x_wconf 88' lang='lat' dir='ltr'><strong>injustam</strong></span> <span class='ocrx_word' id='word_1_339' title='bbox 751 2544 957 2587; x_wconf 68' lang='lat' dir='ltr'><strong>eiectionem</strong></span> <span class='ocrx_word' id='word_1_340' title='bbox 993 2541 1174 2579; x_wconf 87' lang='lat' dir='ltr'><strong>Johannis.</strong></span> <span class='ocrx_word' id='word_1_341' title='bbox 1222 2540 1324 2575; x_wconf 85' lang='lat' dir='ltr'><strong>Missi</strong></span> <span class='ocrx_word' id='word_1_342' title='bbox 1356 2542 1465 2587; x_wconf 87' lang='lat' dir='ltr'><strong>igitur</strong></span> 
     </span>
     <span class='ocr_line' id='line_1_39' title="bbox 79 2606 1464 2655; baseline -0.001 -12"><span class='ocrx_word' id='word_1_343' title='bbox 79 2613 159 2643; x_wconf 89' lang='lat' dir='ltr'><strong>sunt</strong></span> <span class='ocrx_word' id='word_1_344' title='bbox 181 2609 293 2655; x_wconf 85' lang='lat' dir='ltr'><strong>legati</strong></span> <span class='ocrx_word' id='word_1_345' title='bbox 319 2609 364 2643; x_wconf 87' lang='lat' dir='ltr'><strong>ad</strong></span> <span class='ocrx_word' id='word_1_346' title='bbox 387 2608 580 2646; x_wconf 84' lang='lat' dir='ltr'><strong>Johannem</strong></span> <span class='ocrx_word' id='word_1_347' title='bbox 605 2611 786 2654; x_wconf 84' lang='lat' dir='ltr'><strong>rogantes,</strong></span> <span class='ocrx_word' id='word_1_348' title='bbox 812 2612 850 2642; x_wconf 89' lang='lat' dir='ltr'><strong>ut</strong></span> <span class='ocrx_word' id='word_1_349' title='bbox 865 2609 933 2642; x_wconf 88' lang='lat' dir='ltr'><strong>cito</strong></span> <span class='ocrx_word' id='word_1_350' title='bbox 951 2606 1084 2641; x_wconf 87' lang='lat' dir='ltr'><strong>rediret</strong></span> <span class='ocrx_word' id='word_1_351' title='bbox 1104 2609 1138 2641; x_wconf 83' lang='lat' dir='ltr'><strong>et</strong></span> <span class='ocrx_word' id='word_1_352' title='bbox 1157 2607 1288 2641; x_wconf 88' lang='lat' dir='ltr'><strong>civitati</strong></span> <span class='ocrx_word' id='word_1_353' title='bbox 1304 2609 1464 2651; x_wconf 87' lang='lat' dir='ltr'><strong>pereunti</strong></span> 
     </span>
     <span class='ocr_line' id='line_1_40' title="bbox 79 2671 1462 2718; baseline -0.002 -8"><span class='ocrx_word' id='word_1_354' title='bbox 79 2674 153 2710; x_wconf 85' lang='lat' dir='ltr'><strong>suis</strong></span> <span class='ocrx_word' id='word_1_355' title='bbox 169 2674 388 2710; x_wconf 81' lang='lat' dir='ltr'><strong>orationibus</strong></span> <span class='ocrx_word' id='word_1_356' title='bbox 405 2674 608 2709; x_wconf 81' lang='lat' dir='ltr'><strong>subveniret</strong></span> <span class='ocrx_word' id='word_1_357' title='bbox 628 2678 661 2708; x_wconf 91' lang='lat' dir='ltr'><strong>et</strong></span> <span class='ocrx_word' id='word_1_358' title='bbox 681 2674 714 2707; x_wconf 90' lang='lat' dir='ltr'><strong>in</strong></span> <span class='ocrx_word' id='word_1_359' title='bbox 733 2673 863 2718; x_wconf 83' lang='lat' dir='ltr'><strong>populo</strong></span> <span class='ocrx_word' id='word_1_360' title='bbox 882 2672 1089 2707; x_wconf 80' lang='lat' dir='ltr'><strong>seditionem</strong></span> <span class='ocrx_word' id='word_1_361' title='bbox 1107 2672 1292 2708; x_wconf 83' lang='lat' dir='ltr'><strong>excitatam</strong></span> <span class='ocrx_word' id='word_1_362' title='bbox 1309 2671 1462 2707; x_wconf 85' lang='lat' dir='ltr'><strong>sedaret.</strong></span> 
     </span>
    </p>
   </div>
  </div>
 </body>
</html>
