1742 3005
372 96 466 146 Cap.
498 95 599 133 XXI.
660 96 717 133 De
749 101 876 133 saneto
909 94 1084 132 Antonio.
1341 98 1416 135 105

37 202 146 236 tii-ium
175 211 241 235 non
265 199 416 237 daretur.
448 222 489 227 -—
515 205 555 240 2.
584 202 665 237 Cum
691 204 803 235 autem
831 202 863 234 in
889 201 1033 236 alteram
1063 211 1210 236 eremum
1237 207 1412 248 pergeret.

35 269 235 313 argenteum
260 266 389 302 discum
416 269 545 313 reperit
573 271 606 302 et
628 269 719 302 intra
745 277 782 301 se
808 268 856 302 sic
884 266 999 301 dicere
1024 268 1157 312 coepit:
1184 266 1343 302 undehie
1359 278 1408 302 ar

35 335 181 377 genteus
215 330 349 375 discus,
399 332 456 367 ubi
493 331 664 367 hominum
703 334 853 380 vestigia
889 332 983 366 nulla
1010 332 1194 368 videntur?
1268 333 1303 367 Si
1330 335 1416 368 enim

34 397 160 431 viatori
192 397 395 441 cecidisset,
442 399 562 444 utique
595 408 679 444 prae
712 401 764 433 sui
793 398 1030 445 magnitudine
1055 398 1164 433 latere
1191 410 1258 433 non
1286 403 1417 444 posset.

36 461 127 506 Hoc,
165 462 312 509 dyabole
328 491 336 507 ,
370 464 550 498 artificium
574 467 667 498 tuum
693 468 766 506 est,
818 463 1031 497 voluntatem
1056 466 1170 498 tamen
1197 475 1306 500 meam
1332 477 1417 500 nun-

37 538 137 575 quam
170 529 302 575 poteris
336 531 536 572 immutare,
587 532 623 564 et
647 528 712 564 hoc
737 528 876 572 dicenS,
928 527 1043 562 discus
1069 532 1105 562 ut
1130 528 1240 563 fumus
1267 533 1417 566 evanuit.

36 595 255 631 Postmodum
279 596 454 641 ingentem
479 604 628 629 massam
659 596 732 630 veri
759 595 835 629 auri
860 594 1011 639 reperit,
1060 593 1122 629 sed
1160 598 1196 628 ut
1227 595 1419 630 incendium

38 671 156 696 aurum
182 660 283 707 sugit,
306 662 425 706 sicque
451 659 496 695 ad
521 664 668 696 montem
697 660 835 706 fugiens
861 659 927 694 XX
955 660 1055 694 annis
1082 659 1129 694 ibi
1154 662 1346 706 permansit
1368 663 1419 695 in-

36 727 186 761 numeris
220 735 407 762 coruscans
442 726 630 763 miraculis.
701 725 857 767 Quadam
882 726 958 760 vice
985 725 1063 760 dum
1089 727 1123 759 in
1147 728 1272 771 spiritu
1300 730 1420 773 raptus

38 795 149 834 esset,
195 794 304 826 totum
344 792 503 828 mundum
545 792 682 838 laqueis
713 802 751 827 se
782 793 927 827 invicem
963 791 1248 827 eonnectentibus
1283 792 1419 837 plenum

40 856 136 891 vidit.
186 857 252 898 Qui
276 857 473 893 exclamans
498 860 566 893 ait:
611 869 631 893 o
658 860 736 904 quis
759 860 848 893 istos
874 857 1026 893 evadet?
1067 862 1101 893 et
1126 857 1276 893 audirit:
1311 857 1421 892 humi-

40 921 133 957 litas.
181 921 379 968 Aliquando
406 923 482 958 dum
510 924 554 958 ab
585 924 722 970 angelis
749 925 782 958 in
807 927 890 958 aere
916 923 1134 967 elevaretur,
1189 922 1315 958 adsunt
1339 924 1422 960 dae-

40 997 158 1022 mones
183 992 217 1023 et
241 989 316 1034 ejus
340 991 522 1024 transitum
550 989 754 1035 prohibent,
788 993 933 1035 peccata
958 989 1034 1033 ejus
1058 989 1102 1023 ab
1127 988 1272 1024 exordio
1297 992 1424 1025 nativi-

39 1054 122 1088 tatis
149 1054 225 1099 ejus
258 1053 475 1098 objicientes.
547 1055 679 1096 Quibus
711 1055 846 1102 angeli:
897 1065 965 1089 non
1002 1054 1137 1090 debetis
1171 1055 1232 1090 illa
1265 1066 1422 1092 narrare.

41 1128 131 1163 quae
156 1117 286 1154 Christi
311 1121 443 1165 pietate
463 1122 536 1167 Jam
564 1125 643 1155 sunt
667 1121 794 1156 deleta.
845 1120 883 1156 Si
909 1130 979 1166 qua
1004 1125 1119 1156 autem
1147 1122 1263 1164 scitis,
1291 1133 1333 1156 ex
1356 1133 1423 1168 quo

41 1183 153 1219 sactus
179 1189 232 1220 est
257 1185 466 1230 inonachus,
515 1187 577 1222 illa
601 1188 767 1232 proferte.
841 1185 885 1222 Et
908 1197 982 1221 cum
1007 1189 1041 1221 in
1066 1186 1274 1232 probatione
1300 1187 1425 1223 defice-

41 1253 137 1291 rent,
161 1250 252 1286 liber
275 1252 446 1287 Antonius
470 1254 504 1286 in
528 1253 674 1288 sublime
699 1253 834 1287 tollitur
855 1257 889 1288 et
914 1252 1004 1288 liber
1025 1252 1223 1298 deponitur.
1249 1274 1294 1278 —
1320 1274 1359 1279 —
1383 1274 1427 1279 —

41 1318 87 1352 3.
113 1315 243 1351 Narrat
265 1318 437 1352 Antonius
463 1317 505 1352 de
529 1328 567 1352 se
595 1318 730 1353 dicens:
777 1318 847 1353 vidi
871 1318 1061 1363 aliquando
1087 1317 1271 1362 dyabolum
1298 1318 1426 1354 celsum

43 1390 212 1426 corpore,
262 1384 321 1427 qui
352 1392 390 1417 se
424 1382 489 1418 Dei
512 1384 672 1418 virtutem
700 1388 734 1417 et
758 1383 1013 1428 providentiam
1040 1392 1145 1417 ausus
1172 1387 1225 1418 est
1250 1384 1366 1419 dicere
1392 1388 1425 1419 et

45 1447 113 1480 ait:
154 1447 235 1492 quid
264 1449 334 1490 vis,
370 1451 407 1481 ut
431 1457 451 1482 a
476 1458 529 1483 me
555 1447 618 1482 tibi
644 1448 765 1491 detur,
811 1449 966 1483 Antoni?
1035 1448 1082 1483 At
1106 1459 1172 1494 ego
1198 1454 1301 1494 sputa
1327 1451 1361 1484 in
1389 1461 1428 1485 os

44 1512 120 1556 ejus
145 1514 391 1558 congeminans
425 1517 533 1547 totum
565 1524 617 1548 me
643 1516 675 1547 in
703 1525 777 1549 eum
805 1513 935 1549 Christi
959 1515 1094 1548 nomine
1120 1518 1272 1548 armatus
1298 1517 1429 1561 ingessi

45 1581 80 1611 et
107 1579 223 1612 statim
254 1579 406 1613 evanuit.
473 1578 559 1613 Huic
591 1578 763 1623 dyabolus
801 1578 989 1624 aliquando
1020 1580 1054 1612 in
1087 1583 1185 1613 tanta
1217 1582 1430 1624 proceritate

47 1644 230 1687 apparuit,
265 1643 358 1689 quod
382 1643 515 1678 coelum
541 1645 656 1689 capite
679 1647 827 1690 tangere
853 1644 1040 1679 videretur.
1089 1644 1196 1685 Quem
1221 1656 1295 1679 cum
1320 1646 1431 1681 Anto-

47 1708 138 1750 nius,
165 1710 242 1754 quis
266 1713 373 1753 esset,
398 1711 654 1757 interrogasset
678 1714 713 1746 et
737 1712 813 1756 ipse
838 1720 876 1745 se
902 1713 1060 1744 satanam
1088 1720 1167 1745 esse
1183 1710 1342 1755 dixisset,
1369 1712 1430 1746 ad-

47 1771 135 1806 didit
166 1777 329 1809 satanas:
372 1785 434 1810 cur
461 1786 514 1811 me
552 1777 602 1810 sic
637 1777 841 1822 impugnant
865 1775 1024 1810 monachi
1052 1780 1086 1811 et
1110 1776 1319 1812 maledicunt
1342 1777 1433 1812 chri-

47 1839 179 1874 stiani?
226 1839 289 1875 Cui
317 1841 510 1876 Antonius:
543 1843 640 1888 juste
667 1841 734 1876 hoc
758 1841 909 1883 faciunt,
950 1842 1033 1886 quia
1066 1843 1135 1876 tuis
1162 1852 1269 1887 saepe
1294 1843 1431 1878 insidiis

49 1903 286 1942 molestantur.
333 1905 378 1941 Et
404 1907 480 1942 ille:
506 1917 572 1954 ego
599 1917 660 1942 eos
685 1917 904 1953 nequaquam
930 1908 1090 1951 molesto,
1116 1907 1179 1943 sed
1206 1909 1433 1952 ipsiinvicem

48 1979 88 2004 se
111 1970 338 2015 conturbant,
387 1982 454 2018 ego
489 1974 578 2008 enim
610 1972 656 2007 ad
686 1972 828 2008 nihilum
861 1984 934 2008 sum
967 1973 1148 2016 redactus,
1199 1975 1282 2019 quia
1301 1975 1376 2019 Jam
1400 1976 1434 2008 in

49 2035 181 2069 cunctis
205 2037 365 2080 partibus
388 2042 515 2083 regnat
538 2037 709 2074 Christus.
759 2038 906 2079 Quidam
930 2041 1137 2085 sagittarius
1162 2039 1301 2074 beatum
1325 2040 1435 2074 Anto-

49 2100 140 2133 nium
164 2100 373 2146 gaudentem
406 2113 480 2137 cum
515 2103 683 2138 fratribus
712 2104 862 2149 quadam
886 2106 961 2140 vice
988 2106 1171 2150 conspexit
1195 2109 1229 2140 et
1255 2107 1287 2140 ei
1313 2105 1435 2151 displi-

49 2165 132 2207 cuit,
157 2167 213 2200 cui
237 2166 431 2203 Antonius:
465 2179 555 2213 pone
580 2171 745 2216 sagittam
771 2172 806 2204 in
830 2180 913 2204 areu
937 2174 971 2205 et
994 2169 1107 2205 trahe.
1157 2171 1257 2211 Quod
1283 2176 1318 2206 et
1343 2171 1436 2213 feeit,

51 2239 195 2276 cumque
218 2230 285 2266 hoc
310 2233 462 2268 secundo
486 2238 522 2270 et
543 2236 648 2269 tertio
671 2235 746 2270 fieri
764 2236 979 2279 mandasset,
1005 2236 1092 2270 dixit
1106 2238 1334 2283 sagittarius:
1360 2240 1436 2270 tan-

51 2297 123 2330 tum
145 2296 286 2332 trahere
309 2302 456 2343 potero,
483 2299 577 2345 quod
603 2299 645 2336 de
669 2302 746 2346 ejus
773 2301 943 2336 fractione
970 2300 1109 2337 dolebo.
1159 2302 1222 2336 Cui
1246 2302 1437 2336 Antonius:

53 2362 104 2395 sic
129 2365 184 2396 est
208 2363 242 2396 in
269 2372 375 2407 opere
399 2363 477 2407 Dei,
503 2366 664 2410 quoniam
691 2368 722 2401 si
747 2376 856 2412 supra
877 2376 1075 2402 mensuram
1099 2366 1243 2401 tendere
1258 2366 1438 2409 vellemus,

54 2427 157 2460 citius
182 2425 442 2473 frangeremur:
489 2429 631 2474 expedit
655 2441 741 2477 ergo
770 2432 922 2477 rigorem
948 2430 1138 2475 aliquando
1162 2430 1327 2465 relaxari.
1370 2431 1441 2466 Hoc

56 2490 201 2526 audiens
232 2491 292 2526 ille
324 2491 528 2528 aedificatus
563 2497 720 2530 recessit.
751 2516 795 2521 —
818 2515 862 2522 —
888 2515 928 2522 -
964 2498 1009 2532 4.
1034 2494 1270 2540 Interrogavit
1302 2496 1440 2541 quidam

57 2557 244 2591 Antonium
278 2556 414 2592 dicens:
464 2558 547 2603 quid
582 2559 781 2594 custodiens
815 2559 963 2604 placebo
987 2559 1090 2594 Deo?
1156 2559 1201 2595 Et
1228 2560 1442 2606 respondens

59 2620 165 2656 dixit:
204 2632 409 2669 quocunque
436 2623 554 2665 vadis,
602 2633 740 2669 semper
763 2623 870 2659 Deum
895 2634 958 2669 pro
986 2624 1095 2659 oculis
1121 2626 1190 2660 tuis
1217 2625 1370 2669 habeas,
1410 2628 1442 2660 in

61 2685 128 2729 his,
154 2698 244 2733 quae
272 2689 363 2735 agis,
388 2689 620 2724 testimonium
649 2698 772 2724 sacrae
799 2690 994 2735 scripturae
1022 2689 1205 2726 adhibeas.
1230 2692 1265 2726 in
1292 2701 1426 2736 quocun
