1742 3005
422 122 517 174 Cap.
545 122 644 162 Llll.
703 124 761 162 De
792 125 970 175 passione.
1001 123 1157 161 domini.
1404 124 1481 161 227

94 229 225 261 cerunt.
275 225 437 261 Secundo
462 227 497 261 in
523 226 624 261 domo
651 226 820 267 Herodis,
857 229 915 273 qui
946 238 1020 262 eum
1047 228 1178 262 fatuum
1214 231 1249 262 et
1282 239 1351 262 non
1375 237 1482 262 sanae

93 293 216 326 mentis
242 293 431 326 aestimans
459 303 500 326 ex
530 303 590 334 00,
627 292 719 338 quod
743 292 870 326 nullum
897 293 940 326 ab
968 304 1008 327 eo
1032 304 1235 338 responsum
1260 292 1392 328 habere
1417 305 1481 338 po-

92 361 219 399 tuerat,
245 368 309 402 pro
333 357 511 392 derisione
537 368 613 392 eum
640 363 738 392 veste
763 358 845 392 alba
867 357 988 392 induit.
1021 358 1240 392 Bernartius:
1266 363 1302 392 tu
1323 358 1424 392 homo
1444 369 1481 393 es

93 427 127 457 et
151 422 262 457 habes
290 427 418 457 sertum
445 422 489 458 de
514 423 660 457 floribus
687 428 721 457 et.
748 434 813 467 ego
831 422 924 456 Deus
957 426 990 456 et
1011 422 1125 457 haheo
1154 434 1317 457 coronam
1345 423 1388 458 de
1407 426 1480 468 spi-

91 489 145 522 n‘is
161 517 168 531 ,
202 493 239 522 tu
265 488 376 523 habes
403 487 624 522 chirothecas
650 489 685 520 in
709 487 868 521 inanibus
896 491 931 520 et
956 497 1023 532 ego
1049 487 1164 521 habeo
1192 489 1310 522 clavos
1335 489 1481 531 defixos,

91 558 128 588 tu
154 555 188 588 in
216 554 306 588 albis
334 554 488 588 vestibus
516 553 687 597 tripudias
714 557 747 587 et
773 564 840 597 ego
873 563 936 597 pro
965 556 999 586 te
1026 553 1163 586 derisus
1202 554 1249 587 sui
1275 555 1319 588 ab
1344 555 1482 589 Herode

89 621 125 654 in
150 624 250 653 veste
276 618 375 658 alba,
409 622 448 651 tu
472 617 644 662 tripudias
671 629 744 651 cum
779 617 928 662 pedibus
957 622 989 651 et
1017 628 1082 661 ego
1111 618 1270 652 laboravi
1296 630 1367 654 cum
1395 623 1480 655 meis

88 684 249 729 pedibus,
269 687 305 717 tu
329 684 363 716 in
389 681 529 717 choreis
552 683 700 717 brachia
725 683 884 718 extendis
912 685 946 717 in
972 683 1107 717 modum
1123 685 1236 717 crucis
1263 686 1295 717 in
1317 686 1479 729 gaudium

89 755 124 785 et
150 760 217 795 ego
245 759 287 783 ea
308 750 341 783 in
367 758 468 782 cruce
492 753 638 782 extensa
659 748 765 783 habui
789 751 823 783 in
853 750 1090 793 opprobrium,
1119 760 1185 794 ego
1208 751 1239 782 in
1261 760 1363 784 cruce
1385 751 1479 786 dolui

88 819 122 850 et
146 820 183 850 tu
208 816 241 849 in
266 825 370 849 cruce
396 814 563 850 exsultas.
590 819 627 848 tu
652 814 762 848 habes
787 814 879 848 latus
906 820 1061 859 apertum
1088 820 1121 849 et
1146 820 1266 859 peetus
1290 817 1477 860 insignum

86 888 198 915 vanae
224 880 361 925 gloriae
386 884 419 914 et
438 891 505 925 ego
521 880 614 914 latus
635 880 797 913 effossum
812 879 916 913 habui
938 892 1001 924 pro
1022 885 1066 914 te.
1096 880 1227 915 Tamen
1243 886 1420 916 revertere
1434 882 1479 916 ad

86 957 140 980 me
167 950 202 980 et
227 956 295 991 ego
322 947 509 990 suscipiam
538 951 583 980 te.
619 945 687 979 Sed
708 955 816 990 quare
842 944 1172 989 dominnstempore
1198 956 1283 980 suae
1301 949 1478 991 passionis

87 1021 203 1046 coram
228 1010 377 1047 Herode,
403 1011 525 1056 Pylato
549 1016 583 1045 et
605 1010 750 1045 Judaeis
777 1012 829 1045 sie
856 1010 1125 1056 ta‹·el)at.luijns
1151 1011 1276 1055 triplex
1304 1017 1357 1046 est
1375 1015 1463 1047 ratio

84 1076 199 1111 Prima
221 1078 311 1110 ratio
339 1081 403 1118 est,
431 1079 512 1122 quia
536 1088 603 1111 non
624 1080 723 1110 erant
739 1076 835 1121 digni
851 1076 972 1110 audire
995 1087 1091 1110 snam
1119 1079 1395 1120 responsionem,
1418 1090 1475 1113 se-

83 1142 207 1183 cunda,
230 1143 312 1187 quia
330 1140 402 1177 Eva
419 1148 631 1188 peccaverat
650 1153 714 1186 per
739 1142 986 1186 loquacitatem
1018 1147 1051 1175 et
1074 1142 1153 1175 ideo
1181 1141 1338 1176 Christus
1367 1144 1476 1178 voluit

85 1208 295 1242 satisfacere
321 1218 385 1252 per
416 1210 710 1249 taciturnitatem,
738 1209 864 1245 tertia,
907 1209 987 1251 qnia
1020 1207 1190 1252 quidquid
1225 1209 1473 1252 respondebat,

82 1278 191 1308 totum
209 1273 510 1308 calumniabantur
527 1278 561 1308 et
577 1273 828 1317 depravabant.
859 1272 982 1307 Tertio
1004 1274 1035 1305 in
1056 1272 1157 1306 domo
1171 1272 1292 1317 l‘31ati,
1309 1272 1367 1307 ubi
1383 1275 1472 1309 mili-

82 1343 138 1374 tes
157 1338 372 1384 chlamydem
388 1341 588 1373 coccineam
611 1338 915 1372 circumdederunt
937 1339 981 1377 ei,
999 1338 1200 1371 arundinem
1219 1340 1250 1371 in
1276 1349 1396 1373 manus
1410 1340 1472 1375 de-

82 1403 207 1438 derunt
232 1408 266 1438 et
288 1413 451 1437 coronam
470 1405 626 1448 spineam
652 1414 758 1447 super
783 1409 887 1447 caput
914 1404 990 1447 ejus
1011 1408 1203 1447 posuerunt
1223 1407 1255 1437 et
1275 1415 1365 1447 genu
1380 1405 1470 1440 flexo

82 1468 263 1503 dicebant:
297 1478 361 1503 ave
395 1479 454 1503 rex
487 1467 710 1503 Judaeorum.
767 1468 832 1502 Illa
868 1472 983 1501 autem
1024 1470 1147 1511 spinea
1181 1478 1311 1503 corona
1348 1470 1473 1505 dieitur

81 1534 193 1568 fuisse
219 1534 262 1568 de
284 1535 400 1579 juncis
427 1534 581 1575 marinis,
606 1544 749 1578 quorum
777 1535 871 1567 acies
896 1544 965 1567 non
990 1535 1100 1567 minus
1126 1536 1225 1577 spina
1253 1534 1339 1568 dura
1365 1540 1471 1569 estet

80 1600 309 1644 penetrativa,
336 1599 427 1633 unde
455 1603 489 1633 et
515 1600 719 1644 sanguinem
737 1599 779 1633 de
800 1600 913 1643 capite
938 1597 1092 1632 creditur
1115 1598 1177 1632 illa
1194 1609 1323 1633 corona
1348 1602 1471 1645 spinea

81 1665 290 1700 extraxisse.
345 1664 443 1699 Unde
468 1664 689 1698 Bernardus:
723 1669 827 1709 caput
850 1663 935 1697 illud
962 1663 1111 1697 divinum
1144 1664 1324 1708 multiplici
1350 1668 1469 1710 spina-

80 1740 153 1763 rum
182 1729 355 1764 densitate
381 1740 491 1775 usque
517 1729 561 1763 ad
588 1729 767 1763 cerebrum
790 1728 938 1763 defixum
966 1734 1029 1762 cst.
1078 1729 1128 1763 De
1153 1731 1267 1764 anima
1294 1736 1373 1770 suut
1398 1737 1468 1765 tres

80 1797 277 1840 opiniones,
303 1794 362 1830 ubi
390 1795 524 1829 scilicet
548 1796 661 1829 anima
687 1794 911 1839 principalem
940 1778 1068 1829 habeat
1094 1795 1225 1838 sedem,
1253 1797 1388 1831 scilicet
1416 1798 1467 1831 vol

77 1862 113 1894 in
136 1860 241 1895 corde
268 1865 413 1906 prppter
436 1860 542 1894 illud:
585 1859 628 1894 de
667 1860 772 1894 corde
807 1865 936 1894 exeunt
972 1862 1205 1905 cogitationes
1240 1861 1352 1896 malae
1389 1867 1467 1902 etc„

76 1925 133 1960 vel
156 1927 193 1960 in
216 1927 388 1971 sanguine
413 1931 558 1971 propter
580 1926 668 1960 illud
693 1925 865 1960 Levitici:
899 1927 1011 1960 anima
1037 1928 1148 1959 onmis
1178 1929 1296 1961 earnis
1326 1929 1361 1961 in
1384 1938 1467 1962 san-

76 1992 184 2035 guine
208 1995 280 2032 est,
315 1991 369 2025 vel
393 1993 429 2025 in
452 1993 567 2036 capite
589 1997 735 2036 propter
760 1992 863 2025 illud:
890 1992 1056 2025 inclinato
1082 1994 1198 2036 capite
1222 1993 1369 2027 tradidit
1392 1995 1465 2037 spi-

77 2056 180 2089 ritum
206 2059 271 2090 etc.
328 2055 423 2090 Hanc
445 2057 620 2101 triplicem
652 2058 848 2101 opinionem
880 2057 1006 2092 ⁸ludaei
1040 2057 1161 2091 saltem
1191 2059 1268 2101 ipso
1293 2058 1384 2091 sacto
1415 2060 1465 2091 vi-

76 2119 202 2155 dentur
235 2121 402 2163 scivisse,
444 2131 523 2155 nam
551 2125 589 2155 ut
615 2122 691 2166 ejus
717 2124 863 2156 animam
888 2132 909 2156 a
936 2132 1086 2166 corpore
1111 2121 1319 2163 evellerent,
1357 2132 1465 2167 quae-

75 2187 210 2221 sierunt
236 2187 350 2230 ipsam
377 2188 412 2221 in
437 2188 571 2232 capite,
608 2197 681 2221 cum
707 2189 827 2232 spinas
852 2198 963 2232 usque
993 2186 1038 2220 ad
1064 2186 1244 2221 cerebrum
1269 2187 1465 2228 infixerunt,

77 2253 305 2296 quaesierunt
339 2252 375 2286 in
407 2254 599 2297 sanguine,
652 2263 727 2287 cum
766 2254 842 2298 ejus
874 2262 980 2287 venas
1006 2254 1041 2286 in
1068 2252 1228 2286 manibus
1255 2256 1289 2286 et
1315 2252 1464 2297 pedibus

76 2320 307 2359 aperuerunt,
341 2319 567 2362 quaesierunt
602 2319 638 2352 in
671 2318 799 2360 corde,
845 2328 919 2352 cum
951 2318 1028 2362 ejus
1063 2317 1154 2351 latus
1187 2318 1463 2362 perforaverunt.

76 2379 208 2414 Contra
230 2380 295 2414 has
328 2385 400 2415 tres
425 2382 609 2417 illusiones
642 2385 678 2418 in
710 2394 903 2428 parasceue
936 2384 1187 2427 praemittimus
1214 2387 1294 2415 ante
1326 2381 1462 2416 revela-

74 2447 204 2480 tionem
229 2448 342 2480 crucis
366 2450 439 2480 tres
465 2447 690 2482 adorationes
717 2447 891 2482 dieentes:
917 2447 1031 2492 Agios
1062 2453 1127 2482 etc.
1158 2448 1257 2491 quasi
1275 2450 1329 2480 ter
1350 2446 1462 2480 hono-

76 2515 194 2546 rantes
210 2515 265 2546 ter
280 2511 418 2545 illusum
437 2516 581 2556 propter
603 2522 680 2546 nos.
716 2512 847 2552 Quarto
863 2513 897 2546 in
917 2522 1031 2553 cruce,
1050 2511 1175 2546 Matth.
1194 2510 1342 2545 XXVII:
1365 2514 1461 2556 prin-

73 2577 170 2621 cipes
195 2577 399 2611 sacerdotes
428 2587 503 2611 eum
528 2576 715 2611 illudentes
743 2587 819 2611 cum
844 2578 1043 2611 senioribus
1069 2581 1104 2611 et
1127 2575 1252 2611 scribis
1279 2576 1461 2610 dicebant:

73 2642 104 2675 si
129 2652 192 2676 rex
212 2641 325 2677 Israel
350 2646 419 2683 est,
448 2641 640 2677 descendat
662 2651 752 2675 nunc
777 2641 821 2676 de
845 2651 948 2688 cruce
973 2646 1008 2676 et
1032 2641 1214 2677 credamus
1240 2642 1282 2676 ei.
1309 2640 1459 2675 Bernar-

72 2706 136 2741 dus
163 2716 272 2752 super
295 2706 386 2742 hunc
414 2707 548 2742 locum:
574 2708 709 2742 interim
737 2708 938 2752 patientiam
966 2709 1078 2753 magis
1105 2706 1257 2749 exhibet,
1282 2706 1459 2740 humilita-

1051 2773 1095 2807 15
1119 2772 1138 2792 *
