1742 3005
253 100 260 108 x
293 73 385 123 Cap.
423 72 592 110 CLVIII.
655 74 710 112 De
744 75 917 113 undecim
950 75 1112 113 millibus
1145 77 1339 126 virginum.
1429 78 1503 117 701

128 182 285 214 mutatur.
335 179 442 213 Daria
469 184 582 214 antem
611 180 770 225 lupanari
797 179 966 217 traditur,
1000 181 1061 215 sed
1099 181 1152 215 leo
1180 181 1222 215 ab
1251 181 1507 226 auripliitheatro

126 245 264 291 fugiens
301 246 467 279 ostiarius
507 244 686 289 lupanaris
721 245 878 279 eflicitur.
937 244 1086 280 Mittitur
1120 248 1228 292 igitur
1267 247 1424 292 quidam,
1472 252 1508 282 ut

125 312 291 356 virginem
320 314 530 355 corrumpat,
557 309 617 344 sed
645 320 665 344 a
691 309 791 345 leone
816 312 952 354 capitur
978 315 1010 345 et
1036 313 1135 356 quasi
1165 313 1310 346 immons
1335 323 1355 347 a
1372 317 1505 354 sancta,

123 376 204 421 quid
234 376 277 410 de
306 378 445 420 captivo
475 375 715 420 fierij11beat‚
751 376 959 409 sciscitatur,
1012 375 1107 415 Quae
1133 380 1329 421 praecepit,
1365 389 1406 412 ne
1431 389 1505 413 eum

122 441 295 483 laederet,
331 441 393 476 sed
426 440 469 475 ad
502 450 540 474 se
574 442 692 474 venire
725 441 951 484 permitteret.
1002 440 1067 479 Qui
1102 451 1178 474 mox
1218 452 1408 476 conversus
1444 454 1508 488 per

122 508 238 542 urbem
270 508 421 541 cucurrit
450 510 484 540 et
514 505 655 539 Dariam
690 503 795 538 Deam
829 515 907 539 esse
946 505 1098 539 clamare
1135 508 1261 550 coepit.
1320 506 1505 542 Mittuntur

123 573 229 617 igitur
252 575 456 612 venatores,
490 574 529 604 ut
559 569 695 603 leonem
720 571 879 613 capiant,
916 570 979 604 sed
1006 581 1123 605 omnes
1150 581 1170 605 a
1194 571 1296 605 leone
1322 573 1506 616 capiuntur

121 642 154 671 et
179 641 259 672 ante
285 636 391 681 pedes
418 636 564 680 virginis
590 639 764 679 ponuntur
789 639 823 669 et
848 635 890 669 ab
910 646 952 669 ea
970 640 1230 672 convertuntur.
1280 636 1380 671 Tunc
1398 647 1502 682 prae⁴

119 703 228 736 sectus
262 702 442 746 copiosum
478 702 591 746 ignem
619 702 728 745 jussit
760 702 795 734 in
823 702 965 735 introitu
1002 701 1112 736 cellae
1139 704 1244 743 mitti,
1278 706 1314 735 ut
1348 702 1403 737 leo
1428 714 1502 737 eum

118 767 222 802 Daria
244 766 479 802 comburatur.
528 766 627 805 Quod
653 766 708 800 leo
733 766 959 800 considerans
985 768 1096 801 timuit
1115 771 1147 801 et
1165 769 1306 812 rugiens
1326 778 1347 801 a
1368 769 1503 813 virgine

115 833 289 868 licentiam
314 833 463 876 accepit,
489 836 526 865 ut
549 831 677 865 nullum
705 831 860 872 laedens,
891 842 957 876 quo
987 831 1101 873 vellet,
1128 832 1251 866 abiret.
1302 833 1383 866 (lum
1414 844 1501 879 ergo

116 898 314 942 prae-fectus
341 896 503 931 Crisanto
530 901 564 931 et
592 896 719 931 Dar-iac
745 896 887 930 diversa
911 906 1098 940 poenarum
1128 897 1302 941 supplicia
1326 900 1501 944 irrogaret

115 968 149 998 et
174 973 390 1008 nequaquam
419 961 512 996 laedi
539 961 712 1003 valerent,
749 961 885 996 tandem
922 961 1081 995 inviolati
1106 964 1275 1007 conjuges
1303 965 1333 997 in
1363 964 1499 999 foveam

115 1028 335 1073 deponuntur
373 1032 407 1063 et
447 1031 541 1062 terra
576 1031 609 1062 et
642 1027 820 1072 lapidibus
855 1026 970 1061 obruti
1005 1027 1145 1061 Christo
1182 1030 1340 1063 martires
1374 1040 1498 1064 conse-

114 1098 265 1135 orantur,
298 1094 495 1138 ¹)tempore
519 1092 598 1127 Cari
625 1092 864 1127 Narbonensis
894 1094 1062 1137 episcopi,
1091 1095 1147 1137 qui
1174 1095 1290 1137 coepit
1315 1104 1405 1128 anno
1435 1094 1497 1127 (ΙοὟ

113 1160 192 1193 mini
219 1158 333 1194 CCXI.
384 1158 508 1193 Horum
537 1159 754 1193 sollemnitas
783 1157 836 1192 bio
861 1157 1036 1193 celebrius
1064 1158 1243 1192 recolitur.

538 1478 663 1544 cAP.
700 1478 880 1545 CLVIII.
916 1480 1064 1545 (153.)

219 1581 318 1624 De
355 1577 658 1623 undecim
695 1579 987 1625 millibus
1020 1579 1368 1637 virginum·

199 1691 238 1724 1.
265 1686 427 1722 Undecim
452 1686 593 1721 millium
620 1689 788 1733 virginum
816 1689 935 1732 passio
962 1687 1026 1722 hoe
1052 1688 1175 1723 ordine
1210 1688 1389 1723 celebrata
1420 1689 1496 1723 [tiit.

109 1752 145 1786 In
164 1752 346 1786 Britannia.
365 1762 512 1797 namque
530 1763 591 1805 rex
609 1752 921 1787 christianissimus
942 1753 1080 1798 quidam
1108 1753 1173 1788 fuit
1199 1757 1335 1789 nomine
1361 1755 1496 1790 Notbus

111 1818 164 1853 vel
190 1818 356 1860 Maurus,
388 1819 447 1863 qui
473 1818 645 1863 quandam
677 1817 780 1852 liliam
807 1820 943 1853 nomine
970 1818 1130 1854 Ursulam
1158 1822 1353 1865 generavit.
1403 1820 1495 1856 llaec

109 1883 259 1918 mirabili
284 1894 415 1918 morum
440 1883 646 1925 honestate,
684 1885 860 1928 sapientia
891 1888 925 1918 et
950 1884 1209 1929 pulchritudine
1235 1886 1414 1930 pollebat,
1448 1888 1498 1921 ita

109 1948 203 1994 quod
233 1949 310 1994 ejus
336 1949 429 1984 fama
451 1949 581 1995 ubique
617 1949 772 1985 volabat.
818 1949 893 1984 Rex
926 1953 1040 1984 autem
1076 1949 1242 1995 Angliae,
1280 1962 1356 1986 cum
1393 1954 1496 1986 nimis

109 2018 321 2058 praepotens
347 2019 443 2049 esset
467 2019 503 2049 et
524 2014 649 2048 multas
675 2015 836 2048 nationes
864 2024 928 2048 suo
955 2015 1100 2057 imperio
1127 2014 1348 2061 subJugar-et,
1375 2017 1497 2051 audita

109 2078 212 2123 liujus
247 2079 395 2124 virginis
431 2079 524 2112 tama
556 2078 696 2113 beatum
723 2088 762 2113 se
791 2089 854 2122 per
878 2079 992 2112 omnia
1019 2078 1216 2121 fatebatur,
1251 2082 1282 2113 si
1316 2082 1497 2124 praedicta

110 2146 210 2190 virgo
243 2154 307 2178 suo
341 2144 520 2189 unigenito
554 2143 787 2188 copularetur.
835 2142 979 2178 Juvenis
1017 2144 1119 2177 etiam
1152 2142 1196 2177 ad
1221 2143 1289 2178 hoe
1313 2144 1495 2189 plurimum

108 2209 310 2245 aestuabat.
368 2209 511 2244 Mittunt
555 2209 664 2253 igitur
701 2209 876 2244 solemnes
911 2210 1050 2242 nuntios
1087 2209 1131 2243 ad
1162 2213 1294 2254 patrem
1330 2211 1493 2256 virginis,

108 2277 244 2321 magnis
271 2275 563 2320 promissionibus
597 2279 631 2309 et
662 2274 844 2309 blanditiis
880 2283 1026 2320 magnas
1053 2274 1263 2319 adjicientes
1294 2276 1425 2318 minas,
1465 2279 1496 2311 si

109 2339 153 2374 ad
187 2339 360 2373 dominum
393 2349 490 2374 suum
525 2341 623 2374 vacui
650 2344 880 2375 revertantur.
930 2339 1003 2375 Rex
1030 2343 1144 2375 autem
1170 2341 1287 2384 coepit
1311 2340 1494 2384 plurimum

108 2405 267 2446 anxiari,
299 2407 368 2438 tum
401 2405 484 2449 quia
510 2404 640 2438 Christi
665 2404 731 2440 fide
757 2406 958 2451 insignitam
983 2405 1108 2439 cultori
1142 2404 1324 2449 ydolorum
1350 2406 1493 2441 tradere

108 2470 287 2516 indignum
313 2468 475 2510 duceret,
510 2472 579 2502 tum
611 2471 693 2515 quia
716 2471 828 2514 ipsam
852 2470 1050 2504 nullatenus
1074 2471 1271 2505 consentire
1297 2480 1491 2516 cognosce-

109 2538 180 2578 ret,
215 2539 285 2569 tum
320 2535 403 2580 quia
429 2535 524 2580 regis
550 2533 770 2569 ferocitatem
797 2535 978 2579 plurimum
1006 2534 1220 2571 formidaret.
1267 2533 1348 2579 Ipsa
1379 2539 1492 2572 autem

179 2675 204 2707 1)
224 2673 274 2702 Ed.
295 2677 338 2701 Pr.
358 2673 463 2700 verba:
485 2677 656 2707 tempore
676 2688 707 2691 -—
729 2673 843 2700 CCXI,
865 2672 984 2699 omittit.
