1742 3005
403 67 500 117 Cap.
535 67 702 105 CXClV.
768 69 824 106 De
858 78 987 107 sancto
1019 70 1167 108 Adelso.
1393 73 1473 112 883

85 169 237 196 humiliter
255 168 431 204 deprecans,
451 175 482 198 ut
501 173 636 207 accipere
656 172 837 204 dignaretur.
875 176 956 210 Qune
976 179 1094 203 sanctus
1113 175 1160 203 vir
1178 176 1312 211 accipere
1332 177 1469 205 devitans

84 214 138 241 ait:
165 214 191 241 si
209 214 325 248 aliquid
343 224 398 249 pro
417 216 577 248 gratiarum
596 216 713 243 actione
734 220 796 244 Deo
815 216 922 245 offerre
941 224 970 246 te
988 219 1134 253 delectat,
1158 221 1197 248 ad
1222 222 1390 254 augendum
1414 224 1470 250 Dei

83 259 238 287 servitium
256 259 288 286 in
306 259 433 286 ecclesia
454 260 558 287 beatae
584 261 686 288 matris
713 262 836 291 Christi.
864 264 946 295 cujus
972 263 1086 292 meritis
1109 265 1204 293 filium
1227 267 1383 302 recepisti,
1408 272 1468 294 ter-

82 304 179 331 minos
197 306 277 338 ejus,
296 304 366 338 quia
384 305 502 336 angusti
521 309 589 332 sunt
613 305 652 332 ad
678 309 793 332 tantum
819 307 992 340 servitium,
1019 308 1145 336 dilatare
1164 310 1263 343 aliqua
1282 316 1367 346 parte
1386 312 1468 344 regni

82 349 142 382 tui,
167 354 199 376 ut
218 349 258 376 sit
281 349 312 376 in
330 358 386 376 usu
404 348 567 377 snictuario
589 349 634 377 ibi
660 351 862 378 servientibus
883 354 958 384 Deo,
995 352 1020 379 si
1042 352 1084 379 ita
1109 354 1208 386 regiae
1232 356 1384 389 majestati
1401 356 1467 391 pla—

82 398 144 426 cet,
168 394 281 429 poteris
293 414 302 427 ,
328 394 397 427 quia
416 395 472 421 hoc
490 394 603 422 firmius
623 403 656 421 ac
675 394 813 422 stabilius
833 399 876 422 est
896 396 935 422 ad
953 396 1171 425 beatitudinem
1189 403 1271 426 tuam
1290 404 1467 434 tuorumque

81 442 109 464 et
127 438 371 472 praecedentium
389 444 509 474 patrum
526 444 556 466 et
575 439 763 472 sequentium
782 444 971 473 posterorum
990 443 1229 475 promerendam,
1248 453 1337 476 quam
1353 453 1466 477 aurum,

81 482 163 515 quod
188 482 301 515 oculos,
328 493 395 511 cum
418 483 554 516 videtur,
588 483 719 509 delectat
744 487 774 509 et
800 491 864 515 cor,
895 493 962 510 cum
989 485 1140 518 perditum
1164 485 1268 520 suerit,
1300 489 1465 517 contristat.

80 530 176 562 Quam
194 528 433 562 propositionem
451 528 603 562 pontificis
622 537 672 553 rex
690 526 871 559 gratulanter
889 527 1090 561 amplectens:
1109 530 1177 562 ubi,
1196 530 1310 564 inquit,
1328 532 1464 559 invenire

79 572 244 606 poterimus
261 573 360 600 locum
379 573 488 604 talem,
507 573 558 605 qui
577 576 718 603 congruat
737 571 776 597 ad
795 571 987 598 serviendum
1005 574 1093 600 matri
1111 574 1251 602 coelestis
1270 576 1361 609 regis,
1381 578 1463 610 cnjus

78 622 145 644 sunt
171 617 312 644 universa
337 616 367 643 in
393 616 487 644 coelis
511 620 540 642 et
566 616 597 643 in
620 615 716 644 terris.
753 619 883 649 Cumque
906 617 981 643 haec
998 626 1099 645 secum
1118 619 1255 647 volveret
1274 625 1463 654 mentemque

75 670 131 695 per
148 670 267 688 omnem
284 661 432 688 Alsatiain
449 665 618 696 spargeret,
642 660 741 688 sicubi
763 659 842 687 torte
868 660 937 688 talis
963 661 1047 689 locus
1065 662 1265 697 inveniretur,
1292 665 1344 698 qui
1361 669 1462 692 tantae

76 705 273 732 dominationi
291 710 379 741 aptus
396 705 573 738 haberetur,
600 705 726 732 occurrit
745 704 862 737 animo,
886 705 1071 734 Rubiacham
1097 708 1243 742 oppidum
1269 709 1382 736 cunctis
1400 711 1462 737 nsi—

75 750 147 783 bus,
165 750 199 777 id
216 754 262 777 est
280 750 374 783 agris,
392 750 505 782 vineis,
525 749 639 784 campis
658 758 692 775 ac
710 748 812 781 silvis,
831 750 932 783 aquis,
952 751 1114 785 aedificiis,
1131 753 1247 788 populo
1265 754 1459 789 opulentissi-

72 805 154 822 mum
166 804 300 822 smnmae
314 795 433 827 reginae
450 795 482 822 in
497 794 600 821 dotem
615 794 786 822 convenire.
820 797 885 822 Non
899 795 1016 822 distulit
1032 806 1082 823 rex
1098 802 1170 824 voto
1187 799 1309 826 tandein
1325 799 1459 831 invento,

73 848 172 866 coram
199 840 396 875 optimatibus
423 839 485 867 suis
510 848 666 866 assensum
684 843 745 865 tam
763 839 844 865 bono
864 840 991 867 consilio
1010 842 1226 875 praebentibus
1245 847 1457 870 testamentum

70 883 158 917 facit,
183 889 215 911 ut
235 884 390 912 Rubiacha
414 894 482 911 cum
499 884 638 911 omnibus
657 883 842 918 appenditiis
869 884 1096 918 confinibusque
1115 886 1154 912 ad
1177 895 1209 914 se
1228 887 1458 921 pertinentibus,

71 929 161 956 etiam
190 934 220 956 et
253 939 320 956 cum
352 929 436 956 villis
461 933 556 956 totuin
586 933 615 955 et
640 928 788 960 integrum
813 929 923 955 amodo
950 933 978 955 et
1005 929 1148 964 deinceps
1174 930 1212 957 sit
1239 932 1294 957 sub
1322 932 1457 959 dominio

71 978 191 1000 sanctae
210 973 435 1006 Argentinensis
454 973 599 1001 ecclesiae
617 972 775 999 servientis
794 972 929 1004 genitrici
946 973 1002 999 Dei
1020 974 1131 1001 Mariae
1150 975 1253 1002 stabili
1279 980 1309 1002 et
1332 976 1456 1004 inextri-

69 1018 159 1045 cabili
178 1018 374 1053 stipulatione
400 1018 570 1046 subnixum.
607 1020 670 1043 Hoc
697 1017 794 1043 nobili
820 1017 965 1044 donativo
992 1017 1105 1046 ditatus
1130 1019 1305 1048 valedicens
1330 1021 1392 1054 regi
1416 1022 1456 1049 ad

68 1063 190 1098 propria
213 1064 360 1091 remeavit
385 1063 549 1097 episcopus
576 1066 802 1095 convocatoque
827 1062 907 1089 clero
925 1062 1114 1096 militumque
1139 1069 1226 1091 coetu
1249 1066 1356 1100 populi
1380 1075 1454 1100 quo-

67 1117 125 1141 que
144 1113 294 1135 conventu
313 1108 427 1135 cunctis
445 1106 636 1134 adstantibus
656 1110 684 1133 et
703 1106 942 1141 adspicientibus
956 1111 1169 1134 testamentum
1181 1114 1337 1143 acceptum
1351 1111 1454 1145 posuit

66 1162 157 1187 super
180 1152 274 1179 altare
298 1156 505 1180 consecratum
529 1151 560 1178 in
583 1151 696 1178 honore
723 1155 843 1178 sanctae
870 1151 992 1180 Mariae.
1026 1155 1132 1179 Postea
1154 1162 1228 1180 vero
1246 1154 1348 1182 multis
1367 1156 1453 1183 annis

65 1198 141 1225 vixit
158 1197 279 1232 pollens
296 1197 461 1224 virtutibus
481 1195 606 1227 sanctis,
632 1204 648 1221 e
672 1194 781 1228 quibus
808 1206 899 1222 unum
918 1196 1093 1223 miraculum
1112 1196 1254 1225 fidelibus
1272 1200 1363 1227 valde
1381 1209 1453 1235 pro-

64 1243 173 1270 ficuum
190 1243 260 1269 huic
278 1242 363 1278 operi
375 1242 497 1274 dignum
509 1240 645 1267 duxerim
658 1240 860 1269 inserendum.
895 1244 1003 1268 Ferunt
1021 1250 1148 1274 namque
1163 1251 1230 1269 euin
1243 1243 1319 1271 circa
1330 1245 1451 1279 flumen,

63 1287 147 1322 quod
171 1287 210 1314 de
234 1287 314 1315 saltu
338 1286 466 1318 vosagi,
489 1285 610 1312 nomine
628 1285 788 1317 Briuscha,
814 1285 939 1312 mixtum
963 1295 1029 1312 cum
1055 1286 1126 1312 Alsa
1151 1287 1261 1320 fluvio,
1288 1289 1339 1322 qui
1362 1290 1451 1317 alveo

62 1342 117 1368 per
135 1333 281 1360 Alsatiam
299 1340 335 1359 eo
353 1340 450 1364 usque
475 1329 622 1362 decurrit,
649 1329 813 1357 oratorium
837 1330 968 1363 ligneum
993 1340 1120 1366 parvum
1145 1331 1204 1358 sibi
1227 1332 1293 1359 fieri
1318 1334 1452 1367 jussisse,

62 1386 122 1412 quo
147 1382 293 1404 nocturno
315 1376 436 1404 silentio
464 1375 591 1402 fluvium
618 1374 764 1401 transiens
791 1375 921 1408 veniret,
956 1380 988 1402 ut
1021 1375 1065 1402 ibi
1091 1376 1234 1403 secretius
1258 1377 1289 1404 in
1315 1379 1450 1407 oratione

60 1427 213 1455 noctaret,
238 1427 368 1450 mentem
395 1429 515 1455 quoque
541 1420 572 1446 iu
590 1420 693 1446 divina
713 1420 968 1454 contemplatione
988 1420 1076 1447 latius
1095 1420 1278 1449 extenderet.
1315 1423 1450 1451 Subinde

61 1476 152 1500 vero,
171 1477 238 1494 cmn
254 1467 407 1500 navigium
426 1475 485 1493 non
503 1465 636 1497 invenit,
661 1464 748 1492 siccis
766 1465 896 1499 pedibus
915 1464 1040 1491 fluvium
1058 1464 1215 1497 transivit,
1239 1467 1449 1501 completaque

61 1512 196 1539 oratione
218 1520 320 1540 rursus
345 1521 436 1546 super
461 1510 572 1537 imdam
597 1509 755 1536 ambulans
780 1510 948 1544 repedavit.
983 1513 1028 1536 Ita
1054 1518 1123 1542 ergo
1152 1510 1323 1542 religiosam
1353 1512 1448 1539 vitam

61 1557 174 1584 ducens
198 1557 328 1584 diversis
353 1556 468 1583 morbis
494 1564 656 1590 oppressos
683 1555 814 1586 curavit,
844 1554 1005 1581 daemones
1040 1555 1078 1581 ab
1111 1555 1244 1582 obsessis
1271 1556 1447 1590 corporibus

60 1602 190 1635 fugavit,
215 1601 423 1629 discordantes
450 1599 631 1627 concordare
656 1599 744 1632 fecit,
776 1599 885 1632 quibus
918 1598 1082 1625 secundum
1108 1599 1230 1626 modum
1259 1601 1446 1628 necessitatis

62 1647 236 1674 commodus
263 1645 378 1673 exstitit
403 1645 584 1672 moderator.
621 1646 692 1670 Cum
718 1648 817 1670 autem
843 1643 964 1671 sentiret
991 1644 1146 1670 imminere
1172 1644 1230 1670 sibi
1250 1646 1329 1671 diem
1348 1650 1446 1671 extre—

60 1702 156 1724 nuun,
176 1692 204 1718 in
224 1690 388 1718 monticulo
408 1689 474 1716 urbi
492 1689 593 1716 vicino
613 1693 695 1715 extra
713 1688 876 1720 civitatem,
895 1689 947 1715 ubi
967 1689 1062 1715 sancti
1080 1689 1236 1716 Michaelis
1256 1695 1300 1716 est
1319 1690 1444 1716 ecclesia

60 1736 236 1768 constituta,
257 1735 441 1770 sepulturam
460 1733 519 1761 sibi
536 1733 601 1760 fieri
621 1732 774 1768 praecepit
793 1737 821 1759 et
841 1741 876 1759 eo
896 1742 927 1759 se
947 1733 1017 1759 ferri
1036 1742 1070 1759 ac
1089 1733 1226 1768 sepeliri,
1247 1734 1366 1762 imitans
1385 1735 1444 1761 sal-

60 1784 194 1808 vatorem
213 1779 378 1812 Christum,
396 1779 448 1813 qui
466 1783 548 1806 extra
567 1782 686 1814 portam
705 1777 794 1810 elegit
813 1777 871 1805 sibi
891 1777 1090 1812 sepulchrum.

485 2107 610 2172 CAP.
644 2107 824 2172 CXCIV.
867 2108 1014 2173 (181.)

348 2207 458 2252 De
525 2207 789 2251 sancto
845 2205 1147 2252 Adelfo·

158 2315 242 2342 Beati
268 2315 368 2342 Adelfi
389 2316 534 2343 Meteusis
566 2316 702 2351 episcopi
728 2314 897 2342 celebratur
921 2316 1043 2349 natalis,
1076 2315 1127 2349 qui
1152 2315 1285 2344 decimus
1309 2327 1325 2343 u
1352 2318 1441 2345 beato

57 2360 218 2392 Clemente,
236 2360 288 2393 qui
305 2360 419 2394 primus
437 2361 564 2388 eandem
583 2361 686 2388 sedem
704 2360 865 2393 regendam
884 2370 900 2386 a
919 2361 1008 2388 beato
1030 2365 1113 2388 t'etro
1132 2365 1314 2394 susceperat,
1332 2362 1439 2392 guber—

56 2404 150 2431 navit.
183 2406 277 2439 liujus
303 2410 388 2440 pater
411 2405 493 2432 Felix
517 2406 638 2433 nomine
657 2406 695 2432 (le
713 2405 873 2438 Aquitania
893 2409 976 2432 ortus
995 2405 1126 2438 exstitit,
1152 2409 1247 2431 mater
1263 2405 1384 2431 Beatrix
1402 2405 1440 2432 de

55 2449 154 2476 nobili
170 2450 416 2481 Burgundionum
434 2458 541 2482 genere
559 2450 704 2483 originem
723 2450 818 2478 duxit.
854 2450 930 2476 Huic
948 2449 976 2476 in
1004 2458 1108 2476 somno
1135 2449 1257 2481 angelus
1274 2450 1330 2476 Dei
1348 2459 1443 2485 appa-

55 2502 141 2527 rens,
159 2493 242 2527 quod
258 2493 353 2521 filium
371 2495 504 2529 paritura
523 2500 617 2528 esset,
642 2494 852 2526 annuntiavit,
878 2498 905 2520 et
926 2495 1008 2528 cnjus
1028 2494 1157 2521 nominis
1176 2498 1363 2527 quantaeque
1381 2495 1443 2521 vir-

55 2538 128 2566 tutis
147 2543 177 2566 et.
196 2539 295 2566 meriti
313 2539 493 2567 succedente
512 2544 646 2574 tempore
665 2539 760 2571 soret,
786 2531 948 2566 intimavit.
983 2540 1074 2566 Natus
1096 2547 1166 2577 ergo
1192 2539 1297 2565 beatus
1315 2538 1443 2566 Adell'us

56 2588 84 2611 et
103 2585 272 2611 ablactatus
291 2584 437 2619 eccle-siae
455 2584 624 2619 disciplinis
644 2583 814 2610 imbuendis
832 2583 974 2615 traditur,
1000 2583 1031 2609 iu
1056 2583 1165 2616 quibus
1184 2583 1222 2609 ita
1243 2583 1387 2616 profecit,
1409 2589 1443 2610 ut

54 2628 130 2656 nulli
148 2629 304 2656 videretur
322 2638 387 2656 esse
407 2628 564 2657 secundus.
601 2628 649 2655 Ad
668 2626 833 2662 perlectum
852 2627 943 2659 igitur
955 2628 1089 2654 eruditus
1101 2628 1190 2655 beato
1204 2628 1280 2655 Ruso
1293 2628 1441 2655 avunculo

55 2672 255 2709 namnetensi
276 2674 420 2710 episcopo
439 2672 576 2706 traditur,
596 2677 629 2699 nt
647 2673 709 2707 ejus
729 2672 818 2700 bonis
837 2673 952 2700 actibus
971 2672 1136 2708 probisque
1153 2672 1287 2701 moribus
1306 2672 1345 2699 ad
1363 2673 1441 2699 bene
