1742 3005
469 76 565 124 Cap.
599 73 678 109 Χ11·.
736 74 794 110 De
825 80 953 110 sancto
986 73 1181 111 Silvestre.
1465 78 1511 114 71

132 189 289 225 magnus,
315 177 381 214 fide
406 178 611 222 catholicus,
640 188 702 224 spe
728 179 1015 223 patientissimus,
1041 180 1188 213 caritate
1213 178 1370 214 diffusus.
1418 180 1513 215 Mor-

130 249 189 279 tuo
201 245 310 291 igitur
321 243 531 287 Melchiade,
557 246 724 290 episeopo
751 242 846 278 urbis
863 243 1006 287 Romae,
1034 244 1205 280 silvester
1230 244 1274 279 ab
1301 246 1391 279 omni
1413 245 1514 290 plebe

129 310 311 354 plurimum
346 311 498 345 renitens
533 312 567 343 in
593 320 759 344 summum
783 311 977 354 pontificem
1008 315 1061 346 est
1087 310 1227 345 electus.
1278 310 1338 345 Hic
1365 312 1511 344 omnium

128 375 361 420 orphanorum
395 379 429 410 et
462 375 641 410 viduarum
675 379 709 409 et
740 384 930 420 pauperum
955 379 1093 411 nomina
1116 379 1150 410 in
1175 377 1356 410 matricula
1382 378 1512 421 scripta

130 440 283 476 babebat
308 445 342 476 et
367 439 524 476 omnibus
549 441 752 475 necessaria
776 440 995 484 providebat.
1044 441 1106 477 Hic
1135 446 1293 486 quartum
1319 446 1353 477 et
1377 446 1510 476 sextum

129 506 218 541 diem
244 510 278 542 et
301 505 484 541 sabbatum
507 507 652 550 jejuniis
680 504 1119 543 instituitsobservandum,
1147 508 1299 550 quintum
1316 518 1397 541 vero
1413 509 1512 552 quasi

127 572 331 606 dominicum
362 570 620 605 reservandum.
670 569 813 604 Graecis
852 581 934 617 vero
969 570 1177 605 Christianis
1212 572 1406 607 dicentibus
1431 573 1512 608 sab-

126 636 242 670 batum
272 637 306 680 ι)
332 637 447 681 potius
482 645 584 681 quam
621 636 777 680 quintum
811 635 900 670 diem
924 635 1169 671 celebrandum
1195 637 1398 682 respondit,
1448 638 1512 672 hoc

125 702 199 737 fieri
223 713 291 736 non
317 700 458 744 debere,
485 705 519 735 et
544 701 626 746 quia
652 699 717 735 hoc
743 705 797 736 est
820 701 1020 736 traditionis
1046 702 1264 747 apostolieae
1288 706 1322 737 ct
1347 704 1429 748 quia
1448 703 1510 737 do-

124 768 270 802 minicae
296 766 443 802 debetur
465 767 663 811 compassio
689 766 904 811 sepulturae.
967 768 1030 803 Cui
1056 768 1125 801 illi:
1175 778 1276 802 unum
1303 772 1356 802 est
1380 767 1509 802 sabba-

122 837 193 866 tum
218 832 440 878 sepulturae,
479 834 514 866 in
541 843 608 878 quo
634 832 740 880 semel
765 833 798 865 in
825 842 914 867 anno
935 835 1106 879 JeJ'unium
1132 832 1374 868 exhibendum.
1426 834 1508 873 Qui-

80 899 94 901 ”
123 898 187 933 bus
215 898 402 933 Silvester:
435 899 524 932 sicut
550 899 659 932 omnis
689 897 763 932 dies
789 897 979 933 dominicus
1005 900 1271 933 resurrectionis
1295 899 1431 944 gloria.
1459 902 1507 933 sic

122 974 221 998 omne
247 963 430 998 sabbatum
456 963 641 998 decoratur
668 962 838 998 dominica
850 965 1042 1009 sepultura.
1069 964 1180 1010 Igitur
1206 964 1248 998 de
1275 963 1424 998 sabbato
1450 975 1507 998 ac-

122 1029 324 1074 quiescunt,
371 1029 434 1064 sed
469 1029 511 1064 de
545 1030 666 1075 quinta
692 1029 780 1063 seria
814 1029 1034 1065 vehementer
1058 1029 1268 1064 contendunt
1294 1034 1505 1065 asserentes.

121 1105 189 1129 non
213 1094 342 1130 debere
366 1094 632 1129 christianorum
662 1095 939 1129 solemnitatibus
973 1096 1114 1130 sociari.
1187 1095 1359 1130 Silvestcr
1391 1100 1504 1130 autem

120 1162 196 1206 ejus
218 1160 423 1207 dignitatem
455 1162 642 1205 praecipue
669 1162 703 1194 in
728 1160 839 1195 tribus
866 1161 1029 1195 ostendit.
1079 1161 1247 1201 Quoniam
1274 1159 1338 1195 liae
1364 1161 1419 1195 die
1443 1161 1505 1195 do-

119 1228 229 1270 minus
257 1226 389 1261 coelum
413 1225 571 1260 ascendit
597 1230 631 1261 et
653 1228 812 1271 corporis
839 1227 892 1260 sui
917 1231 951 1261 et
976 1228 1158 1271 sanguinis
1180 1230 1431 1261 sacramentum
1454 1228 1504 1259 in-

119 1293 231 1326 stituit
259 1295 293 1327 et
317 1302 452 1326 sacrum
477 1291 627 1326 chrisma
653 1292 802 1326 ecclesia
827 1291 988 1326 confecit.
1026 1292 1152 1326 Omnes
1177 1293 1284 1336 igitur
1310 1292 1504 1326 rationibus

119 1359 195 1403 ejus
221 1358 456 1402 acquiescunt.
492 1376 531 1381 -—
559 1376 604 1383 —
627 1361 668 1393 2.
695 1356 930 1400 Pei-sequente
954 1361 1067 1391 autem
1094 1357 1321 1391 Constantino
1343 1356 1504 1391 christia-

118 1434 204 1465 nos,
256 1421 428 1456 Silvester
450 1421 491 1456 de
519 1421 603 1456 urbe
629 1423 714 1456 exiit
740 1427 773 1456 et
799 1424 831 1455 in
859 1422 1006 1467 quodam
1033 1427 1147 1456 monte
1171 1432 1245 1456 cum
1271 1423 1343 1455 suis
1368 1421 1503 1456 clericis

117 1490 254 1523 mansit.
303 1487 382 1532 Ipse
411 1491 523 1521 autem
549 1488 798 1522 Constantinus
826 1490 947 1521 merito
971 1489 1226 1532 persecutionis
1250 1489 1451 1531 tyrannicae
1469 1489 1500 1521 in

115 1552 340 1589 incurabilem
371 1551 495 1586 cecidit
528 1552 669 1597 plagam
706 1553 834 1597 leprae..
909 1552 1063 1586 Tandem
1088 1553 1132 1586 ad
1158 1552 1337 1586 consilium
1363 1554 1501 1596 pontilh

114 1630 189 1654 cum
214 1618 394 1664 ydolorum
419 1616 569 1651 adducta
594 1623 672 1651 sunt
696 1620 762 1652 tria
788 1618 893 1652 millia
922 1628 1127 1662 puerorum.
1163 1621 1199 1651 ut
1223 1627 1284 1652 eos
1310 1616 1420 1651 occidi
1446 1618 1498 1651 sa*

114 1688 209 1719 cerct
232 1688 267 1719 et
291 1693 328 1718 se
353 1684 388 1717 in
415 1693 532 1718 eorum
561 1685 732 1729 sanguine
759 1685 889 1718 recenti
914 1687 948 1718 et
972 1683 1086 1717 calido
1123 1683 1316 1717 balnearet.
1388 1681 1498 1727 Egre-

114 1750 229 1784 diente
264 1752 376 1784 autem
401 1759 443 1784 eo
469 1748 513 1782 ad
540 1749 674 1791 locum,
728 1749 785 1783 ubi
814 1749 974 1784 balneum
998 1751 1116 1794 parari
1142 1747 1317 1790 debebat,
1368 1752 1497 1782 matres

113 1825 296 1861 puerorum
320 1814 432 1850 eidem
457 1819 702 1858 occurrerunt,
755 1826 844 1861 quae
875 1816 1039 1849 resolutis
1071 1814 1225 1849 crinibus
1252 1813 1498 1848 miserabiliter

113 1881 312 1923 ululabant,
349 1885 382 1916 et
407 1880 592 1915 lacrimans
620 1882 867 1915 Constantinus
889 1882 997 1926 jussit
1022 1885 1116 1915 stare
1139 1890 1274 1914 currum
1299 1884 1333 1914 et
1359 1880 1499 1925 erigens

112 1957 150 1981 se
185 1946 290 1980 dixit:
338 1945 456 1980 audite
483 1956 536 1981 me
572 1947 716 1980 comites
751 1950 786 1980 et
808 1946 1059 1980 commilitones
1087 1950 1121 1981 et
1151 1956 1269 1980 omnes
1296 1945 1414 1990 populi
1441 1947 1499 1990 qui

111 2011 278 2046 adstatis!
323 2011 477 2056 dignitas
514 2013 645 2045 romani
682 2012 801 2056 populi
836 2011 878 2045 de
905 2012 1000 2046 sonte
1026 2012 1180 2046 nascitur
1203 2013 1366 2056 pietatis,
1409 2020 1498 2055 quae

111 2078 215 2112 etiam
240 2075 329 2111 hane
353 2076 466 2122 legem
494 2076 601 2118 dedit,
629 2081 666 2110 ut
678 2077 820 2122 capitali
838 2078 1032 2111 sententiae
1046 2076 1265 2117 subderetur⁷
1294 2077 1497 2121 quicumque

110 2145 146 2177 in
177 2142 271 2177 hello
308 2142 495 2178 occidisset
537 2142 715 2176 infantem.
797 2142 935 2183 Quanta
976 2152 1062 2187 ergo
1100 2143 1165 2176 erit
1204 2142 1415 2182 crudelitas,
1462 2145 1497 2175 ut

111 2208 176 2243 boe
202 2209 332 2243 nostris
358 2208 525 2242 faciamus
551 2208 650 2250 filiis,
700 2207 792 2253 quod
820 2208 892 2243 fieri
921 2206 1159 2252 prohibuimus
1183 2207 1338 2242 alienis?
1409 2207 1497 2247 Quid

107 2276 209 2319 juvat
230 2273 402 2308 barbaros
427 2283 638 2319 superasse,
675 2275 705 2307 si
731 2283 751 2307 a
774 2273 983 2308 erudelitate
1012 2274 1213 2308 vincamur?
1261 2273 1346 2307 Nam
1373 2274 1498 2306 vicisse

111 2342 296 2374 extraneas
313 2339 472 2388 nationes
499 2339 635 2373 ratione
661 2340 783 2373 virium
809 2343 862 2374 est
887 2338 1089 2373 bellantium
1116 2338 1334 2383 populorum,
1360 2338 1498 2371 vincere

111 2408 224 2438 autem
250 2404 336 2437 vitia
361 2406 395 2436 et
420 2407 564 2446 peccata
589 2405 698 2438 virtus
723 2408 778 2439 est
803 2414 945 2438 morum.
985 2403 1023 2437 In
1047 2403 1117 2437 illis
1145 2413 1231 2447 ergo
1257 2401 1401 2447 praeliis
1426 2401 1491 2436 sor

109 2471 218 2503 tiores
245 2479 307 2503 nos
333 2468 530 2503 exsistimus
556 2467 645 2511 illis⁷
684 2470 717 2503 in
745 2469 799 2503 his
825 2478 909 2503 vero
937 2467 1039 2501 nobts
1065 2468 1152 2511 ipsis
1179 2466 1342 2502 fortiores
1370 2477 1496 2501 sumus.

111 2534 174 2574 Qui
220 2535 308 2568 enim
354 2532 457 2566 suerit
497 2533 528 2565 in
565 2534 633 2567 isto
670 2534 857 2568 certamine
891 2536 1097 2576 superatus,
1153 2534 1331 2566 victoriani
1368 2531 1499 2566 obtinet

195 2681 221 2710 1)
250 2676 326 2705 Edit.
354 2680 395 2704 Pr.
421 2676 507 2709 legit.
546 2677 755 2702 snt-batum
786 2679 806 2700 V
838 2676 897 2701 ‹lio
927 2675 1197 2703 celebrandum
