1742 3005
378 134 476 183 Cap.
507 131 638 170 XLW.
700 131 758 168 De
790 136 921 168 sancto
954 127 1155 178 Gregorio.
1378 125 1453 163 193

70 239 169 279 eitis,
201 238 250 271 ita
277 240 351 279 est,
386 238 433 271 sit
457 237 525 277 ita,
562 238 643 282 quia
669 235 797 269 dicitis.
855 233 1036 269 Vocabula
1069 234 1170 268 etiam
1199 231 1372 276 jactantia
1398 230 1451 263 vel

67 303 249 337 utilitatem
281 296 445 337 sonantia
477 303 613 336 omnino
660 300 866 345 respuebat,
916 298 1006 333 unde
1048 297 1197 342 Eulogio
1230 295 1452 342 patriarchae

65 367 316 409 Alexandrino,
350 369 410 413 qui
437 379 514 403 eum
538 367 769 401 universalem
793 375 918 411 papam
943 367 1149 403 vocaverat,
1176 365 1225 397 ita
1249 362 1390 396 scribit:
1417 362 1451 394 in

67 433 286 478 praefatione
312 433 497 479 epistolae,
524 443 625 478 quam
645 432 691 466 ad
714 442 766 466 me
794 431 985 471 direxistis,
1011 429 1185 473 superbae
1205 428 1452 472 appellationis

66 500 220 540 verbum,
244 499 477 534 universalem
496 509 548 532 me
567 507 693 542 papam
714 496 882 537 dicentes,
904 496 1099 539 imprimere
1116 495 1308 527 curavistis.
1338 494 1450 533 Quod.

65 568 166 608 peto,
195 564 397 598 dulcissima
423 565 591 597 sanctitas
619 566 737 596 vestra.
761 561 853 595 ultra
879 571 948 594 non
972 559 1097 596 saciat,
1133 561 1214 604 qnia
1238 558 1338 592 robis
1365 560 1448 592 sul)-

65 629 234 671 trahitur,
259 629 353 674 quod
379 629 482 663 alteri
509 628 587 673 plus
609 637 710 673 quam
736 628 826 660 ratio
853 627 984 671 exigat,
1012 624 1210 669 praebetur.
1259 623 1334 670 Ego
1362 626 1449 659 enim

65 695 180 729 verbis
206 697 410 739 prosperari
434 705 503 728 non
530 704 660 739 quaero
676 721 684 734 ,
711 691 775 727 sed
800 692 975 733 moribus,
1000 700 1065 725 nee
1090 690 1257 724 honorem
1281 700 1361 724 esse
1387 690 1448 724 de-

64 763 166 803 puto.
208 761 242 793 in
269 771 336 805 quo
371 759 497 794 fratres
524 758 691 793 honorem
723 768 821 792 suum
851 757 1000 802 perdere
1034 766 1223 802 cognosco.
1272 755 1452 790 Recedant

63 834 149 870 ergo
175 825 293 867 verba,
319 835 408 870 quae
433 826 619 859 vanitatem
641 823 783 865 inflant,
820 824 999 857 caritatem
1024 823 1217 856 vulnerant.
1272 822 1357 855 Hine
1384 826 1449 861 est,

63 889 158 934 quod
183 900 257 923 cum
284 889 461 925 Johannes
490 893 676 935 episeopus
707 888 1114 932 Constantinopolitanus
1148 887 1216 921 hoc
1242 887 1447 921 vocabulum

62 956 226 989 vanitatis
260 956 328 989 sibi
358 959 545 1000 usurparet
569 959 604 989 et
635 964 673 989 se
699 954 929 988 universalem
957 964 1080 998 papam
1114 955 1231 987 vocari
1264 964 1285 988 a
1315 953 1448 998 SJnodo

63 1019 304 1055 fraudulenter
327 1022 556 1062 obtinuisset,
582 1021 673 1054 inter
700 1024 840 1054 caetera
867 1021 919 1053 sie
945 1019 988 1053 de
1017 1030 1057 1061 eo
1084 1020 1208 1054 scribit
1235 1019 1447 1066 Gregorius:

63 1086 140 1130 quis
166 1090 220 1120 est
241 1087 321 1128 iste,
347 1088 404 1131 qui
427 1090 548 1120 contra
572 1090 702 1120 statuta
727 1085 944 1129 evangelica,
973 1090 1093 1119 contra
1111 1096 1279 1120 canonum
1305 1086 1446 1120 decreta

62 1161 186 1185 novum
213 1151 282 1186 sibi
306 1162 431 1186 nomen
454 1162 624 1196 usurpare
655 1153 865 1196 praesumit,
904 1155 942 1185 ut
970 1151 1064 1186 velut
1089 1153 1164 1185 sine
1188 1153 1376 1185 minutione
1403 1153 1447 1185 sit

62 1226 170 1257 unus,
205 1218 265 1262 qui
291 1218 425 1262 appetit
458 1227 538 1251 esse
569 1219 764 1252 universus.
820 1216 970 1251 Verbum
1005 1218 1107 1250 etiam
1127 1218 1300 1261 jussionis
1334 1218 1403 1251 sibi
1426 1228 1446 1250 a

64 1283 285 1327 coepiscopis
311 1282 381 1317 dici
408 1282 568 1324 nolebat,
594 1282 685 1317 unde
716 1284 765 1316 ait
791 1284 825 1316 in
852 1282 1003 1326 epistola
1031 1282 1075 1315 ad
1096 1281 1279 1327 Eulogium
1307 1286 1443 1328 episco-

64 1357 142 1391 pum
165 1346 457 1382 Alexandrinum:
489 1352 607 1382 vestra
631 1347 715 1380 mihi
741 1349 869 1380 caritas
896 1347 1049 1392 loquitur
1075 1347 1217 1389 dicens;
1253 1350 1342 1383 sicut
1363 1351 1442 1394 jus-

63 1413 172 1454 sistis,
198 1412 291 1457 quod
307 1413 445 1447 verbum
467 1414 639 1458 jussionis
664 1416 744 1456 peto
771 1422 791 1445 a
810 1422 885 1446 meo
906 1412 1027 1446 auditu
1049 1415 1230 1450 removeri.
1257 1416 1338 1459 quia
1357 1418 1443 1453 scio,

63 1478 121 1521 qui
148 1487 222 1511 sum
248 1482 282 1512 et
309 1480 367 1523 qui
393 1481 498 1519 estis;
524 1478 603 1512 loco
629 1479 717 1512 enim
742 1477 824 1511 mihi
850 1478 975 1511 fratres
1003 1479 1106 1513 estis.
1132 1479 1285 1514 moribus
1312 1486 1441 1525 patres.

60 1541 206 1587 Insuper
230 1542 274 1577 ob
300 1545 437 1578 nimiam
463 1543 710 1585 humilitatem,
749 1553 817 1588 qua
842 1547 917 1577 erat
941 1543 1141 1587 praeditus,
1179 1545 1321 1579 nolebat
1350 1548 1443 1592 quod

60 1612 239 1643 matronae
266 1618 305 1643 se
331 1609 477 1643 ancillas
505 1619 587 1643 suas
612 1608 779 1643 dicerent.
814 1607 911 1643 Unde
937 1607 1148 1643 Rusticanae
1164 1612 1334 1653 patriciae
1354 1616 1442 1648 scri-

59 1674 147 1709 bens
162 1676 230 1709 ait:
255 1677 406 1710 nnumin
424 1678 492 1710 tuis
519 1675 677 1720 epistolis
700 1684 807 1718 aegre
829 1675 981 1718 suscepi.
1007 1676 1099 1719 quia.
1128 1675 1219 1720 quod
1240 1677 1346 1711 semel
1366 1689 1446 1713 esse

60 1745 209 1785 poterat,
236 1742 377 1785 saepius
406 1740 609 1776 dicebatur:
648 1739 777 1774 ancilla
803 1744 940 1779 vestra,
970 1745 1002 1774 et
1028 1740 1156 1774 ancilla
1188 1747 1314 1777 vestra.
1367 1743 1443 1791 Ego

61 1807 170 1848 enim,
211 1807 269 1852 qui
293 1817 357 1851 per
381 1808 604 1851 episcopatus
632 1815 741 1840 onera
773 1806 922 1839 omnium
948 1815 1069 1839 servus
1101 1816 1174 1840 sum
1201 1807 1334 1851 sactu&
1377 1823 1446 1857 qua

59 1873 194 1907 ratione
220 1876 256 1907 te
279 1871 363 1906 mihi
389 1871 549 1906 ancillam
575 1871 693 1905 dicis?
744 1871 842 1916 cujus
876 1875 956 1905 ante
986 1872 1210 1916 episcopatus
1243 1881 1442 1920 susceptum

58 1938 220 1982 proprius
246 1937 307 1980 sui,
333 1942 367 1972 et
390 1936 471 1972 ideo
497 1948 586 1983 rogo
612 1948 676 1981 per
699 1937 967 1980 omnipotentem
994 1936 1114 1979 Deum,
1140 1948 1183 1972 ne
1208 1938 1277 1973 hoe
1305 1944 1443 1977 verbum

58 2001 247 2047 aliquando
273 2002 318 2037 ad
345 2013 398 2037 me
421 2004 457 2036 in
484 2004 624 2047 seriptis
643 2004 712 2037 tuis
732 2003 914 2036 inveniam.
962 2001 1096 2037 Primus
1122 2005 1158 2038 in
1183 2006 1256 2039 suis
1282 2008 1443 2051 epistolis

60 2077 99 2102 se
112 2077 248 2102 sermm
270 2078 448 2102 servorum
466 2067 531 2102 Dei
549 2068 738 2101 nominavit
763 2072 796 2101 et
819 2067 908 2101 alios
934 2069 1103 2102 nominari
1121 2071 1279 2104 instituit.
1313 2071 1441 2108 Libros

59 2141 154 2174 suos,
180 2131 260 2167 ‹lum
287 2132 402 2167 adhue
424 2134 579 2175 viveret,
621 2133 665 2167 ob
690 2134 829 2167 nimiam
854 2132 1080 2167 humilitatem
1104 2134 1275 2178 publicari
1300 2137 1445 2173 nolebat

60 2201 95 2231 et
117 2199 152 2231 in
175 2197 322 2232 aliorum
347 2199 606 2243 comparatione
631 2209 714 2232 suos
736 2198 824 2232 nihil
850 2198 966 2232 valere
985 2200 1203 2242 aestimabat,
1231 2201 1322 2236 unde
1337 2202 1439 2238 Inno-

60 2263 173 2297 centio
198 2263 378 2307 praefecto
403 2263 546 2299 Africae
571 2265 623 2298 sie
647 2263 788 2298 scribit:
816 2264 909 2309 quod
936 2266 1189 2309 expositionem
1217 2267 1354 2303 scilicet
1376 2268 1442 2304 Job

59 2328 160 2362 vobis
186 2330 373 2362 transmitti
395 2329 576 2372 voluistis,
604 2334 721 2364 vestro
749 2329 865 2364 studio
900 2330 1179 2374 congaudemus,
1205 2331 1267 2367 sed
1297 2334 1327 2366 si
1353 2332 1442 2367 deli-

59 2395 157 2427 cioso
183 2394 309 2437 cupitis
334 2392 463 2437 pabulo
488 2396 664 2439 saginari,
711 2394 807 2429 beati
830 2394 1020 2439 Augustini
1053 2398 1303 2439 compatriotae
1334 2399 1442 2431 vestri

59 2457 229 2503 opuscula
251 2457 360 2503 legite
387 2462 421 2492 et
443 2458 490 2492 ad
516 2460 808 2502 comparationem
832 2458 928 2492 illius
957 2459 1164 2503 similaginis
1189 2465 1341 2495 nostrum
1368 2462 1440 2496 sur·

61 2523 171 2558 furem
194 2534 265 2557 non
290 2523 486 2567 quaeram,
522 2532 636 2567 neque
663 2524 751 2557 enim
777 2522 876 2563 volo,
906 2521 985 2556 dum
1010 2524 1044 2557 in
1070 2523 1135 2557 hae
1164 2534 1268 2559 carne
1291 2536 1384 2569 suin,
1411 2530 1441 2563 si

4 2587 144 2633 §guid
168 2587 300 2623 dixisse
325 2597 378 2621 me
416 2588 585 2632 contigit,
624 2597 665 2622 ea
690 2587 795 2621 facile
829 2586 1026 2622 hominihus
1059 2590 1243 2624 innotesci.
1293 2591 1443 2638 Legitur

61 2662 199 2697 quoque
222 2654 258 2687 in
283 2652 432 2698 quodam
458 2651 547 2686 libro
574 2651 617 2686 de
644 2651 776 2687 Graeco
802 2653 836 2686 in
860 2651 1020 2687 Latinum
1045 2654 1226 2696 translato,
1254 2656 1344 2701 quod
1365 2661 1441 2703 qui-

63 2715 140 2752 dam
164 2721 305 2753 sanctus
331 2721 432 2762 pater
461 2718 599 2752 nomine
633 2717 744 2751 abbas
771 2716 971 2756 Johannes,
1017 2728 1091 2754 cum
1114 2718 1255 2756 Romam
1288 2722 1332 2757 ad
1358 2725 1442 2759 visi-

1082 2785 1124 2819 13
