<?xml version="1.0" encoding="UTF-8"?>
<!DOCTYPE html PUBLIC "-//W3C//DTD XHTML 1.0 Transitional//EN"
    "http://www.w3.org/TR/xhtml1/DTD/xhtml1-transitional.dtd">
<html xmlns="http://www.w3.org/1999/xhtml" xml:lang="en" lang="en">
 <head>
  <title>
</title>
<meta http-equiv="Content-Type" content="text/html;charset=utf-8" />
  <meta name='ocr-system' content='tesseract 3.04.00' />
  <meta name='ocr-capabilities' content='ocr_page ocr_carea ocr_par ocr_line ocrx_word'/>
</head>
<body>
  <div class='ocr_page' id='page_1' title='image "./legendaaureavulg00jacouoft_0946.png"; bbox 0 0 1742 3005; ppageno 0'>
   <div class='ocr_carea' id='block_1_1' title="bbox 225 89 1333 144">
    <p class='ocr_par' dir='ltr' id='par_1_1' title="bbox 225 89 1333 144">
     <span class='ocr_line' id='line_1_1' title="bbox 225 89 1333 144; baseline -0.008 -8"><span class='ocrx_word' id='word_1_1' title='bbox 225 98 307 139; x_wconf 75' lang='lat'>906</span> <span class='ocrx_word' id='word_1_2' title='bbox 510 97 608 144; x_wconf 78' lang='lat' dir='ltr'>Cap.</span> <span class='ocrx_word' id='word_1_3' title='bbox 632 93 764 130; x_wconf 76' lang='lat' dir='ltr'>CCtx.</span> <span class='ocrx_word' id='word_1_4' title='bbox 823 92 881 127; x_wconf 85' lang='lat' dir='ltr'>De</span> <span class='ocrx_word' id='word_1_5' title='bbox 913 95 1044 127; x_wconf 75' lang='lat' dir='ltr'>sancta</span> <span class='ocrx_word' id='word_1_6' title='bbox 1072 89 1333 140; x_wconf 75' lang='lat' dir='ltr'>Kunegunde.</span> 
     </span>
    </p>
   </div>
   <div class='ocr_carea' id='block_1_2' title="bbox 200 194 1625 2732">
    <p class='ocr_par' dir='ltr' id='par_1_2' title="bbox 230 194 1624 1080">
     <span class='ocr_line' id='line_1_2' title="bbox 231 194 1617 234; baseline -0.008 -3"><span class='ocrx_word' id='word_1_7' title='bbox 231 206 284 233; x_wconf 72' lang='lat' dir='ltr'>sub</span> <span class='ocrx_word' id='word_1_8' title='bbox 305 202 392 230; x_wconf 79' lang='lat' dir='ltr'>titulo</span> <span class='ocrx_word' id='word_1_9' title='bbox 413 199 493 227; x_wconf 81' lang='lat' dir='ltr'>beati</span> <span class='ocrx_word' id='word_1_10' title='bbox 511 197 732 234; x_wconf 72' lang='lat' dir='ltr'>protomartiris</span> <span class='ocrx_word' id='word_1_11' title='bbox 751 194 896 229; x_wconf 84' lang='lat' dir='ltr'>Stephani</span> <span class='ocrx_word' id='word_1_12' title='bbox 913 201 1008 230; x_wconf 83' lang='lat' dir='ltr'>parvo</span> <span class='ocrx_word' id='word_1_13' title='bbox 1023 194 1144 228; x_wconf 84' lang='lat' dir='ltr'>quidem</span> <span class='ocrx_word' id='word_1_14' title='bbox 1160 195 1321 228; x_wconf 79' lang='lat' dir='ltr'>schemate,</span> <span class='ocrx_word' id='word_1_15' title='bbox 1340 195 1391 222; x_wconf 84' lang='lat' dir='ltr'>sed</span> <span class='ocrx_word' id='word_1_16' title='bbox 1408 194 1512 229; x_wconf 87' lang='lat' dir='ltr'>majori</span> <span class='ocrx_word' id='word_1_17' title='bbox 1526 202 1617 229; x_wconf 69' lang='lat' dir='ltr'>opera</span> 
     </span>
     <span class='ocr_line' id='line_1_3' title="bbox 231 238 1617 276; baseline -0.006 -2"><span class='ocrx_word' id='word_1_18' title='bbox 231 250 267 276; x_wconf 80' lang='lat' dir='ltr'>de</span> <span class='ocrx_word' id='word_1_19' title='bbox 287 255 339 274; x_wconf 89' lang='lat' dir='ltr'>suo</span> <span class='ocrx_word' id='word_1_20' title='bbox 359 244 549 272; x_wconf 81' lang='lat' dir='ltr'>matrimonio</span> <span class='ocrx_word' id='word_1_21' title='bbox 567 241 725 270; x_wconf 76' lang='lat' dir='ltr'>ecclesiam</span> <span class='ocrx_word' id='word_1_22' title='bbox 744 238 914 271; x_wconf 78' lang='lat' dir='ltr'>dedicavit,</span> <span class='ocrx_word' id='word_1_23' title='bbox 942 238 981 264; x_wconf 82' lang='lat' dir='ltr'>ad</span> <span class='ocrx_word' id='word_1_24' title='bbox 1007 249 1095 272; x_wconf 86' lang='lat' dir='ltr'>quam</span> <span class='ocrx_word' id='word_1_25' title='bbox 1119 238 1318 266; x_wconf 74' lang='lat' dir='ltr'>dedicandam</span> <span class='ocrx_word' id='word_1_26' title='bbox 1344 239 1539 266; x_wconf 86' lang='lat' dir='ltr'>Benedictum</span> <span class='ocrx_word' id='word_1_27' title='bbox 1564 249 1617 274; x_wconf 87' lang='lat' dir='ltr'>pa-</span> 
     </span>
     <span class='ocr_line' id='line_1_4' title="bbox 232 282 1618 327; baseline -0.006 -9"><span class='ocrx_word' id='word_1_28' title='bbox 232 302 315 327; x_wconf 86' lang='lat' dir='ltr'>pam,</span> <span class='ocrx_word' id='word_1_29' title='bbox 347 298 435 323; x_wconf 89' lang='lat' dir='ltr'>quem</span> <span class='ocrx_word' id='word_1_30' title='bbox 461 287 598 322; x_wconf 84' lang='lat' dir='ltr'>privatus</span> <span class='ocrx_word' id='word_1_31' title='bbox 625 290 688 313; x_wconf 90' lang='lat' dir='ltr'>Deo</span> <span class='ocrx_word' id='word_1_32' title='bbox 714 285 820 317; x_wconf 84' lang='lat' dir='ltr'>dignus</span> <span class='ocrx_word' id='word_1_33' title='bbox 847 284 1012 318; x_wconf 87' lang='lat' dir='ltr'>imperator</span> <span class='ocrx_word' id='word_1_34' title='bbox 1035 283 1179 311; x_wconf 84' lang='lat' dir='ltr'>Henricus</span> <span class='ocrx_word' id='word_1_35' title='bbox 1206 283 1246 310; x_wconf 85' lang='lat' dir='ltr'>ad</span> <span class='ocrx_word' id='word_1_36' title='bbox 1271 282 1506 310; x_wconf 80' lang='lat' dir='ltr'>confirmandum</span> <span class='ocrx_word' id='word_1_37' title='bbox 1530 286 1618 310; x_wconf 86' lang='lat' dir='ltr'>Bam-</span> 
     </span>
     <span class='ocr_line' id='line_1_5' title="bbox 230 327 1618 368; baseline -0.005 -6"><span class='ocrx_word' id='word_1_38' title='bbox 230 337 405 367; x_wconf 72' lang='lat' dir='ltr'>bergensem</span> <span class='ocrx_word' id='word_1_39' title='bbox 426 333 633 368; x_wconf 78' lang='lat' dir='ltr'>pontificatum</span> <span class='ocrx_word' id='word_1_40' title='bbox 652 331 865 362; x_wconf 68' lang='lat' dir='ltr'>advocaverat,</span> <span class='ocrx_word' id='word_1_41' title='bbox 883 328 987 356; x_wconf 75' lang='lat' dir='ltr'>venire</span> <span class='ocrx_word' id='word_1_42' title='bbox 1006 327 1132 360; x_wconf 75' lang='lat' dir='ltr'>rogavit.</span> <span class='ocrx_word' id='word_1_43' title='bbox 1168 331 1237 363; x_wconf 85' lang='lat' dir='ltr'>Ipsa</span> <span class='ocrx_word' id='word_1_44' title='bbox 1256 337 1374 361; x_wconf 86' lang='lat' dir='ltr'>quoque</span> <span class='ocrx_word' id='word_1_45' title='bbox 1392 327 1469 354; x_wconf 87' lang='lat' dir='ltr'>illud</span> <span class='ocrx_word' id='word_1_46' title='bbox 1487 329 1618 362; x_wconf 86' lang='lat' dir='ltr'>psalmo-</span> 
     </span>
     <span class='ocr_line' id='line_1_6' title="bbox 230 371 1619 414; baseline -0.006 -8"><span class='ocrx_word' id='word_1_47' title='bbox 230 379 335 414; x_wconf 83' lang='lat' dir='ltr'>graphi</span> <span class='ocrx_word' id='word_1_48' title='bbox 359 388 459 405; x_wconf 83' lang='lat' dir='ltr'>secum</span> <span class='ocrx_word' id='word_1_49' title='bbox 486 378 661 404; x_wconf 68' lang='lat' dir='ltr'>decantansa</span> <span class='ocrx_word' id='word_1_50' title='bbox 693 375 831 407; x_wconf 82' lang='lat' dir='ltr'>domine,</span> <span class='ocrx_word' id='word_1_51' title='bbox 859 373 953 405; x_wconf 77' lang='lat' dir='ltr'>dilexi</span> <span class='ocrx_word' id='word_1_52' title='bbox 977 373 1115 400; x_wconf 79' lang='lat' dir='ltr'>decorem</span> <span class='ocrx_word' id='word_1_53' title='bbox 1142 373 1247 399; x_wconf 89' lang='lat' dir='ltr'>domus</span> <span class='ocrx_word' id='word_1_54' title='bbox 1275 378 1359 404; x_wconf 84' lang='lat' dir='ltr'>tuae,</span> <span class='ocrx_word' id='word_1_55' title='bbox 1384 371 1504 398; x_wconf 75' lang='lat' dir='ltr'>diversa</span> <span class='ocrx_word' id='word_1_56' title='bbox 1522 372 1619 399; x_wconf 87' lang='lat' dir='ltr'>eidem</span> 
     </span>
     <span class='ocr_line' id='line_1_7' title="bbox 230 416 1619 457; baseline -0.006 -6"><span class='ocrx_word' id='word_1_57' title='bbox 230 424 375 452; x_wconf 81' lang='lat' dir='ltr'>ecclesiae</span> <span class='ocrx_word' id='word_1_58' title='bbox 393 425 474 456; x_wconf 71' lang='lat' dir='ltr'>juxta</span> <span class='ocrx_word' id='word_1_59' title='bbox 494 420 680 457; x_wconf 69' lang='lat' dir='ltr'>imperialem</span> <span class='ocrx_word' id='word_1_60' title='bbox 700 418 951 451; x_wconf 75' lang='lat' dir='ltr'>magnificentiam</span> <span class='ocrx_word' id='word_1_61' title='bbox 970 427 1089 444; x_wconf 84' lang='lat' dir='ltr'>munera</span> <span class='ocrx_word' id='word_1_62' title='bbox 1111 417 1254 450; x_wconf 89' lang='lat' dir='ltr'>contulit,</span> <span class='ocrx_word' id='word_1_63' title='bbox 1279 416 1311 443; x_wconf 83' lang='lat' dir='ltr'>in</span> <span class='ocrx_word' id='word_1_64' title='bbox 1329 416 1457 443; x_wconf 74' lang='lat' dir='ltr'>diversis</span> <span class='ocrx_word' id='word_1_65' title='bbox 1477 416 1619 443; x_wconf 85' lang='lat' dir='ltr'>ecclesiae</span> 
     </span>
     <span class='ocr_line' id='line_1_8' title="bbox 231 459 1621 500; baseline -0.007 -4"><span class='ocrx_word' id='word_1_66' title='bbox 231 468 428 500; x_wconf 85' lang='lat' dir='ltr'>ornamentis,</span> <span class='ocrx_word' id='word_1_67' title='bbox 455 477 529 500; x_wconf 87' lang='lat' dir='ltr'>quae</span> <span class='ocrx_word' id='word_1_68' title='bbox 557 466 658 493; x_wconf 80' lang='lat' dir='ltr'>onmia</span> <span class='ocrx_word' id='word_1_69' title='bbox 684 465 749 500; x_wconf 81' lang='lat' dir='ltr'>ipsc</span> <span class='ocrx_word' id='word_1_70' title='bbox 777 463 915 490; x_wconf 87' lang='lat' dir='ltr'>dominns</span> <span class='ocrx_word' id='word_1_71' title='bbox 942 462 1140 497; x_wconf 80' lang='lat' dir='ltr'>apostolicus,</span> <span class='ocrx_word' id='word_1_72' title='bbox 1166 467 1198 488; x_wconf 86' lang='lat' dir='ltr'>ut</span> <span class='ocrx_word' id='word_1_73' title='bbox 1217 471 1335 496; x_wconf 77' lang='lat' dir='ltr'><strong>semper</strong></span> <span class='ocrx_word' id='word_1_74' title='bbox 1352 460 1493 488; x_wconf 79' lang='lat' dir='ltr'>memoria</span> <span class='ocrx_word' id='word_1_75' title='bbox 1512 459 1621 487; x_wconf 84' lang='lat' dir='ltr'>sunda-</span> 
     </span>
     <span class='ocr_line' id='line_1_9' title="bbox 230 505 1620 548; baseline -0.006 -8"><span class='ocrx_word' id='word_1_76' title='bbox 230 514 312 542; x_wconf 87' lang='lat' dir='ltr'>tricis</span> <span class='ocrx_word' id='word_1_77' title='bbox 339 512 434 548; x_wconf 68' lang='lat' dir='ltr'>ipsius</span> <span class='ocrx_word' id='word_1_78' title='bbox 461 512 525 538; x_wconf 78' lang='lat' dir='ltr'>illic</span> <span class='ocrx_word' id='word_1_79' title='bbox 549 512 668 543; x_wconf 85' lang='lat' dir='ltr'>floreat,</span> <span class='ocrx_word' id='word_1_80' title='bbox 697 519 733 537; x_wconf 85' lang='lat' dir='ltr'>ne</span> <span class='ocrx_word' id='word_1_81' title='bbox 750 508 870 542; x_wconf 86' lang='lat' dir='ltr'>qnando</span> <span class='ocrx_word' id='word_1_82' title='bbox 895 517 949 542; x_wconf 84' lang='lat' dir='ltr'>per</span> <span class='ocrx_word' id='word_1_83' title='bbox 964 507 1102 534; x_wconf 75' lang='lat' dir='ltr'>fraudem</span> <span class='ocrx_word' id='word_1_84' title='bbox 1121 511 1171 533; x_wconf 82' lang='lat' dir='ltr'>aut</span> <span class='ocrx_word' id='word_1_85' title='bbox 1188 506 1365 533; x_wconf 72' lang='lat' dir='ltr'>violentiam</span> <span class='ocrx_word' id='word_1_86' title='bbox 1382 505 1431 532; x_wconf 78' lang='lat' dir='ltr'>vel</span> <span class='ocrx_word' id='word_1_87' title='bbox 1450 505 1529 532; x_wconf 80' lang='lat' dir='ltr'>furto</span> <span class='ocrx_word' id='word_1_88' title='bbox 1549 506 1620 532; x_wconf 82' lang='lat' dir='ltr'>sub-</span> 
     </span>
     <span class='ocr_line' id='line_1_10' title="bbox 230 550 1621 589; baseline -0.008 -2"><span class='ocrx_word' id='word_1_89' title='bbox 230 560 431 589; x_wconf 70' lang='lat' dir='ltr'>traherentur,</span> <span class='ocrx_word' id='word_1_90' title='bbox 467 557 541 583; x_wconf 87' lang='lat' dir='ltr'>dura</span> <span class='ocrx_word' id='word_1_91' title='bbox 562 554 653 581; x_wconf 87' lang='lat' dir='ltr'>banni</span> <span class='ocrx_word' id='word_1_92' title='bbox 677 554 723 582; x_wconf 89' lang='lat' dir='ltr'>sui</span> <span class='ocrx_word' id='word_1_93' title='bbox 749 553 957 585; x_wconf 73' lang='lat' dir='ltr'>innodatione,</span> <span class='ocrx_word' id='word_1_94' title='bbox 988 555 1082 578; x_wconf 82' lang='lat' dir='ltr'>LXXI</span> <span class='ocrx_word' id='word_1_95' title='bbox 1105 560 1224 585; x_wconf 80' lang='lat' dir='ltr'>qnoque</span> <span class='ocrx_word' id='word_1_96' title='bbox 1250 550 1376 578; x_wconf 87' lang='lat' dir='ltr'>duorum</span> <span class='ocrx_word' id='word_1_97' title='bbox 1401 550 1621 584; x_wconf 81' lang='lat' dir='ltr'>episcoporum,</span> 
     </span>
     <span class='ocr_line' id='line_1_11' title="bbox 233 594 1621 638; baseline -0.006 -8"><span class='ocrx_word' id='word_1_98' title='bbox 233 604 284 638; x_wconf 84' lang='lat' dir='ltr'>qui</span> <span class='ocrx_word' id='word_1_99' title='bbox 302 603 374 630; x_wconf 83' lang='lat' dir='ltr'>illuc</span> <span class='ocrx_word' id='word_1_100' title='bbox 392 601 532 633; x_wconf 76' lang='lat' dir='ltr'>aderant,</span> <span class='ocrx_word' id='word_1_101' title='bbox 560 599 736 627; x_wconf 83' lang='lat' dir='ltr'>auctoritate</span> <span class='ocrx_word' id='word_1_102' title='bbox 756 598 822 632; x_wconf 89' lang='lat' dir='ltr'>ipso</span> <span class='ocrx_word' id='word_1_103' title='bbox 843 597 891 624; x_wconf 84' lang='lat' dir='ltr'>die</span> <span class='ocrx_word' id='word_1_104' title='bbox 911 595 1108 625; x_wconf 78' lang='lat' dir='ltr'>confirmavit.</span> <span class='ocrx_word' id='word_1_105' title='bbox 1143 600 1218 622; x_wconf 85' lang='lat' dir='ltr'>Item</span> <span class='ocrx_word' id='word_1_106' title='bbox 1236 594 1450 622; x_wconf 86' lang='lat' dir='ltr'>monasterium</span> <span class='ocrx_word' id='word_1_107' title='bbox 1469 595 1507 621; x_wconf 83' lang='lat' dir='ltr'>ad</span> <span class='ocrx_word' id='word_1_108' title='bbox 1526 595 1621 622; x_wconf 78' lang='lat' dir='ltr'>liono-</span> 
     </span>
     <span class='ocr_line' id='line_1_12' title="bbox 232 639 1620 676; baseline -0.007 -1"><span class='ocrx_word' id='word_1_109' title='bbox 232 658 294 676; x_wconf 86' lang='lat' dir='ltr'>rem</span> <span class='ocrx_word' id='word_1_110' title='bbox 320 645 415 674; x_wconf 77' lang='lat' dir='ltr'>saneti</span> <span class='ocrx_word' id='word_1_111' title='bbox 442 645 602 672; x_wconf 76' lang='lat' dir='ltr'>salvatoris</span> <span class='ocrx_word' id='word_1_112' title='bbox 628 643 722 670; x_wconf 86' lang='lat' dir='ltr'>nostri</span> <span class='ocrx_word' id='word_1_113' title='bbox 746 647 816 670; x_wconf 86' lang='lat' dir='ltr'>Jesu</span> <span class='ocrx_word' id='word_1_114' title='bbox 842 641 950 669; x_wconf 84' lang='lat' dir='ltr'>Christi</span> <span class='ocrx_word' id='word_1_115' title='bbox 969 646 998 668; x_wconf 86' lang='lat' dir='ltr'>et</span> <span class='ocrx_word' id='word_1_116' title='bbox 1017 643 1079 675; x_wconf 84' lang='lat' dir='ltr'>ejus</span> <span class='ocrx_word' id='word_1_117' title='bbox 1098 639 1366 667; x_wconf 68' lang='lat' dir='ltr'>victoriosissimae</span> <span class='ocrx_word' id='word_1_118' title='bbox 1385 639 1478 666; x_wconf 88' lang='lat' dir='ltr'>crucis</span> <span class='ocrx_word' id='word_1_119' title='bbox 1498 639 1528 666; x_wconf 88' lang='lat' dir='ltr'>in</span> <span class='ocrx_word' id='word_1_120' title='bbox 1543 639 1620 672; x_wconf 86' lang='lat' dir='ltr'>loco,</span> 
     </span>
     <span class='ocr_line' id='line_1_13' title="bbox 232 683 1621 726; baseline -0.006 -7"><span class='ocrx_word' id='word_1_121' title='bbox 232 692 284 726; x_wconf 83' lang='lat' dir='ltr'>qui</span> <span class='ocrx_word' id='word_1_122' title='bbox 303 688 445 721; x_wconf 81' lang='lat' dir='ltr'>confugia</span> <span class='ocrx_word' id='word_1_123' title='bbox 464 688 590 720; x_wconf 82' lang='lat' dir='ltr'>dicitur,</span> <span class='ocrx_word' id='word_1_124' title='bbox 618 687 774 719; x_wconf 75' lang='lat' dir='ltr'>magnifice</span> <span class='ocrx_word' id='word_1_125' title='bbox 800 686 964 713; x_wconf 72' lang='lat' dir='ltr'>construxit</span> <span class='ocrx_word' id='word_1_126' title='bbox 984 690 1013 712; x_wconf 88' lang='lat' dir='ltr'>et</span> <span class='ocrx_word' id='word_1_127' title='bbox 1031 684 1205 712; x_wconf 77' lang='lat' dir='ltr'>aucium-usn</span> <span class='ocrx_word' id='word_1_128' title='bbox 1224 684 1280 711; x_wconf 85' lang='lat' dir='ltr'>Dei</span> <span class='ocrx_word' id='word_1_129' title='bbox 1299 683 1413 711; x_wconf 83' lang='lat' dir='ltr'>ibidem</span> <span class='ocrx_word' id='word_1_130' title='bbox 1432 687 1621 711; x_wconf 84' lang='lat' dir='ltr'>Deosecun-</span> 
     </span>
     <span class='ocr_line' id='line_1_14' title="bbox 233 728 1621 766; baseline -0.005 -3"><span class='ocrx_word' id='word_1_131' title='bbox 233 737 304 763; x_wconf 87' lang='lat' dir='ltr'>dum</span> <span class='ocrx_word' id='word_1_132' title='bbox 316 734 448 766; x_wconf 74' lang='lat' dir='ltr'>regulam</span> <span class='ocrx_word' id='word_1_133' title='bbox 462 732 543 759; x_wconf 84' lang='lat' dir='ltr'>beati</span> <span class='ocrx_word' id='word_1_134' title='bbox 555 731 710 758; x_wconf 79' lang='lat' dir='ltr'>Benedicti</span> <span class='ocrx_word' id='word_1_135' title='bbox 729 730 923 758; x_wconf 78' lang='lat' dir='ltr'>servientium</span> <span class='ocrx_word' id='word_1_136' title='bbox 941 729 1202 761; x_wconf 77' lang='lat' dir='ltr'>congregationem</span> <span class='ocrx_word' id='word_1_137' title='bbox 1219 728 1429 756; x_wconf 78' lang='lat' dir='ltr'>decentissime</span> <span class='ocrx_word' id='word_1_138' title='bbox 1447 728 1621 757; x_wconf 73' lang='lat' dir='ltr'>declinavit.</span> 
     </span>
     <span class='ocr_line' id='line_1_15' title="bbox 231 772 1622 813; baseline -0.006 -5"><span class='ocrx_word' id='word_1_139' title='bbox 231 786 320 810; x_wconf 83' lang='lat' dir='ltr'>Porro</span> <span class='ocrx_word' id='word_1_140' title='bbox 348 781 528 813; x_wconf 76' lang='lat' dir='ltr'>cooperante</span> <span class='ocrx_word' id='word_1_141' title='bbox 554 775 582 803; x_wconf 78' lang='lat' dir='ltr'>ei</span> <span class='ocrx_word' id='word_1_142' title='bbox 605 775 636 802; x_wconf 80' lang='lat' dir='ltr'>in</span> <span class='ocrx_word' id='word_1_143' title='bbox 660 775 800 803; x_wconf 88' lang='lat' dir='ltr'>omnibus</span> <span class='ocrx_word' id='word_1_144' title='bbox 826 773 976 809; x_wconf 88' lang='lat' dir='ltr'>imperiali</span> <span class='ocrx_word' id='word_1_145' title='bbox 999 775 1155 807; x_wconf 81' lang='lat' dir='ltr'>majestate</span> <span class='ocrx_word' id='word_1_146' title='bbox 1181 772 1263 799; x_wconf 79' lang='lat' dir='ltr'>idem</span> <span class='ocrx_word' id='word_1_147' title='bbox 1295 773 1507 801; x_wconf 83' lang='lat' dir='ltr'>monasterium</span> <span class='ocrx_word' id='word_1_148' title='bbox 1540 773 1622 800; x_wconf 83' lang='lat' dir='ltr'>omni</span> 
     </span>
     <span class='ocr_line' id='line_1_16' title="bbox 232 816 1622 855; baseline -0.006 -2"><span class='ocrx_word' id='word_1_149' title='bbox 232 830 340 854; x_wconf 87' lang='lat' dir='ltr'>ornatu</span> <span class='ocrx_word' id='word_1_150' title='bbox 357 821 521 854; x_wconf 74' lang='lat' dir='ltr'>decoravit,</span> <span class='ocrx_word' id='word_1_151' title='bbox 540 825 608 848; x_wconf 82' lang='lat' dir='ltr'>aute</span> <span class='ocrx_word' id='word_1_152' title='bbox 626 819 794 855; x_wconf 77' lang='lat' dir='ltr'>principale</span> <span class='ocrx_word' id='word_1_153' title='bbox 813 819 906 845; x_wconf 86' lang='lat' dir='ltr'>altare</span> <span class='ocrx_word' id='word_1_154' title='bbox 925 826 1050 852; x_wconf 83' lang='lat' dir='ltr'>yconam</span> <span class='ocrx_word' id='word_1_155' title='bbox 1069 817 1107 844; x_wconf 85' lang='lat' dir='ltr'>de</span> <span class='ocrx_word' id='word_1_156' title='bbox 1127 825 1197 844; x_wconf 87' lang='lat' dir='ltr'>auro</span> <span class='ocrx_word' id='word_1_157' title='bbox 1217 820 1245 843; x_wconf 85' lang='lat' dir='ltr'>et</span> <span class='ocrx_word' id='word_1_158' title='bbox 1264 816 1418 851; x_wconf 79' lang='lat' dir='ltr'>lapidibus</span> <span class='ocrx_word' id='word_1_159' title='bbox 1437 817 1622 852; x_wconf 86' lang='lat' dir='ltr'>pretiosissi-</span> 
     </span>
     <span class='ocr_line' id='line_1_17' title="bbox 231 862 1622 900; baseline -0.006 -2"><span class='ocrx_word' id='word_1_160' title='bbox 231 870 288 898; x_wconf 85' lang='lat' dir='ltr'>mis</span> <span class='ocrx_word' id='word_1_161' title='bbox 308 868 427 900; x_wconf 76' lang='lat' dir='ltr'>statuit,</span> <span class='ocrx_word' id='word_1_162' title='bbox 447 865 555 894; x_wconf 75' lang='lat' dir='ltr'>calices</span> <span class='ocrx_word' id='word_1_163' title='bbox 574 873 679 892; x_wconf 86' lang='lat' dir='ltr'>aureos</span> <span class='ocrx_word' id='word_1_164' title='bbox 699 869 727 892; x_wconf 85' lang='lat' dir='ltr'>et</span> <span class='ocrx_word' id='word_1_165' title='bbox 746 869 918 897; x_wconf 80' lang='lat' dir='ltr'>argenteos,</span> <span class='ocrx_word' id='word_1_166' title='bbox 938 862 1053 890; x_wconf 87' lang='lat' dir='ltr'>catinos</span> <span class='ocrx_word' id='word_1_167' title='bbox 1072 870 1194 894; x_wconf 81' lang='lat' dir='ltr'>aureOS,</span> <span class='ocrx_word' id='word_1_168' title='bbox 1213 869 1319 888; x_wconf 83' lang='lat' dir='ltr'>aureos</span> <span class='ocrx_word' id='word_1_169' title='bbox 1338 870 1457 895; x_wconf 86' lang='lat' dir='ltr'>urceos,</span> <span class='ocrx_word' id='word_1_170' title='bbox 1476 863 1573 897; x_wconf 82' lang='lat' dir='ltr'>pallas</span> <span class='ocrx_word' id='word_1_171' title='bbox 1593 867 1622 889; x_wconf 88' lang='lat' dir='ltr'>et</span> 
     </span>
     <span class='ocr_line' id='line_1_18' title="bbox 233 905 1623 945; baseline -0.006 -3"><span class='ocrx_word' id='word_1_172' title='bbox 233 914 366 945; x_wconf 82' lang='lat' dir='ltr'>casulas,</span> <span class='ocrx_word' id='word_1_173' title='bbox 390 911 460 939; x_wconf 84' lang='lat' dir='ltr'>vela</span> <span class='ocrx_word' id='word_1_174' title='bbox 487 915 516 937; x_wconf 86' lang='lat' dir='ltr'>et</span> <span class='ocrx_word' id='word_1_175' title='bbox 543 910 689 942; x_wconf 83' lang='lat' dir='ltr'>cortinas,</span> <span class='ocrx_word' id='word_1_176' title='bbox 716 919 828 944; x_wconf 83' lang='lat' dir='ltr'>cappas</span> <span class='ocrx_word' id='word_1_177' title='bbox 854 917 925 935; x_wconf 87' lang='lat' dir='ltr'>auro</span> <span class='ocrx_word' id='word_1_178' title='bbox 953 912 982 935; x_wconf 89' lang='lat' dir='ltr'>et</span> <span class='ocrx_word' id='word_1_179' title='bbox 1005 906 1147 942; x_wconf 82' lang='lat' dir='ltr'>pretiosis</span> <span class='ocrx_word' id='word_1_180' title='bbox 1167 905 1291 938; x_wconf 81' lang='lat' dir='ltr'>gemmis</span> <span class='ocrx_word' id='word_1_181' title='bbox 1309 905 1439 933; x_wconf 77' lang='lat' dir='ltr'>intextas</span> <span class='ocrx_word' id='word_1_182' title='bbox 1459 911 1488 934; x_wconf 90' lang='lat' dir='ltr'>et</span> <span class='ocrx_word' id='word_1_183' title='bbox 1506 912 1623 934; x_wconf 78' lang='lat' dir='ltr'>caetera</span> 
     </span>
     <span class='ocr_line' id='line_1_19' title="bbox 233 950 1623 987; baseline -0.006 -1"><span class='ocrx_word' id='word_1_184' title='bbox 233 958 374 987; x_wconf 79' lang='lat' dir='ltr'>utensilia</span> <span class='ocrx_word' id='word_1_185' title='bbox 401 956 465 983; x_wconf 81' lang='lat' dir='ltr'>sive</span> <span class='ocrx_word' id='word_1_186' title='bbox 488 964 562 982; x_wconf 75' lang='lat' dir='ltr'>vasa</span> <span class='ocrx_word' id='word_1_187' title='bbox 589 954 628 981; x_wconf 85' lang='lat' dir='ltr'>ad</span> <span class='ocrx_word' id='word_1_188' title='bbox 647 954 812 981; x_wconf 78' lang='lat' dir='ltr'>ministeria</span> <span class='ocrx_word' id='word_1_189' title='bbox 833 958 914 980; x_wconf 83' lang='lat' dir='ltr'>tanto</span> <span class='ocrx_word' id='word_1_190' title='bbox 934 952 1034 980; x_wconf 86' lang='lat' dir='ltr'>studio</span> <span class='ocrx_word' id='word_1_191' title='bbox 1054 956 1083 979; x_wconf 80' lang='lat' dir='ltr'>et</span> <span class='ocrx_word' id='word_1_192' title='bbox 1102 956 1164 978; x_wconf 81' lang='lat' dir='ltr'>tam</span> <span class='ocrx_word' id='word_1_193' title='bbox 1183 950 1344 978; x_wconf 87' lang='lat' dir='ltr'>sumtuosis</span> <span class='ocrx_word' id='word_1_194' title='bbox 1365 951 1505 985; x_wconf 82' lang='lat' dir='ltr'>expensis</span> <span class='ocrx_word' id='word_1_195' title='bbox 1525 951 1623 978; x_wconf 80' lang='lat' dir='ltr'>eidem</span> 
     </span>
     <span class='ocr_line' id='line_1_20' title="bbox 234 995 1624 1032; baseline -0.006 -1"><span class='ocrx_word' id='word_1_196' title='bbox 234 1002 379 1032; x_wconf 81' lang='lat' dir='ltr'>ecclesiae</span> <span class='ocrx_word' id='word_1_197' title='bbox 404 999 544 1032; x_wconf 75' lang='lat' dir='ltr'>contulit,</span> <span class='ocrx_word' id='word_1_198' title='bbox 570 1004 616 1032; x_wconf 89' lang='lat' dir='ltr'>ut,</span> <span class='ocrx_word' id='word_1_199' title='bbox 641 999 810 1032; x_wconf 79' lang='lat' dir='ltr'>quicunque</span> <span class='ocrx_word' id='word_1_200' title='bbox 829 1008 863 1025; x_wconf 84' lang='lat' dir='ltr'>ea</span> <span class='ocrx_word' id='word_1_201' title='bbox 888 998 1056 1030; x_wconf 73' lang='lat' dir='ltr'>intuentur,</span> <span class='ocrx_word' id='word_1_202' title='bbox 1082 996 1194 1028; x_wconf 76' lang='lat' dir='ltr'>regiam</span> <span class='ocrx_word' id='word_1_203' title='bbox 1220 995 1453 1023; x_wconf 77' lang='lat' dir='ltr'>munificentiam</span> <span class='ocrx_word' id='word_1_204' title='bbox 1472 1000 1501 1022; x_wconf 82' lang='lat' dir='ltr'>et</span> <span class='ocrx_word' id='word_1_205' title='bbox 1519 995 1624 1023; x_wconf 87' lang='lat' dir='ltr'>miram</span> 
     </span>
     <span class='ocr_line' id='line_1_21' title="bbox 234 1040 1624 1080; baseline -0.006 -4"><span class='ocrx_word' id='word_1_206' title='bbox 234 1048 388 1080; x_wconf 86' lang='lat' dir='ltr'>utriusque</span> <span class='ocrx_word' id='word_1_207' title='bbox 406 1043 613 1079; x_wconf 83' lang='lat' dir='ltr'>imperatoris,</span> <span class='ocrx_word' id='word_1_208' title='bbox 630 1043 776 1070; x_wconf 82' lang='lat' dir='ltr'>videlicet</span> <span class='ocrx_word' id='word_1_209' title='bbox 794 1047 823 1070; x_wconf 91' lang='lat' dir='ltr'>et</span> <span class='ocrx_word' id='word_1_210' title='bbox 841 1042 1038 1078; x_wconf 80' lang='lat' dir='ltr'>imperatricis</span> <span class='ocrx_word' id='word_1_211' title='bbox 1057 1041 1252 1068; x_wconf 74' lang='lat' dir='ltr'>devotionem</span> <span class='ocrx_word' id='word_1_212' title='bbox 1270 1040 1302 1067; x_wconf 88' lang='lat' dir='ltr'>in</span> <span class='ocrx_word' id='word_1_213' title='bbox 1320 1043 1425 1073; x_wconf 87' lang='lat' dir='ltr'>Deum,</span> <span class='ocrx_word' id='word_1_214' title='bbox 1443 1049 1624 1076; x_wconf 76' lang='lat' dir='ltr'>magnopere</span> 
     </span>
    </p>

    <p class='ocr_par' dir='ltr' id='par_1_3' title="bbox 200 1085 1625 2732">
     <span class='ocr_line' id='line_1_22' title="bbox 235 1085 1624 1123; baseline -0.006 -3"><span class='ocrx_word' id='word_1_215' title='bbox 235 1092 336 1122; x_wconf 84' lang='lat' dir='ltr'>mirari</span> <span class='ocrx_word' id='word_1_216' title='bbox 353 1099 414 1118; x_wconf 86' lang='lat' dir='ltr'>non</span> <span class='ocrx_word' id='word_1_217' title='bbox 433 1092 559 1116; x_wconf 80' lang='lat' dir='ltr'>cessent.</span> <span class='ocrx_word' id='word_1_218' title='bbox 594 1091 713 1114; x_wconf 83' lang='lat' dir='ltr'>Praeter</span> <span class='ocrx_word' id='word_1_219' title='bbox 731 1088 783 1115; x_wconf 79' lang='lat' dir='ltr'>lias</span> <span class='ocrx_word' id='word_1_220' title='bbox 802 1087 984 1123; x_wconf 80' lang='lat' dir='ltr'>principales</span> <span class='ocrx_word' id='word_1_221' title='bbox 1004 1096 1074 1114; x_wconf 90' lang='lat' dir='ltr'>suae</span> <span class='ocrx_word' id='word_1_222' title='bbox 1094 1086 1278 1121; x_wconf 79' lang='lat' dir='ltr'>operationis</span> <span class='ocrx_word' id='word_1_223' title='bbox 1305 1091 1333 1112; x_wconf 88' lang='lat' dir='ltr'>et</span> <span class='ocrx_word' id='word_1_224' title='bbox 1352 1085 1508 1120; x_wconf 79' lang='lat' dir='ltr'>primarias</span> <span class='ocrx_word' id='word_1_225' title='bbox 1527 1085 1624 1112; x_wconf 85' lang='lat' dir='ltr'>eccle-</span> 
     </span>
     <span class='ocr_line' id='line_1_23' title="bbox 200 1124 1624 1169; baseline -0.003 -8"><span class='ocrx_word' id='word_1_226' title='bbox 200 1124 207 1129; x_wconf 33' lang='lat' dir='ltr'>i</span> <span class='ocrx_word' id='word_1_227' title='bbox 236 1138 312 1169; x_wconf 69' lang='lat' dir='ltr'>sias,</span> <span class='ocrx_word' id='word_1_228' title='bbox 332 1143 408 1169; x_wconf 86' lang='lat' dir='ltr'>quae</span> <span class='ocrx_word' id='word_1_229' title='bbox 427 1130 635 1160; x_wconf 73' lang='lat' dir='ltr'>conventualis</span> <span class='ocrx_word' id='word_1_230' title='bbox 654 1131 798 1164; x_wconf 87' lang='lat' dir='ltr'>ecclesia,</span> <span class='ocrx_word' id='word_1_231' title='bbox 819 1142 894 1165; x_wconf 84' lang='lat' dir='ltr'>quae</span> <span class='ocrx_word' id='word_1_232' title='bbox 914 1131 1094 1160; x_wconf 87' lang='lat' dir='ltr'>monasteria</span> <span class='ocrx_word' id='word_1_233' title='bbox 1112 1131 1232 1158; x_wconf 87' lang='lat' dir='ltr'>illorum</span> <span class='ocrx_word' id='word_1_234' title='bbox 1252 1130 1397 1158; x_wconf 83' lang='lat' dir='ltr'>donativo</span> <span class='ocrx_word' id='word_1_235' title='bbox 1415 1140 1475 1158; x_wconf 91' lang='lat' dir='ltr'>non</span> <span class='ocrx_word' id='word_1_236' title='bbox 1494 1129 1624 1163; x_wconf 79' lang='lat' dir='ltr'>glorian·-</span> 
     </span>
     <span class='ocr_line' id='line_1_24' title="bbox 235 1174 1625 1214; baseline -0.006 -5"><span class='ocrx_word' id='word_1_237' title='bbox 235 1188 299 1214; x_wconf 86' lang='lat' dir='ltr'>tur,</span> <span class='ocrx_word' id='word_1_238' title='bbox 326 1189 357 1207; x_wconf 89' lang='lat' dir='ltr'>se</span> <span class='ocrx_word' id='word_1_239' title='bbox 384 1182 435 1205; x_wconf 82' lang='lat' dir='ltr'>aut</span> <span class='ocrx_word' id='word_1_240' title='bbox 452 1177 483 1204; x_wconf 85' lang='lat' dir='ltr'>in</span> <span class='ocrx_word' id='word_1_241' title='bbox 501 1176 634 1212; x_wconf 84' lang='lat' dir='ltr'>praediis</span> <span class='ocrx_word' id='word_1_242' title='bbox 654 1176 795 1204; x_wconf 84' lang='lat' dir='ltr'>dilatatas</span> <span class='ocrx_word' id='word_1_243' title='bbox 815 1181 865 1203; x_wconf 91' lang='lat' dir='ltr'>ant</span> <span class='ocrx_word' id='word_1_244' title='bbox 885 1177 1040 1203; x_wconf 86' lang='lat' dir='ltr'>decoratas</span> <span class='ocrx_word' id='word_1_245' title='bbox 1060 1175 1259 1202; x_wconf 75' lang='lat' dir='ltr'>ornamentis!</span> <span class='ocrx_word' id='word_1_246' title='bbox 1295 1175 1376 1202; x_wconf 83' lang='lat' dir='ltr'>Alias</span> <span class='ocrx_word' id='word_1_247' title='bbox 1396 1175 1476 1202; x_wconf 79' lang='lat' dir='ltr'>enim</span> <span class='ocrx_word' id='word_1_248' title='bbox 1493 1174 1625 1208; x_wconf 82' lang='lat' dir='ltr'>antiqui-</span> 
     </span>
     <span class='ocr_line' id='line_1_25' title="bbox 235 1219 1623 1257; baseline -0.004 -4"><span class='ocrx_word' id='word_1_249' title='bbox 235 1231 297 1253; x_wconf 85' lang='lat' dir='ltr'>tate</span> <span class='ocrx_word' id='word_1_250' title='bbox 316 1223 466 1257; x_wconf 87' lang='lat' dir='ltr'>collapsas</span> <span class='ocrx_word' id='word_1_251' title='bbox 483 1221 727 1254; x_wconf 83' lang='lat' dir='ltr'>reaedificarnnt,</span> <span class='ocrx_word' id='word_1_252' title='bbox 753 1221 899 1254; x_wconf 83' lang='lat' dir='ltr'>quasdam</span> <span class='ocrx_word' id='word_1_253' title='bbox 923 1220 1014 1247; x_wconf 87' lang='lat' dir='ltr'>etiam</span> <span class='ocrx_word' id='word_1_254' title='bbox 1039 1220 1205 1247; x_wconf 85' lang='lat' dir='ltr'>destructas</span> <span class='ocrx_word' id='word_1_255' title='bbox 1231 1224 1260 1247; x_wconf 89' lang='lat' dir='ltr'>et</span> <span class='ocrx_word' id='word_1_256' title='bbox 1283 1220 1323 1247; x_wconf 85' lang='lat' dir='ltr'>ad</span> <span class='ocrx_word' id='word_1_257' title='bbox 1339 1219 1467 1247; x_wconf 87' lang='lat' dir='ltr'>nihilum</span> <span class='ocrx_word' id='word_1_258' title='bbox 1486 1219 1623 1247; x_wconf 82' lang='lat' dir='ltr'>redactas</span> 
     </span>
     <span class='ocr_line' id='line_1_26' title="bbox 235 1264 1623 1305; baseline -0.004 -8"><span class='ocrx_word' id='word_1_259' title='bbox 235 1272 266 1298; x_wconf 83' lang='lat' dir='ltr'>in</span> <span class='ocrx_word' id='word_1_260' title='bbox 284 1268 444 1305; x_wconf 84' lang='lat' dir='ltr'>pristinum.</span> <span class='ocrx_word' id='word_1_261' title='bbox 461 1266 512 1294; x_wconf 82' lang='lat' dir='ltr'>vel</span> <span class='ocrx_word' id='word_1_262' title='bbox 532 1266 622 1293; x_wconf 84' lang='lat' dir='ltr'>etiam</span> <span class='ocrx_word' id='word_1_263' title='bbox 640 1267 672 1293; x_wconf 87' lang='lat' dir='ltr'>in</span> <span class='ocrx_word' id='word_1_264' title='bbox 695 1266 852 1293; x_wconf 87' lang='lat' dir='ltr'>meliorem</span> <span class='ocrx_word' id='word_1_265' title='bbox 879 1270 988 1293; x_wconf 84' lang='lat' dir='ltr'>statum</span> <span class='ocrx_word' id='word_1_266' title='bbox 1007 1265 1265 1297; x_wconf 84' lang='lat' dir='ltr'>instauraverunt,</span> <span class='ocrx_word' id='word_1_267' title='bbox 1291 1269 1321 1291; x_wconf 86' lang='lat' dir='ltr'>et</span> <span class='ocrx_word' id='word_1_268' title='bbox 1347 1265 1435 1292; x_wconf 88' lang='lat' dir='ltr'>sicuti</span> <span class='ocrx_word' id='word_1_269' title='bbox 1460 1264 1623 1299; x_wconf 75' lang='lat' dir='ltr'>prudentes</span> 
     </span>
     <span class='ocr_line' id='line_1_27' title="bbox 234 1309 1622 1347; baseline -0.004 -5"><span class='ocrx_word' id='word_1_270' title='bbox 234 1315 368 1347; x_wconf 77' lang='lat' dir='ltr'>virgines</span> <span class='ocrx_word' id='word_1_271' title='bbox 387 1312 487 1339; x_wconf 82' lang='lat' dir='ltr'>oleum</span> <span class='ocrx_word' id='word_1_272' title='bbox 506 1320 576 1338; x_wconf 88' lang='lat' dir='ltr'>suae</span> <span class='ocrx_word' id='word_1_273' title='bbox 595 1310 818 1338; x_wconf 86' lang='lat' dir='ltr'>misericordiae</span> <span class='ocrx_word' id='word_1_274' title='bbox 836 1311 868 1337; x_wconf 88' lang='lat' dir='ltr'>in</span> <span class='ocrx_word' id='word_1_275' title='bbox 882 1311 1019 1338; x_wconf 87' lang='lat' dir='ltr'>diversos</span> <span class='ocrx_word' id='word_1_276' title='bbox 1034 1310 1187 1342; x_wconf 81' lang='lat' dir='ltr'>fuderunt,</span> <span class='ocrx_word' id='word_1_277' title='bbox 1205 1314 1238 1336; x_wconf 90' lang='lat' dir='ltr'>ut</span> <span class='ocrx_word' id='word_1_278' title='bbox 1254 1310 1360 1337; x_wconf 87' lang='lat' dir='ltr'>merito</span> <span class='ocrx_word' id='word_1_279' title='bbox 1378 1310 1476 1337; x_wconf 81' lang='lat' dir='ltr'>dicere</span> <span class='ocrx_word' id='word_1_280' title='bbox 1489 1309 1622 1344; x_wconf 82' lang='lat' dir='ltr'>possint:</span> 
     </span>
     <span class='ocr_line' id='line_1_28' title="bbox 237 1354 1623 1390; baseline -0.004 -3"><span class='ocrx_word' id='word_1_281' title='bbox 237 1359 345 1388; x_wconf 81' lang='lat' dir='ltr'>Christi</span> <span class='ocrx_word' id='word_1_282' title='bbox 361 1359 459 1385; x_wconf 88' lang='lat' dir='ltr'>bonus</span> <span class='ocrx_word' id='word_1_283' title='bbox 479 1355 554 1383; x_wconf 85' lang='lat' dir='ltr'>odor</span> <span class='ocrx_word' id='word_1_284' title='bbox 573 1364 674 1382; x_wconf 86' lang='lat' dir='ltr'>sumus</span> <span class='ocrx_word' id='word_1_285' title='bbox 692 1356 723 1382; x_wconf 83' lang='lat' dir='ltr'>in</span> <span class='ocrx_word' id='word_1_286' title='bbox 741 1355 822 1382; x_wconf 89' lang='lat' dir='ltr'>omni</span> <span class='ocrx_word' id='word_1_287' title='bbox 841 1355 919 1383; x_wconf 91' lang='lat' dir='ltr'>loco.</span> <span class='ocrx_word' id='word_1_288' title='bbox 957 1357 981 1383; x_wconf 91' lang='grc' dir='ltr'>Ο</span> <span class='ocrx_word' id='word_1_289' title='bbox 1001 1355 1171 1390; x_wconf 74' lang='lat' dir='ltr'>conjugium</span> <span class='ocrx_word' id='word_1_290' title='bbox 1188 1363 1248 1381; x_wconf 90' lang='lat' dir='ltr'>non</span> <span class='ocrx_word' id='word_1_291' title='bbox 1272 1354 1444 1389; x_wconf 84' lang='lat' dir='ltr'>voluptate,</span> <span class='ocrx_word' id='word_1_292' title='bbox 1471 1354 1525 1381; x_wconf 89' lang='lat' dir='ltr'>sed</span> <span class='ocrx_word' id='word_1_293' title='bbox 1543 1355 1623 1381; x_wconf 79' lang='lat' dir='ltr'>bona</span> 
     </span>
     <span class='ocr_line' id='line_1_29' title="bbox 235 1398 1623 1436; baseline -0.005 -4"><span class='ocrx_word' id='word_1_294' title='bbox 235 1405 393 1432; x_wconf 76' lang='lat' dir='ltr'>voluntate</span> <span class='ocrx_word' id='word_1_295' title='bbox 412 1401 600 1436; x_wconf 84' lang='lat' dir='ltr'>copulatum,</span> <span class='ocrx_word' id='word_1_296' title='bbox 623 1409 640 1428; x_wconf 92' lang='grc' dir='ltr'><strong>ο</strong></span> <span class='ocrx_word' id='word_1_297' title='bbox 660 1405 794 1428; x_wconf 82' lang='lat' dir='ltr'>sanctum</span> <span class='ocrx_word' id='word_1_298' title='bbox 813 1400 1053 1433; x_wconf 82' lang='lat' dir='ltr'>matrimonium,</span> <span class='ocrx_word' id='word_1_299' title='bbox 1077 1399 1130 1427; x_wconf 86' lang='lat' dir='ltr'>ubi</span> <span class='ocrx_word' id='word_1_300' title='bbox 1148 1410 1206 1426; x_wconf 88' lang='lat' dir='ltr'>una</span> <span class='ocrx_word' id='word_1_301' title='bbox 1224 1399 1301 1426; x_wconf 82' lang='lat' dir='ltr'>fides</span> <span class='ocrx_word' id='word_1_302' title='bbox 1320 1399 1483 1426; x_wconf 87' lang='lat' dir='ltr'>inviolatae</span> <span class='ocrx_word' id='word_1_303' title='bbox 1503 1398 1623 1426; x_wconf 80' lang='lat' dir='ltr'>castita-</span> 
     </span>
     <span class='ocr_line' id='line_1_30' title="bbox 236 1443 1623 1482; baseline -0.004 -6"><span class='ocrx_word' id='word_1_304' title='bbox 236 1450 290 1482; x_wconf 88' lang='lat' dir='ltr'>tis,</span> <span class='ocrx_word' id='word_1_305' title='bbox 316 1446 369 1474; x_wconf 86' lang='lat' dir='ltr'>ubi</span> <span class='ocrx_word' id='word_1_306' title='bbox 395 1455 471 1473; x_wconf 83' lang='lat' dir='ltr'>unus</span> <span class='ocrx_word' id='word_1_307' title='bbox 495 1444 618 1480; x_wconf 85' lang='lat' dir='ltr'>spiritus</span> <span class='ocrx_word' id='word_1_308' title='bbox 641 1445 865 1472; x_wconf 75' lang='lat' dir='ltr'>misericordiae</span> <span class='ocrx_word' id='word_1_309' title='bbox 893 1450 920 1472; x_wconf 78' lang='lat' dir='ltr'>et</span> <span class='ocrx_word' id='word_1_310' title='bbox 947 1445 1101 1478; x_wconf 76' lang='lat' dir='ltr'>veritatis,</span> <span class='ocrx_word' id='word_1_311' title='bbox 1126 1445 1178 1471; x_wconf 84' lang='lat' dir='ltr'>ubi</span> <span class='ocrx_word' id='word_1_312' title='bbox 1207 1444 1286 1471; x_wconf 85' lang='lat' dir='ltr'>idem</span> <span class='ocrx_word' id='word_1_313' title='bbox 1312 1444 1393 1471; x_wconf 84' lang='lat' dir='ltr'>velle</span> <span class='ocrx_word' id='word_1_314' title='bbox 1411 1445 1441 1472; x_wconf 91' lang='lat' dir='ltr'>in</span> <span class='ocrx_word' id='word_1_315' title='bbox 1460 1443 1623 1471; x_wconf 82' lang='lat' dir='ltr'>virtutibus</span> 
     </span>
     <span class='ocr_line' id='line_1_31' title="bbox 236 1488 1623 1526; baseline -0.005 -5"><span class='ocrx_word' id='word_1_316' title='bbox 236 1494 376 1526; x_wconf 76' lang='lat' dir='ltr'>idemque</span> <span class='ocrx_word' id='word_1_317' title='bbox 395 1490 477 1518; x_wconf 86' lang='lat' dir='ltr'>nolle</span> <span class='ocrx_word' id='word_1_318' title='bbox 495 1491 526 1516; x_wconf 87' lang='lat' dir='ltr'>in</span> <span class='ocrx_word' id='word_1_319' title='bbox 548 1489 646 1522; x_wconf 89' lang='lat' dir='ltr'>vitiis,</span> <span class='ocrx_word' id='word_1_320' title='bbox 674 1489 726 1516; x_wconf 74' lang='lat' dir='ltr'>ubi</span> <span class='ocrx_word' id='word_1_321' title='bbox 749 1499 804 1517; x_wconf 86' lang='lat' dir='ltr'>nec</span> <span class='ocrx_word' id='word_1_322' title='bbox 831 1490 943 1525; x_wconf 84' lang='lat' dir='ltr'>primus</span> <span class='ocrx_word' id='word_1_323' title='bbox 966 1500 1021 1517; x_wconf 85' lang='lat' dir='ltr'>nec</span> <span class='ocrx_word' id='word_1_324' title='bbox 1047 1490 1123 1517; x_wconf 84' lang='lat' dir='ltr'>alter</span> <span class='ocrx_word' id='word_1_325' title='bbox 1148 1489 1277 1517; x_wconf 85' lang='lat' dir='ltr'>discerni</span> <span class='ocrx_word' id='word_1_326' title='bbox 1302 1489 1417 1525; x_wconf 86' lang='lat' dir='ltr'>potuit,</span> <span class='ocrx_word' id='word_1_327' title='bbox 1442 1490 1514 1522; x_wconf 82' lang='lat' dir='ltr'>dum</span> <span class='ocrx_word' id='word_1_328' title='bbox 1540 1488 1623 1520; x_wconf 85' lang='lat' dir='ltr'>alter,</span> 
     </span>
     <span class='ocr_line' id='line_1_32' title="bbox 236 1533 1624 1572; baseline -0.004 -8"><span class='ocrx_word' id='word_1_329' title='bbox 236 1537 317 1572; x_wconf 83' lang='lat' dir='ltr'>quod</span> <span class='ocrx_word' id='word_1_330' title='bbox 337 1536 466 1571; x_wconf 86' lang='lat' dir='ltr'>primns,</span> <span class='ocrx_word' id='word_1_331' title='bbox 492 1534 607 1568; x_wconf 71' lang='lat' dir='ltr'>voluit,</span> <span class='ocrx_word' id='word_1_332' title='bbox 633 1533 685 1560; x_wconf 85' lang='lat' dir='ltr'>ubi</span> <span class='ocrx_word' id='word_1_333' title='bbox 705 1544 759 1569; x_wconf 89' lang='lat' dir='ltr'>par</span> <span class='ocrx_word' id='word_1_334' title='bbox 784 1534 899 1562; x_wconf 89' lang='lat' dir='ltr'>animus</span> <span class='ocrx_word' id='word_1_335' title='bbox 926 1535 955 1561; x_wconf 91' lang='lat' dir='ltr'>in</span> <span class='ocrx_word' id='word_1_336' title='bbox 979 1534 1150 1562; x_wconf 79' lang='lat' dir='ltr'>multifariis</span> <span class='ocrx_word' id='word_1_337' title='bbox 1170 1544 1293 1570; x_wconf 82' lang='lat' dir='ltr'>operum</span> <span class='ocrx_word' id='word_1_338' title='bbox 1312 1533 1469 1561; x_wconf 75' lang='lat' dir='ltr'>effectibus</span> <span class='ocrx_word' id='word_1_339' title='bbox 1488 1542 1574 1568; x_wconf 86' lang='lat' dir='ltr'>pares</span> <span class='ocrx_word' id='word_1_340' title='bbox 1593 1533 1624 1559; x_wconf 86' lang='lat' dir='ltr'>iu</span> 
     </span>
     <span class='ocr_line' id='line_1_33' title="bbox 236 1577 1625 1615; baseline -0.004 -5"><span class='ocrx_word' id='word_1_341' title='bbox 236 1583 355 1610; x_wconf 86' lang='lat' dir='ltr'>duobus</span> <span class='ocrx_word' id='word_1_342' title='bbox 375 1579 507 1607; x_wconf 82' lang='lat' dir='ltr'>ostendit</span> <span class='ocrx_word' id='word_1_343' title='bbox 527 1578 668 1612; x_wconf 81' lang='lat' dir='ltr'>affectus,</span> <span class='ocrx_word' id='word_1_344' title='bbox 696 1579 799 1612; x_wconf 80' lang='lat' dir='ltr'>quales</span> <span class='ocrx_word' id='word_1_345' title='bbox 820 1580 872 1607; x_wconf 93' lang='lat' dir='ltr'>has</span> <span class='ocrx_word' id='word_1_346' title='bbox 891 1580 1010 1615; x_wconf 77' lang='lat' dir='ltr'>nuptias</span> <span class='ocrx_word' id='word_1_347' title='bbox 1037 1579 1177 1612; x_wconf 79' lang='lat' dir='ltr'>dixerim,</span> <span class='ocrx_word' id='word_1_348' title='bbox 1202 1579 1319 1612; x_wconf 77' lang='lat' dir='ltr'>nescio,</span> <span class='ocrx_word' id='word_1_349' title='bbox 1343 1589 1433 1606; x_wconf 89' lang='lat' dir='ltr'>unum</span> <span class='ocrx_word' id='word_1_350' title='bbox 1453 1578 1532 1611; x_wconf 85' lang='lat' dir='ltr'>scio,</span> <span class='ocrx_word' id='word_1_351' title='bbox 1556 1577 1625 1611; x_wconf 82' lang='lat' dir='ltr'>quia</span> 
     </span>
     <span class='ocr_line' id='line_1_34' title="bbox 234 1623 1624 1660; baseline -0.004 -6"><span class='ocrx_word' id='word_1_352' title='bbox 234 1632 337 1655; x_wconf 81' lang='lat' dir='ltr'>nostra</span> <span class='ocrx_word' id='word_1_353' title='bbox 355 1625 446 1652; x_wconf 89' lang='lat' dir='ltr'>modo</span> <span class='ocrx_word' id='word_1_354' title='bbox 466 1624 560 1650; x_wconf 84' lang='lat' dir='ltr'>nescit</span> <span class='ocrx_word' id='word_1_355' title='bbox 579 1623 659 1655; x_wconf 74' lang='lat' dir='ltr'>regio</span> <span class='ocrx_word' id='word_1_356' title='bbox 679 1623 772 1657; x_wconf 76' lang='lat' dir='ltr'>tales,</span> <span class='ocrx_word' id='word_1_357' title='bbox 792 1625 861 1651; x_wconf 87' lang='lat' dir='ltr'>dum</span> <span class='ocrx_word' id='word_1_358' title='bbox 883 1629 1007 1660; x_wconf 85' lang='lat' dir='ltr'>propter</span> <span class='ocrx_word' id='word_1_359' title='bbox 1026 1633 1149 1657; x_wconf 75' lang='lat' dir='ltr'>regnum</span> <span class='ocrx_word' id='word_1_360' title='bbox 1168 1626 1318 1652; x_wconf 77' lang='lat' dir='ltr'>coelorum</span> <span class='ocrx_word' id='word_1_361' title='bbox 1339 1634 1370 1652; x_wconf 80' lang='lat' dir='ltr'>se</span> <span class='ocrx_word' id='word_1_362' title='bbox 1389 1628 1551 1651; x_wconf 79' lang='lat' dir='ltr'>castrantes</span> <span class='ocrx_word' id='word_1_363' title='bbox 1570 1632 1624 1650; x_wconf 82' lang='lat' dir='ltr'>nec</span> 
     </span>
     <span class='ocr_line' id='line_1_35' title="bbox 236 1666 1624 1707; baseline -0.003 -9"><span class='ocrx_word' id='word_1_364' title='bbox 236 1672 351 1707; x_wconf 81' lang='lat' dir='ltr'>prolem</span> <span class='ocrx_word' id='word_1_365' title='bbox 375 1675 510 1696; x_wconf 79' lang='lat' dir='ltr'>terrenae</span> <span class='ocrx_word' id='word_1_366' title='bbox 537 1667 751 1695; x_wconf 67' lang='lat' dir='ltr'>foecunditatis</span> <span class='ocrx_word' id='word_1_367' title='bbox 778 1674 987 1703; x_wconf 79' lang='lat' dir='ltr'>exspectantes</span> <span class='ocrx_word' id='word_1_368' title='bbox 1012 1670 1159 1697; x_wconf 80' lang='lat' dir='ltr'>coelibem</span> <span class='ocrx_word' id='word_1_369' title='bbox 1186 1680 1202 1696; x_wconf 88' lang='lat' dir='ltr'>a</span> <span class='ocrx_word' id='word_1_370' title='bbox 1228 1673 1291 1696; x_wconf 82' lang='lat' dir='ltr'>Deo</span> <span class='ocrx_word' id='word_1_371' title='bbox 1311 1668 1531 1701; x_wconf 76' lang='lat' dir='ltr'>generationem</span> <span class='ocrx_word' id='word_1_372' title='bbox 1550 1666 1624 1694; x_wconf 81' lang='lat' dir='ltr'>reci-</span> 
     </span>
     <span class='ocr_line' id='line_1_36' title="bbox 236 1713 1625 1751; baseline -0.004 -7"><span class='ocrx_word' id='word_1_373' title='bbox 236 1720 355 1751; x_wconf 80' lang='lat' dir='ltr'>perent,</span> <span class='ocrx_word' id='word_1_374' title='bbox 383 1724 399 1740; x_wconf 87' lang='lat' dir='ltr'>a</span> <span class='ocrx_word' id='word_1_375' title='bbox 426 1722 551 1747; x_wconf 80' lang='lat' dir='ltr'>quornm</span> <span class='ocrx_word' id='word_1_376' title='bbox 578 1722 628 1740; x_wconf 79' lang='lat' dir='ltr'>ore</span> <span class='ocrx_word' id='word_1_377' title='bbox 654 1713 719 1740; x_wconf 86' lang='lat' dir='ltr'>laus</span> <span class='ocrx_word' id='word_1_378' title='bbox 738 1713 792 1739; x_wconf 85' lang='lat' dir='ltr'>Dei</span> <span class='ocrx_word' id='word_1_379' title='bbox 811 1724 963 1747; x_wconf 79' lang='lat' dir='ltr'>nunqnam</span> <span class='ocrx_word' id='word_1_380' title='bbox 982 1714 1111 1741; x_wconf 61' lang='lat' dir='ltr'>deficiet.</span> <span class='ocrx_word' id='word_1_381' title='bbox 1146 1718 1226 1741; x_wconf 82' lang='lat' dir='ltr'>Haec</span> <span class='ocrx_word' id='word_1_382' title='bbox 1245 1719 1287 1741; x_wconf 81' lang='lat' dir='ltr'>est</span> <span class='ocrx_word' id='word_1_383' title='bbox 1309 1713 1460 1746; x_wconf 79' lang='lat' dir='ltr'>generatio</span> <span class='ocrx_word' id='word_1_384' title='bbox 1480 1722 1625 1747; x_wconf 82' lang='lat' dir='ltr'>quaeren-</span> 
     </span>
     <span class='ocr_line' id='line_1_37' title="bbox 236 1758 1624 1792; baseline -0.003 -4"><span class='ocrx_word' id='word_1_385' title='bbox 236 1762 309 1788; x_wconf 91' lang='lat' dir='ltr'>tium</span> <span class='ocrx_word' id='word_1_386' title='bbox 337 1759 507 1791; x_wconf 83' lang='lat' dir='ltr'>dominum,</span> <span class='ocrx_word' id='word_1_387' title='bbox 542 1758 593 1791; x_wconf 90' lang='lat' dir='ltr'>qui</span> <span class='ocrx_word' id='word_1_388' title='bbox 619 1758 757 1785; x_wconf 60' lang='lat' dir='ltr'>vim-ntes</span> <span class='ocrx_word' id='word_1_389' title='bbox 785 1758 814 1785; x_wconf 88' lang='lat' dir='ltr'>in</span> <span class='ocrx_word' id='word_1_390' title='bbox 843 1759 975 1791; x_wconf 78' lang='lat' dir='ltr'>Christo,</span> <span class='ocrx_word' id='word_1_391' title='bbox 1011 1760 1144 1786; x_wconf 82' lang='lat' dir='ltr'>membra</span> <span class='ocrx_word' id='word_1_392' title='bbox 1175 1768 1227 1786; x_wconf 87' lang='lat' dir='ltr'>sua</span> <span class='ocrx_word' id='word_1_393' title='bbox 1261 1759 1475 1786; x_wconf 80' lang='lat' dir='ltr'>mortificantes</span> <span class='ocrx_word' id='word_1_394' title='bbox 1501 1762 1624 1792; x_wconf 84' lang='lat' dir='ltr'>propter</span> 
     </span>
     <span class='ocr_line' id='line_1_38' title="bbox 236 1802 1624 1838; baseline -0.004 -5"><span class='ocrx_word' id='word_1_395' title='bbox 236 1806 400 1837; x_wconf 80' lang='lat' dir='ltr'>Christum,</span> <span class='ocrx_word' id='word_1_396' title='bbox 427 1813 516 1838; x_wconf 85' lang='lat' dir='ltr'>super</span> <span class='ocrx_word' id='word_1_397' title='bbox 538 1807 647 1829; x_wconf 87' lang='lat' dir='ltr'>terram</span> <span class='ocrx_word' id='word_1_398' title='bbox 675 1802 863 1830; x_wconf 87' lang='lat' dir='ltr'>morientium</span> <span class='ocrx_word' id='word_1_399' title='bbox 890 1803 981 1830; x_wconf 87' lang='lat' dir='ltr'>modo</span> <span class='ocrx_word' id='word_1_400' title='bbox 1008 1809 1164 1836; x_wconf 80' lang='lat' dir='ltr'>regnantes</span> <span class='ocrx_word' id='word_1_401' title='bbox 1191 1813 1256 1831; x_wconf 80' lang='lat' dir='ltr'>cuin</span> <span class='ocrx_word' id='word_1_402' title='bbox 1277 1803 1392 1831; x_wconf 80' lang='lat' dir='ltr'>Cliristo</span> <span class='ocrx_word' id='word_1_403' title='bbox 1411 1804 1490 1829; x_wconf 86' lang='lat' dir='ltr'>bona</span> <span class='ocrx_word' id='word_1_404' title='bbox 1509 1802 1624 1829; x_wconf 90' lang='lat' dir='ltr'>domini</span> 
     </span>
     <span class='ocr_line' id='line_1_39' title="bbox 236 1847 1624 1882; baseline -0.002 -6"><span class='ocrx_word' id='word_1_405' title='bbox 236 1850 281 1877; x_wconf 91' lang='lat' dir='ltr'>sui</span> <span class='ocrx_word' id='word_1_406' title='bbox 306 1849 411 1875; x_wconf 73' lang='lat' dir='ltr'>vident</span> <span class='ocrx_word' id='word_1_407' title='bbox 435 1848 464 1874; x_wconf 91' lang='lat' dir='ltr'>in</span> <span class='ocrx_word' id='word_1_408' title='bbox 489 1847 609 1879; x_wconf 78' lang='lat' dir='ltr'>regione</span> <span class='ocrx_word' id='word_1_409' title='bbox 637 1848 814 1874; x_wconf 80' lang='lat' dir='ltr'>viventium.</span> <span class='ocrx_word' id='word_1_410' title='bbox 853 1848 999 1882; x_wconf 73' lang='lat' dir='ltr'>Quoniam</span> <span class='ocrx_word' id='word_1_411' title='bbox 1027 1849 1064 1874; x_wconf 78' lang='lat' dir='ltr'>tle</span> <span class='ocrx_word' id='word_1_412' title='bbox 1097 1848 1160 1874; x_wconf 82' lang='lat' dir='ltr'>vita</span> <span class='ocrx_word' id='word_1_413' title='bbox 1192 1853 1220 1874; x_wconf 88' lang='lat' dir='ltr'>et</span> <span class='ocrx_word' id='word_1_414' title='bbox 1251 1847 1401 1874; x_wconf 77' lang='lat' dir='ltr'>miraculis</span> <span class='ocrx_word' id='word_1_415' title='bbox 1430 1847 1473 1881; x_wconf 92' lang='lat' dir='ltr'>pii</span> <span class='ocrx_word' id='word_1_416' title='bbox 1505 1847 1624 1873; x_wconf 72' lang='lat' dir='ltr'>Heni-ici</span> 
     </span>
     <span class='ocr_line' id='line_1_40' title="bbox 236 1890 1622 1926; baseline -0.001 -6"><span class='ocrx_word' id='word_1_417' title='bbox 236 1891 475 1920; x_wconf 81' lang='lat' dir='ltr'>christianissimi</span> <span class='ocrx_word' id='word_1_418' title='bbox 495 1891 684 1926; x_wconf 80' lang='lat' dir='ltr'>imperatoris</span> <span class='ocrx_word' id='word_1_419' title='bbox 703 1896 732 1918; x_wconf 74' lang='lat' dir='ltr'>ct</span> <span class='ocrx_word' id='word_1_420' title='bbox 751 1891 994 1918; x_wconf 68' lang='lat' dir='ltr'>miserationibus</span> <span class='ocrx_word' id='word_1_421' title='bbox 1013 1891 1121 1924; x_wconf 79' lang='lat' dir='ltr'>variis,</span> <span class='ocrx_word' id='word_1_422' title='bbox 1145 1900 1218 1924; x_wconf 86' lang='lat' dir='ltr'>quas</span> <span class='ocrx_word' id='word_1_423' title='bbox 1245 1890 1315 1918; x_wconf 81' lang='lat' dir='ltr'>{ecit</span> <span class='ocrx_word' id='word_1_424' title='bbox 1341 1891 1369 1917; x_wconf 89' lang='lat' dir='ltr'>in</span> <span class='ocrx_word' id='word_1_425' title='bbox 1389 1891 1479 1918; x_wconf 87' lang='lat' dir='ltr'>domo</span> <span class='ocrx_word' id='word_1_426' title='bbox 1499 1890 1622 1924; x_wconf 82' lang='lat' dir='ltr'>domini,</span> 
     </span>
     <span class='ocr_line' id='line_1_41' title="bbox 234 1935 1624 1971; baseline -0.001 -7"><span class='ocrx_word' id='word_1_427' title='bbox 234 1938 272 1964; x_wconf 86' lang='lat' dir='ltr'>de</span> <span class='ocrx_word' id='word_1_428' title='bbox 292 1937 384 1969; x_wconf 72' lang='lat' dir='ltr'>signis</span> <span class='ocrx_word' id='word_1_429' title='bbox 404 1944 522 1969; x_wconf 79' lang='lat' dir='ltr'>quoque</span> <span class='ocrx_word' id='word_1_430' title='bbox 542 1940 570 1962; x_wconf 81' lang='lat' dir='ltr'>et</span> <span class='ocrx_word' id='word_1_431' title='bbox 590 1936 756 1969; x_wconf 73' lang='lat' dir='ltr'>miraculis,</span> <span class='ocrx_word' id='word_1_432' title='bbox 783 1946 858 1970; x_wconf 85' lang='lat' dir='ltr'>quac</span> <span class='ocrx_word' id='word_1_433' title='bbox 884 1941 953 1971; x_wconf 82' lang='lat' dir='ltr'>post</span> <span class='ocrx_word' id='word_1_434' title='bbox 978 1935 1135 1962; x_wconf 85' lang='lat' dir='ltr'>transitum</span> <span class='ocrx_word' id='word_1_435' title='bbox 1159 1935 1253 1970; x_wconf 87' lang='lat' dir='ltr'>ipsius</span> <span class='ocrx_word' id='word_1_436' title='bbox 1273 1945 1326 1970; x_wconf 71' lang='lat' dir='ltr'>per</span> <span class='ocrx_word' id='word_1_437' title='bbox 1352 1945 1419 1962; x_wconf 75' lang='lat' dir='ltr'>eum</span> <span class='ocrx_word' id='word_1_438' title='bbox 1443 1935 1515 1963; x_wconf 81' lang='lat' dir='ltr'>fecit</span> <span class='ocrx_word' id='word_1_439' title='bbox 1534 1939 1624 1967; x_wconf 83' lang='lat' dir='ltr'>Deus,</span> 
     </span>
     <span class='ocr_line' id='line_1_42' title="bbox 236 1979 1622 2015; baseline -0.001 -6"><span class='ocrx_word' id='word_1_440' title='bbox 236 1982 308 2009; x_wconf 86' lang='lat' dir='ltr'>satis</span> <span class='ocrx_word' id='word_1_441' title='bbox 328 1986 356 2008; x_wconf 82' lang='lat' dir='ltr'>et</span> <span class='ocrx_word' id='word_1_442' title='bbox 376 1981 464 2012; x_wconf 72' lang='lat' dir='ltr'>digne</span> <span class='ocrx_word' id='word_1_443' title='bbox 484 1981 593 2015; x_wconf 85' lang='lat' dir='ltr'>scripta</span> <span class='ocrx_word' id='word_1_444' title='bbox 615 1985 716 2007; x_wconf 84' lang='lat' dir='ltr'>sancta</span> <span class='ocrx_word' id='word_1_445' title='bbox 734 1981 846 2015; x_wconf 74' lang='lat' dir='ltr'>recepit</span> <span class='ocrx_word' id='word_1_446' title='bbox 867 1981 1002 2013; x_wconf 58' lang='lat' dir='ltr'>ecclesia,</span> <span class='ocrx_word' id='word_1_447' title='bbox 1022 1990 1098 2007; x_wconf 79' lang='lat' dir='ltr'>nnnc</span> <span class='ocrx_word' id='word_1_448' title='bbox 1109 1979 1238 2007; x_wconf 89' lang='lat' dir='ltr'>animum</span> <span class='ocrx_word' id='word_1_449' title='bbox 1255 1980 1426 2015; x_wconf 81' lang='lat' dir='ltr'>pupugitac</span> <span class='ocrx_word' id='word_1_450' title='bbox 1444 1979 1474 2007; x_wconf 89' lang='lat' dir='ltr'>in</span> <span class='ocrx_word' id='word_1_451' title='bbox 1493 1986 1622 2008; x_wconf 83' lang='lat' dir='ltr'>mentem</span> 
     </span>
     <span class='ocr_line' id='line_1_43' title="bbox 235 2025 1622 2059; baseline 0 -7"><span class='ocrx_word' id='word_1_452' title='bbox 235 2025 332 2057; x_wconf 75' lang='lat' dir='ltr'>venit,</span> <span class='ocrx_word' id='word_1_453' title='bbox 357 2025 451 2051; x_wconf 84' lang='lat' dir='ltr'>vitam</span> <span class='ocrx_word' id='word_1_454' title='bbox 475 2034 522 2050; x_wconf 79' lang='lat' dir='ltr'>me</span> <span class='ocrx_word' id='word_1_455' title='bbox 547 2025 756 2051; x_wconf 72' lang='lat' dir='ltr'>memorandae</span> <span class='ocrx_word' id='word_1_456' title='bbox 781 2025 906 2058; x_wconf 58' lang='lat' dir='ltr'>xii-ginis</span> <span class='ocrx_word' id='word_1_457' title='bbox 931 2030 1050 2052; x_wconf 81' lang='lat' dir='ltr'>nostrae</span> <span class='ocrx_word' id='word_1_458' title='bbox 1078 2025 1211 2051; x_wconf 68' lang='lat' dir='ltr'>breviter</span> <span class='ocrx_word' id='word_1_459' title='bbox 1234 2025 1383 2059; x_wconf 83' lang='lat' dir='ltr'>explicare</span> <span class='ocrx_word' id='word_1_460' title='bbox 1409 2029 1439 2052; x_wconf 82' lang='lat' dir='ltr'>et</span> <span class='ocrx_word' id='word_1_461' title='bbox 1462 2026 1622 2053; x_wconf 80' lang='lat' dir='ltr'>memoriae</span> 
     </span>
     <span class='ocr_line' id='line_1_44' title="bbox 236 2069 1622 2105; baseline 0.001 -8"><span class='ocrx_word' id='word_1_462' title='bbox 236 2071 348 2104; x_wconf 83' lang='lat' dir='ltr'>scripto</span> <span class='ocrx_word' id='word_1_463' title='bbox 375 2069 601 2101; x_wconf 83' lang='lat' dir='ltr'>commendare,</span> <span class='ocrx_word' id='word_1_464' title='bbox 637 2073 667 2096; x_wconf 90' lang='lat' dir='ltr'>nt</span> <span class='ocrx_word' id='word_1_465' title='bbox 700 2069 739 2095; x_wconf 90' lang='lat' dir='ltr'>ad</span> <span class='ocrx_word' id='word_1_466' title='bbox 764 2071 900 2105; x_wconf 72' lang='lat' dir='ltr'>exempla</span> <span class='ocrx_word' id='word_1_467' title='bbox 933 2072 995 2105; x_wconf 81' lang='lat' dir='ltr'>ejus</span> <span class='ocrx_word' id='word_1_468' title='bbox 1022 2079 1053 2097; x_wconf 76' lang='lat' dir='ltr'>se</span> <span class='ocrx_word' id='word_1_469' title='bbox 1078 2070 1227 2096; x_wconf 82' lang='lat' dir='ltr'>intuentes</span> <span class='ocrx_word' id='word_1_470' title='bbox 1253 2078 1456 2103; x_wconf 84' lang='lat' dir='ltr'>quaecumque</span> <span class='ocrx_word' id='word_1_471' title='bbox 1481 2069 1622 2103; x_wconf 78' lang='lat' dir='ltr'>virgines,</span> 
     </span>
     <span class='ocr_line' id='line_1_45' title="bbox 235 2108 1623 2150; baseline 0 -7"><span class='ocrx_word' id='word_1_472' title='bbox 235 2123 440 2150; x_wconf 81' lang='lat' dir='ltr'>quaecumque</span> <span class='ocrx_word' id='word_1_473' title='bbox 466 2123 556 2140; x_wconf 79' lang='lat' dir='ltr'>verae</span> <span class='ocrx_word' id='word_1_474' title='bbox 582 2113 693 2140; x_wconf 84' lang='lat' dir='ltr'>viduae</span> <span class='ocrx_word' id='word_1_475' title='bbox 720 2108 870 2148; x_wconf 71' lang='lat' dir='ltr'>perfectae</span> <span class='ocrx_word' id='word_1_476' title='bbox 894 2114 975 2141; x_wconf 80' lang='lat' dir='ltr'>vitae</span> <span class='ocrx_word' id='word_1_477' title='bbox 1001 2123 1134 2142; x_wconf 84' lang='lat' dir='ltr'>normam</span> <span class='ocrx_word' id='word_1_478' title='bbox 1159 2114 1339 2142; x_wconf 84' lang='lat' dir='ltr'>arbitrentur</span> <span class='ocrx_word' id='word_1_479' title='bbox 1362 2115 1623 2143; x_wconf 79' lang='lat' dir='ltr'>conversationem</span> 
     </span>
     <span class='ocr_line' id='line_1_46' title="bbox 235 2157 1624 2195; baseline 0 -8"><span class='ocrx_word' id='word_1_480' title='bbox 235 2160 326 2187; x_wconf 88' lang='lat' dir='ltr'>illius.</span> <span class='ocrx_word' id='word_1_481' title='bbox 362 2159 519 2191; x_wconf 80' lang='lat' dir='ltr'>Indignum</span> <span class='ocrx_word' id='word_1_482' title='bbox 547 2157 625 2185; x_wconf 88' lang='lat' dir='ltr'>enim</span> <span class='ocrx_word' id='word_1_483' title='bbox 651 2158 739 2185; x_wconf 85' lang='lat' dir='ltr'>nobis</span> <span class='ocrx_word' id='word_1_484' title='bbox 767 2164 794 2186; x_wconf 86' lang='lat' dir='ltr'>et</span> <span class='ocrx_word' id='word_1_485' title='bbox 820 2159 912 2192; x_wconf 73' lang='lat' dir='ltr'>magis</span> <span class='ocrx_word' id='word_1_486' title='bbox 937 2168 1047 2195; x_wconf 75' lang='lat' dir='ltr'>operae</span> <span class='ocrx_word' id='word_1_487' title='bbox 1066 2159 1195 2194; x_wconf 87' lang='lat' dir='ltr'>pretium</span> <span class='ocrx_word' id='word_1_488' title='bbox 1214 2159 1320 2192; x_wconf 80' lang='lat' dir='ltr'>dignae</span> <span class='ocrx_word' id='word_1_489' title='bbox 1339 2158 1495 2192; x_wconf 86' lang='lat' dir='ltr'>duximus,</span> <span class='ocrx_word' id='word_1_490' title='bbox 1519 2164 1551 2186; x_wconf 91' lang='lat' dir='ltr'>ut</span> <span class='ocrx_word' id='word_1_491' title='bbox 1578 2159 1624 2187; x_wconf 85' lang='lat' dir='ltr'>illi</span> 
     </span>
     <span class='ocr_line' id='line_1_47' title="bbox 235 2203 1622 2239; baseline 0 -7"><span class='ocrx_word' id='word_1_492' title='bbox 235 2205 367 2233; x_wconf 78' lang='lat' dir='ltr'>officinm</span> <span class='ocrx_word' id='word_1_493' title='bbox 387 2204 596 2230; x_wconf 83' lang='lat' dir='ltr'>subtrahamus</span> <span class='ocrx_word' id='word_1_494' title='bbox 616 2203 692 2236; x_wconf 87' lang='lat' dir='ltr'>oriS,</span> <span class='ocrx_word' id='word_1_495' title='bbox 719 2205 801 2238; x_wconf 83' lang='lat' dir='ltr'>cnjus</span> <span class='ocrx_word' id='word_1_496' title='bbox 828 2204 1020 2239; x_wconf 79' lang='lat' dir='ltr'>providentia</span> <span class='ocrx_word' id='word_1_497' title='bbox 1045 2204 1179 2238; x_wconf 83' lang='lat' dir='ltr'>qnotidie</span> <span class='ocrx_word' id='word_1_498' title='bbox 1199 2204 1338 2231; x_wconf 82' lang='lat' dir='ltr'>alimenta</span> <span class='ocrx_word' id='word_1_499' title='bbox 1358 2204 1538 2239; x_wconf 81' lang='lat' dir='ltr'>percipimus</span> <span class='ocrx_word' id='word_1_500' title='bbox 1557 2214 1622 2232; x_wconf 87' lang='lat' dir='ltr'>cor-</span> 
     </span>
     <span class='ocr_line' id='line_1_48' title="bbox 234 2248 1621 2286; baseline 0 -10"><span class='ocrx_word' id='word_1_501' title='bbox 234 2249 327 2286; x_wconf 83' lang='lat' dir='ltr'>poris.</span> <span class='ocrx_word' id='word_1_502' title='bbox 363 2248 489 2275; x_wconf 77' lang='lat' dir='ltr'>llenrico</span> <span class='ocrx_word' id='word_1_503' title='bbox 508 2248 608 2281; x_wconf 77' lang='lat' dir='ltr'>itaquo</span> <span class='ocrx_word' id='word_1_504' title='bbox 628 2256 682 2275; x_wconf 87' lang='lat' dir='ltr'>sno</span> <span class='ocrx_word' id='word_1_505' title='bbox 702 2257 772 2275; x_wconf 73' lang='lat' dir='ltr'>suae</span> <span class='ocrx_word' id='word_1_506' title='bbox 791 2248 937 2276; x_wconf 78' lang='lat' dir='ltr'>castitatis</span> <span class='ocrx_word' id='word_1_507' title='bbox 958 2248 1177 2283; x_wconf 83' lang='lat' dir='ltr'>patientissimo</span> <span class='ocrx_word' id='word_1_508' title='bbox 1196 2258 1314 2284; x_wconf 86' lang='lat' dir='ltr'>semper</span> <span class='ocrx_word' id='word_1_509' title='bbox 1333 2249 1466 2282; x_wconf 85' lang='lat' dir='ltr'>custode,</span> <span class='ocrx_word' id='word_1_510' title='bbox 1484 2249 1537 2276; x_wconf 90' lang='lat' dir='ltr'>ubi</span> <span class='ocrx_word' id='word_1_511' title='bbox 1556 2259 1621 2277; x_wconf 80' lang='lat' dir='ltr'>enm</span> 
     </span>
     <span class='ocr_line' id='line_1_49' title="bbox 236 2292 1622 2327; baseline 0 -6"><span class='ocrx_word' id='word_1_512' title='bbox 236 2294 298 2322; x_wconf 87' lang='lat' dir='ltr'>suis</span> <span class='ocrx_word' id='word_1_513' title='bbox 318 2292 479 2326; x_wconf 75' lang='lat' dir='ltr'>virginem,</span> <span class='ocrx_word' id='word_1_514' title='bbox 498 2293 541 2319; x_wconf 82' lang='lat' dir='ltr'>uti</span> <span class='ocrx_word' id='word_1_515' title='bbox 561 2293 784 2325; x_wconf 67' lang='lat' dir='ltr'>transduxerat,</span> <span class='ocrx_word' id='word_1_516' title='bbox 804 2293 834 2320; x_wconf 95' lang='lat' dir='ltr'>in</span> <span class='ocrx_word' id='word_1_517' title='bbox 855 2293 969 2320; x_wconf 80' lang='lat' dir='ltr'>Clu-isto</span> <span class='ocrx_word' id='word_1_518' title='bbox 989 2293 1166 2326; x_wconf 70' lang='lat' dir='ltr'>resignavit,</span> <span class='ocrx_word' id='word_1_519' title='bbox 1186 2294 1223 2320; x_wconf 89' lang='lat' dir='ltr'>ad</span> <span class='ocrx_word' id='word_1_520' title='bbox 1244 2292 1401 2326; x_wconf 69' lang='lat' dir='ltr'>coelestia,</span> <span class='ocrx_word' id='word_1_521' title='bbox 1421 2303 1497 2327; x_wconf 86' lang='lat' dir='ltr'>qnae</span> <span class='ocrx_word' id='word_1_522' title='bbox 1515 2294 1622 2327; x_wconf 77' lang='lat' dir='ltr'>jugiter</span> 
     </span>
     <span class='ocr_line' id='line_1_50' title="bbox 237 2337 1620 2374; baseline 0.001 -9"><span class='ocrx_word' id='word_1_523' title='bbox 237 2338 423 2373; x_wconf 70' lang='lat' dir='ltr'>suspirabat,</span> <span class='ocrx_word' id='word_1_524' title='bbox 450 2337 557 2369; x_wconf 82' lang='lat' dir='ltr'>gaudia</span> <span class='ocrx_word' id='word_1_525' title='bbox 576 2337 737 2369; x_wconf 87' lang='lat' dir='ltr'>translato,</span> <span class='ocrx_word' id='word_1_526' title='bbox 763 2337 813 2364; x_wconf 89' lang='lat' dir='ltr'>illa</span> <span class='ocrx_word' id='word_1_527' title='bbox 833 2346 864 2365; x_wconf 86' lang='lat' dir='ltr'>se</span> <span class='ocrx_word' id='word_1_528' title='bbox 884 2338 921 2365; x_wconf 87' lang='lat' dir='ltr'>ad</span> <span class='ocrx_word' id='word_1_529' title='bbox 941 2342 1035 2366; x_wconf 87' lang='lat' dir='ltr'>Deum</span> <span class='ocrx_word' id='word_1_530' title='bbox 1054 2343 1085 2366; x_wconf 84' lang='lat' dir='ltr'>ut</span> <span class='ocrx_word' id='word_1_531' title='bbox 1105 2348 1224 2374; x_wconf 71' lang='lat' dir='ltr'>semper</span> <span class='ocrx_word' id='word_1_532' title='bbox 1242 2342 1334 2365; x_wconf 91' lang='lat' dir='ltr'>totam</span> <span class='ocrx_word' id='word_1_533' title='bbox 1354 2338 1495 2370; x_wconf 84' lang='lat' dir='ltr'>contulit,</span> <span class='ocrx_word' id='word_1_534' title='bbox 1522 2338 1620 2373; x_wconf 80' lang='lat' dir='ltr'>ipsum</span> 
     </span>
     <span class='ocr_line' id='line_1_51' title="bbox 235 2381 1619 2416; baseline 0.001 -6"><span class='ocrx_word' id='word_1_535' title='bbox 235 2392 306 2410; x_wconf 82' lang='lat' dir='ltr'>suae</span> <span class='ocrx_word' id='word_1_536' title='bbox 327 2381 472 2415; x_wconf 86' lang='lat' dir='ltr'>castitati,</span> <span class='ocrx_word' id='word_1_537' title='bbox 491 2383 663 2410; x_wconf 70' lang='lat' dir='ltr'>necessitati</span> <span class='ocrx_word' id='word_1_538' title='bbox 683 2392 716 2409; x_wconf 89' lang='lat' dir='ltr'>ac</span> <span class='ocrx_word' id='word_1_539' title='bbox 735 2381 824 2409; x_wconf 83' lang='lat' dir='ltr'>saluti</span> <span class='ocrx_word' id='word_1_540' title='bbox 843 2382 964 2415; x_wconf 75' lang='lat' dir='ltr'>adesse,</span> <span class='ocrx_word' id='word_1_541' title='bbox 984 2383 1069 2411; x_wconf 82' lang='lat' dir='ltr'>illum</span> <span class='ocrx_word' id='word_1_542' title='bbox 1089 2384 1149 2411; x_wconf 89' lang='lat' dir='ltr'>suis</span> <span class='ocrx_word' id='word_1_543' title='bbox 1169 2383 1317 2416; x_wconf 77' lang='lat' dir='ltr'>ecclesiis,</span> <span class='ocrx_word' id='word_1_544' title='bbox 1337 2383 1422 2410; x_wconf 84' lang='lat' dir='ltr'>illum</span> <span class='ocrx_word' id='word_1_545' title='bbox 1440 2382 1526 2416; x_wconf 85' lang='lat' dir='ltr'>filiis,</span> <span class='ocrx_word' id='word_1_546' title='bbox 1545 2392 1619 2416; x_wconf 85' lang='lat' dir='ltr'>qnos</span> 
     </span>
     <span class='ocr_line' id='line_1_52' title="bbox 233 2427 1618 2463; baseline -0.001 -8"><span class='ocrx_word' id='word_1_547' title='bbox 233 2428 261 2455; x_wconf 89' lang='lat' dir='ltr'>ei</span> <span class='ocrx_word' id='word_1_548' title='bbox 281 2428 310 2455; x_wconf 88' lang='lat' dir='ltr'>in</span> <span class='ocrx_word' id='word_1_549' title='bbox 330 2427 397 2463; x_wconf 83' lang='lat' dir='ltr'>ipso</span> <span class='ocrx_word' id='word_1_550' title='bbox 416 2432 643 2460; x_wconf 74' lang='lat' dir='ltr'>aggregaverat,</span> <span class='ocrx_word' id='word_1_551' title='bbox 671 2431 857 2462; x_wconf 60' lang='lat' dir='ltr'>praesentem</span> <span class='ocrx_word' id='word_1_552' title='bbox 885 2427 990 2461; x_wconf 75' lang='lat' dir='ltr'>affore,</span> <span class='ocrx_word' id='word_1_553' title='bbox 1010 2428 1175 2460; x_wconf 72' lang='lat' dir='ltr'>advocare,</span> <span class='ocrx_word' id='word_1_554' title='bbox 1198 2428 1342 2461; x_wconf 79' lang='lat' dir='ltr'>vigilibus</span> <span class='ocrx_word' id='word_1_555' title='bbox 1365 2427 1551 2455; x_wconf 88' lang='lat' dir='ltr'>orationibus</span> <span class='ocrx_word' id='word_1_556' title='bbox 1575 2428 1618 2455; x_wconf 88' lang='lat' dir='ltr'>in-</span> 
     </span>
     <span class='ocr_line' id='line_1_53' title="bbox 235 2471 1617 2508; baseline -0.001 -9"><span class='ocrx_word' id='word_1_557' title='bbox 235 2477 329 2506; x_wconf 83' lang='lat' dir='ltr'>stare,</span> <span class='ocrx_word' id='word_1_558' title='bbox 365 2472 414 2499; x_wconf 86' lang='lat' dir='ltr'>die</span> <span class='ocrx_word' id='word_1_559' title='bbox 441 2471 602 2507; x_wconf 84' lang='lat' dir='ltr'>practicam</span> <span class='ocrx_word' id='word_1_560' title='bbox 630 2481 695 2503; x_wconf 69' lang='lat' dir='ltr'>(uun</span> <span class='ocrx_word' id='word_1_561' title='bbox 722 2472 856 2505; x_wconf 81' lang='lat' dir='ltr'>Martha,</span> <span class='ocrx_word' id='word_1_562' title='bbox 888 2477 976 2499; x_wconf 83' lang='lat' dir='ltr'>noctu</span> <span class='ocrx_word' id='word_1_563' title='bbox 1003 2473 1269 2508; x_wconf 70' lang='lat' dir='ltr'>contemplativam</span> <span class='ocrx_word' id='word_1_564' title='bbox 1303 2483 1370 2500; x_wconf 85' lang='lat' dir='ltr'>cnm</span> <span class='ocrx_word' id='word_1_565' title='bbox 1402 2473 1495 2500; x_wconf 84' lang='lat' dir='ltr'>Maria</span> <span class='ocrx_word' id='word_1_566' title='bbox 1524 2471 1617 2500; x_wconf 75' lang='lat' dir='ltr'>vitam</span> 
     </span>
     <span class='ocr_line' id='line_1_54' title="bbox 235 2516 1618 2552; baseline 0 -9"><span class='ocrx_word' id='word_1_567' title='bbox 235 2526 321 2548; x_wconf 68' lang='lat' dir='ltr'>agere</span> <span class='ocrx_word' id='word_1_568' title='bbox 340 2525 399 2544; x_wconf 89' lang='lat' dir='ltr'>non</span> <span class='ocrx_word' id='word_1_569' title='bbox 419 2517 566 2544; x_wconf 82' lang='lat' dir='ltr'>cessabat.</span> <span class='ocrx_word' id='word_1_570' title='bbox 604 2519 719 2551; x_wconf 75' lang='lat' dir='ltr'>Quanta</span> <span class='ocrx_word' id='word_1_571' title='bbox 739 2525 810 2543; x_wconf 72' lang='lat' dir='ltr'>vero</span> <span class='ocrx_word' id='word_1_572' title='bbox 838 2517 1067 2545; x_wconf 75' lang='lat' dir='ltr'>elemosinarum</span> <span class='ocrx_word' id='word_1_573' title='bbox 1091 2518 1241 2551; x_wconf 77' lang='lat' dir='ltr'>largitate,</span> <span class='ocrx_word' id='word_1_574' title='bbox 1269 2522 1378 2552; x_wconf 80' lang='lat' dir='ltr'>quanta</span> <span class='ocrx_word' id='word_1_575' title='bbox 1406 2516 1548 2545; x_wconf 84' lang='lat' dir='ltr'>orationis</span> <span class='ocrx_word' id='word_1_576' title='bbox 1572 2516 1618 2543; x_wconf 89' lang='lat' dir='ltr'>in-</span> 
     </span>
     <span class='ocr_line' id='line_1_55' title="bbox 233 2561 1617 2597; baseline 0 -10"><span class='ocrx_word' id='word_1_577' title='bbox 233 2562 341 2588; x_wconf 81' lang='lat' dir='ltr'>stantia</span> <span class='ocrx_word' id='word_1_578' title='bbox 368 2570 423 2597; x_wconf 88' lang='lat' dir='ltr'>pro</span> <span class='ocrx_word' id='word_1_579' title='bbox 450 2561 531 2588; x_wconf 79' lang='lat' dir='ltr'>beati</span> <span class='ocrx_word' id='word_1_580' title='bbox 557 2561 690 2596; x_wconf 80' lang='lat' dir='ltr'>conjugis</span> <span class='ocrx_word' id='word_1_581' title='bbox 718 2561 852 2589; x_wconf 75' lang='lat' dir='ltr'>defuncti</span> <span class='ocrx_word' id='word_1_582' title='bbox 878 2562 976 2590; x_wconf 81' lang='lat' dir='ltr'>anima</span> <span class='ocrx_word' id='word_1_583' title='bbox 1008 2562 1218 2596; x_wconf 78' lang='lat' dir='ltr'>desudaverit,</span> <span class='ocrx_word' id='word_1_584' title='bbox 1250 2562 1280 2589; x_wconf 89' lang='lat' dir='ltr'>in</span> <span class='ocrx_word' id='word_1_585' title='bbox 1306 2562 1474 2597; x_wconf 84' lang='lat' dir='ltr'>subscripta</span> <span class='ocrx_word' id='word_1_586' title='bbox 1500 2561 1617 2596; x_wconf 78' lang='lat' dir='ltr'>pagina,</span> 
     </span>
     <span class='ocr_line' id='line_1_56' title="bbox 233 2605 1617 2642; baseline 0.003 -13"><span class='ocrx_word' id='word_1_587' title='bbox 233 2615 320 2638; x_wconf 80' lang='lat' dir='ltr'>quam</span> <span class='ocrx_word' id='word_1_588' title='bbox 341 2607 405 2641; x_wconf 84' lang='lat' dir='ltr'>ipsa</span> <span class='ocrx_word' id='word_1_589' title='bbox 425 2616 478 2642; x_wconf 85' lang='lat' dir='ltr'>per</span> <span class='ocrx_word' id='word_1_590' title='bbox 497 2615 545 2639; x_wconf 85' lang='lat' dir='ltr'>se,</span> <span class='ocrx_word' id='word_1_591' title='bbox 564 2616 631 2633; x_wconf 85' lang='lat' dir='ltr'>nam</span> <span class='ocrx_word' id='word_1_592' title='bbox 653 2606 817 2634; x_wconf 81' lang='lat' dir='ltr'>litterarum</span> <span class='ocrx_word' id='word_1_593' title='bbox 835 2611 865 2634; x_wconf 84' lang='lat' dir='ltr'>et</span> <span class='ocrx_word' id='word_1_594' title='bbox 883 2607 990 2634; x_wconf 87' lang='lat' dir='ltr'>artimn</span> <span class='ocrx_word' id='word_1_595' title='bbox 1009 2607 1134 2635; x_wconf 87' lang='lat' dir='ltr'>aliarum</span> <span class='ocrx_word' id='word_1_596' title='bbox 1153 2606 1334 2641; x_wconf 80' lang='lat' dir='ltr'>distinguere</span> <span class='ocrx_word' id='word_1_597' title='bbox 1353 2615 1424 2635; x_wconf 86' lang='lat' dir='ltr'>auro</span> <span class='ocrx_word' id='word_1_598' title='bbox 1435 2605 1617 2640; x_wconf 72' lang='lat' dir='ltr'>gemmisque</span> 
     </span>
     <span class='ocr_line' id='line_1_57' title="bbox 232 2651 1617 2688; baseline 0.002 -14"><span class='ocrx_word' id='word_1_599' title='bbox 232 2657 330 2675; x_wconf 61' lang='lat' dir='ltr'>sacras</span> <span class='ocrx_word' id='word_1_600' title='bbox 364 2656 464 2678; x_wconf 69' lang='lat' dir='ltr'>vestes</span> <span class='ocrx_word' id='word_1_601' title='bbox 497 2651 679 2685; x_wconf 73' lang='lat' dir='ltr'>peritissima</span> <span class='ocrx_word' id='word_1_602' title='bbox 710 2651 783 2686; x_wconf 86' lang='lat' dir='ltr'>suit,</span> <span class='ocrx_word' id='word_1_603' title='bbox 826 2652 996 2688; x_wconf 73' lang='lat' dir='ltr'>composuit</span> <span class='ocrx_word' id='word_1_604' title='bbox 1033 2656 1063 2679; x_wconf 83' lang='lat' dir='ltr'>ct</span> <span class='ocrx_word' id='word_1_605' title='bbox 1095 2651 1224 2687; x_wconf 86' lang='lat' dir='ltr'>scripsit.</span> <span class='ocrx_word' id='word_1_606' title='bbox 1272 2651 1446 2688; x_wconf 78' lang='lat' dir='ltr'>Quicunque</span> <span class='ocrx_word' id='word_1_607' title='bbox 1477 2651 1617 2684; x_wconf 80' lang='lat' dir='ltr'>volnerit,</span> 
     </span>
     <span class='ocr_line' id='line_1_58' title="bbox 231 2694 1616 2732; baseline -0.002 -7"><span class='ocrx_word' id='word_1_608' title='bbox 231 2701 390 2725; x_wconf 58' lang='lat' dir='ltr'>{³8¹¹0500r‘?</span> <span class='ocrx_word' id='word_1_609' title='bbox 416 2696 533 2728; x_wconf 73' lang='lat' dir='ltr'>potr-rit.</span> <span class='ocrx_word' id='word_1_610' title='bbox 577 2696 773 2729; x_wconf 53' lang='lat' dir='ltr'>kunegundis</span> <span class='ocrx_word' id='word_1_611' title='bbox 801 2696 904 2724; x_wconf 79' lang='lat' dir='ltr'>divina</span> <span class='ocrx_word' id='word_1_612' title='bbox 939 2696 1164 2732; x_wconf 73' lang='lat' dir='ltr'>disponsatione</span> <span class='ocrx_word' id='word_1_613' title='bbox 1199 2697 1264 2725; x_wconf 74' lang='lat' dir='ltr'>solo</span> <span class='ocrx_word' id='word_1_614' title='bbox 1296 2694 1466 2732; x_wconf 70' lang='lat' dir='ltr'>imperatrix·</span> <span class='ocrx_word' id='word_1_615' title='bbox 1498 2695 1616 2723; x_wconf 74' lang='lat' dir='ltr'>nomine</span> 
     </span>
    </p>
   </div>
   <div class='ocr_carea' id='block_1_3' title="bbox 1739 1486 1742 3005">
    <p class='ocr_par' dir='ltr' id='par_1_4' title="bbox 1739 1486 1742 3005">
     <span class='ocr_line' id='line_1_59' title="bbox 1739 1486 1742 3005; baseline 0 0"><span class='ocrx_word' id='word_1_616' title='bbox 1739 1486 1742 3005; x_wconf 95' lang='lat' dir='ltr'> </span> 
     </span>
    </p>
   </div>
  </div>
 </body>
</html>
