1742 3005
254 99 333 136 712
555 99 650 145 Cap.
677 96 811 131 CLXI.
870 97 929 131 De
960 104 1092 131 sancto
1122 97 1341 134 Eustacliio.

257 206 450 249 ruptionem
478 210 639 234 venarum
666 200 861 238 distentus,
898 201 1014 232 nervis
1040 210 1178 244 quoque
1208 201 1324 235 crudis
1351 203 1536 236 durissime
1564 212 1646 237 cae-

258 279 316 302 sus
345 267 471 307 oleum,
498 266 608 310 picem
636 269 669 299 et
694 264 831 309 adipem
860 264 1152 299 ferventissimum
1177 265 1355 309 tolerarit,
1382 273 1417 302 et
1442 279 1514 302 cum
1543 278 1646 313 prae—

257 332 365 366 sidem
400 330 600 373 derideret,
643 332 753 365 iratus
787 330 937 372 calcem,
981 334 1116 365 acetum
1149 334 1183 365 et
1218 332 1390 376 sinapinm
1427 334 1461 366 in
1496 344 1536 367 os
1571 334 1648 378 ejus

259 398 419 442 projecit.
470 396 540 431 Sed
567 408 641 431 eum
668 396 783 430 adbuc
807 396 994 430 immobilis
1026 401 1247 441 permaneret
1281 401 1314 431 et
1338 397 1431 442 apud
1457 398 1648 433 Veroman-

259 464 339 497 dum
380 461 553 497 adductus
591 463 736 504 suisset,
780 462 867 496 duos
903 463 1022 496 clavos
1058 471 1080 495 a
1113 463 1230 507 capite
1262 473 1374 509 usque
1406 463 1450 497 ad
1483 473 1585 498 crura
1618 468 1652 498 et

260 530 380 565 decem
411 530 502 563 inter
527 529 677 575 ungulas
709 533 743 563 et
773 538 912 563 carnem
939 538 1086 573 praeses
1126 527 1275 574 infigens
1310 528 1450 563 tandem
1486 539 1561 563 eum
1588 528 1651 563 de-

259 596 384 631 collari
418 595 510 629 fecit.
563 595 671 641 Cujus
705 604 832 639 corpus
869 595 903 628 in
936 593 1060 628 flumen
1096 595 1312 639 projectum,
1347 605 1420 628 cnm
1457 605 1520 639 per
1544 604 1654 628 annos

259 661 321 696 LV
354 661 537 702 latuisset,
573 671 594 695 a
630 661 779 706 quadam
816 664 977 694 matrona
1011 658 1122 693 nobili
1149 660 1307 695 Romana
1331 661 1450 695 taliter
1479 665 1654 705 repertum

260 732 328 764 est.
375 726 459 760 Nam
488 726 567 760 dum
593 726 737 760 assidue
770 726 923 759 orationi
952 730 1114 767 vacaret,
1149 730 1250 760 nocte
1284 726 1326 760 ab
1363 726 1492 772 angelo
1524 727 1654 760 monita

261 792 304 827 ad
330 796 480 826 castrum
506 790 763 825 Veromandum
791 800 985 834 properare
1007 789 1171 834 jubetur,
1208 795 1245 824 ut
1272 793 1306 825 in
1332 792 1395 826 tali
1421 792 1499 826 loco
1526 802 1655 836 corpus

261 860 372 892 sancti
406 858 561 897 Quintini
599 857 795 901 requireret
829 859 862 890 et
896 854 1089 889 honorilice
1123 856 1303 900 sepeliret.
1354 857 1435 891 Cum
1471 859 1578 903 igitur
1611 859 1655 892 ad

261 924 478 970 praedictum
506 923 617 956 locum
647 932 721 955 cum
749 922 854 955 multo
884 922 1049 955 comitatu
1076 923 1232 956 venisset
1258 926 1291 956 et
1316 923 1509 957 orationem
1528 922 1656 957 ibidem

264 988 435 1030 funderet,
457 996 585 1033 corpus
607 986 885 1026 sanctiQuintini
906 988 1143 1031 incorruptum
1165 992 1198 1022 et
1220 987 1382 1022 redolens
1401 989 1657 1033 superlltu'ium

263 1057 422 1100 protinus
450 1055 615 1089 enatavit.
668 1052 766 1093 Quod
793 1052 971 1097 sepeliens
998 1063 1061 1097 pro
1095 1053 1298 1097 sepulturae
1339 1053 1509 1088 beneficio
1544 1054 1657 1089 lumen

265 1120 442 1155 oculorum
470 1120 604 1164 recepit
636 1123 670 1154 et
696 1118 822 1153 ibidem
850 1117 1036 1152 aedificata
1062 1118 1212 1153 ecclesia
1238 1119 1283 1153 ad
1310 1121 1452 1165 propria
1478 1121 1657 1156 remeavit.

717 1449 843 1512 cAP.
879 1449 1020 1510 cmxl.
1055 1448 1208 1511 (156.)

523 1552 629 1594 De
668 1551 934 1594 sancto
963 1547 1399 1596 Eustachio.

357 1658 565 1692 Eustachius
591 1663 671 1693 ante
699 1658 864 1693 Placidus
891 1659 1094 1693 vocabatur.
1143 1658 1204 1692 Hic
1222 1661 1298 1692 erat
1322 1657 1491 1702 magister
1515 1654 1658 1688 militum

268 1725 419 1769 TraJani
458 1725 690 1768 imperatoris.
755 1723 839 1758 Erat
880 1729 993 1758 autem
1039 1724 1206 1768 operibus
1253 1721 1517 1758 misericordiae
1557 1719 1659 1755 valde

267 1790 454 1831 assiduus,
484 1789 546 1823 sed
571 1794 685 1824 tamen
709 1789 891 1834 ydolorum
916 1788 1023 1822 cultui
1049 1788 1201 1825 deditus.
1249 1788 1409 1822 Habebat
1432 1791 1545 1821 autem
1573 1796 1657 1820 eon-

263 1857 383 1901 Jugem
422 1854 577 1899 ejusdem
613 1856 700 1888 ritus
737 1860 771 1889 et
803 1854 1068 1888 misericordiae
1105 1855 1332 1888 exsistentem
1372 1853 1530 1897 duosque
1566 1852 1657 1885 lilios

267 1921 489 1965 procrearit,
517 1930 604 1964 quos
626 1921 729 1963 juxta
757 1930 853 1954 snam
881 1919 1171 1964 magnificentiam
1198 1919 1380 1964 magnifice
1403 1918 1541 1952 educari
1564 1917 1658 1959 fecit,

267 1989 302 2020 et
327 1986 409 2030 quia
434 1984 600 2029 operibus
627 1985 890 2020 misericordiae
917 1984 1061 2019 sedulus
1089 1983 1288 2025 insistebat,
1315 1982 1359 2016 ad
1389 1985 1478 2018 viam
1499 1984 1659 2017 veritatis

267 2051 391 2084 meruit
416 2050 601 2084 illustrari.
651 2050 807 2090 Quadam
835 2052 923 2085 enim
950 2049 1026 2092 die,
1052 2061 1126 2083 cuni
1154 2050 1330 2083 venationi
1356 2050 1549 2090 insisteret,
1576 2059 1657 2093 gre-

266 2126 345 2162 gem
371 2126 549 2149 cervorum
584 2117 734 2159 reperit,
771 2117 859 2150 inter
894 2126 981 2161 quos
1015 2126 1117 2149 unuin
1151 2116 1301 2149 caeteris
1339 2116 1591 2159 speciosiorem
1627 2118 1660 2148 et

269 2182 437 2226 majorem
463 2181 668 2225 conspexit,
705 2183 764 2226 qui
798 2181 841 2215 ab
876 2181 1023 2215 aliorum
1058 2182 1230 2215 societate
1265 2180 1450 2216 discedens
1477 2183 1509 2214 in
1535 2181 1659 2214 silvam

270 2248 456 2280 xastiorem
503 2246 668 2290 prosiliit.
730 2246 856 2281 Verum
898 2247 978 2281 aliis
1019 2246 1187 2280 militibus
1220 2248 1313 2281 circa
1344 2257 1466 2281 cervos
1502 2246 1659 2291 reliquos

268 2313 450 2356 occupatis
476 2310 640 2345 Placidus
667 2311 759 2345 hunc
788 2315 861 2346 toto
887 2313 964 2346 nisu
990 2313 1185 2356 insequitur
1218 2317 1252 2347 et
1278 2314 1388 2357 ipsum
1415 2322 1541 2356 capere
1569 2313 1658 2346 nite-

269 2378 384 2411 batur.
434 2377 541 2416 Quem
567 2386 641 2410 cum
670 2378 756 2410 totis
783 2377 915 2411 viribus
944 2379 1208 2423 insequeretur,
1241 2388 1364 2412 cervus
1389 2377 1528 2412 tandem
1554 2388 1660 2422 super

269 2441 444 2488 quandam
473 2443 567 2486 rupis
595 2441 811 2477 altitudinem
844 2443 1049 2478 conscendit
1075 2447 1107 2478 et
1132 2443 1295 2477 Placidus
1321 2445 1548 2488 appropians,
1575 2452 1659 2487 qua-

270 2509 349 2542 liter
374 2509 453 2552 capi
479 2512 622 2551 posset,
649 2509 764 2542 animo
791 2508 934 2544 sedulus
962 2509 1177 2544 revolvebat.
1228 2510 1293 2548 Qui
1319 2520 1392 2543 cum
1419 2519 1553 2544 cervum
1580 2507 1655 2540 dili>

269 2577 392 2617 genter
419 2572 680 2615 consideraret,
721 2574 808 2608 sidit
841 2576 932 2609 inter
966 2585 1097 2608 cornua
1125 2575 1200 2619 ejus
1227 2573 1370 2608 sormam
1397 2583 1519 2608 sacrae
1546 2575 1658 2606 crucis

272 2647 377 2680 supra
404 2637 492 2671 solis
519 2637 714 2673 claritatem
742 2639 931 2685 fulgentem
958 2644 992 2674 et
1017 2641 1201 2686 imaginem
1226 2640 1309 2675 ,lesu
1337 2638 1485 2679 Christi,
1513 2639 1570 2682 qni
1598 2650 1659 2682 per

272 2712 311 2737 os
340 2703 448 2745 cervi,
479 2704 567 2737 sicut
593 2704 673 2739 olim
702 2715 764 2750 per
790 2706 921 2740 asinam
949 2704 1113 2746 Balaam,
1141 2706 1191 2740 sic
1219 2705 1249 2740 ei
1275 2704 1408 2738 loeutus
1437 2707 1488 2737 est
1517 2703 1657 2738 dicens:
