1742 3005
417 82 513 132 Cap.
545 81 676 119 XLVI.
737 83 796 120 De
827 89 959 121 sancto
994 84 1195 135 Gregorio.
1417 86 1496 125 198

110 188 197 223 bene
222 190 310 222 orat.
354 185 440 232 Ejus
465 188 570 222 vitam
593 189 734 233 scripsit
758 187 887 224 Paulus
909 189 1227 238 Longobardorum
1250 191 1491 239 hystorIogra‘

108 251 208 296 phus,
235 261 336 297 quam
355 251 534 288 Johanncs
558 252 733 298 dyaconus
759 254 960 300 diligentius
988 257 1205 302 postmodum
1229 258 1441 303 compilavit.

195 322 232 355 1.
254 317 446 364 Gregorius
471 321 650 354 senatoria
673 321 783 364 stirpe
809 323 1025 366 progenitus,
1051 324 1149 368 eujus
1174 327 1276 367 pater
1295 323 1492 360 Gordianus

107 387 142 418 et
167 388 277 419 mater
303 384 415 418 Silvia
439 384 631 428 dicebatur,
655 395 730 419 cum
755 395 919 420 summum
945 387 1192 432 philosophiae
1219 390 1350 433 apicem
1367 391 1399 425 in
1414 392 1491 436 ipsa

107 451 161 483 sui
195 448 434 484 adolescentia
466 452 644 496 attigisset
678 459 718 484 ae
742 461 855 484 rerum
880 455 914 485 et
950 451 1149 486 divitiarum
1183 455 1286 498 copia
1309 455 1490 498 plurimum

107 514 320 555 abundaret,
365 516 536 560 cogitavit
558 519 679 553 tamen
714 513 801 548 haec
837 517 953 550 omnia
978 515 1141 551 deserere
1169 521 1203 552 et
1227 520 1259 551 in
1285 520 1489 565 religionem

106 589 144 613 se
167 578 369 614 transferre.
424 578 494 614 Sed
519 578 596 613 dum
619 579 758 624 longius
782 583 1044 616 conversionem
1069 582 1292 627 protraheret
1317 589 1351 618 et
1376 589 1412 619 ut
1435 590 1489 620 tu-

107 646 173 678 tius
198 654 237 678 se
265 643 404 678 Christo
429 643 673 678 famulaturum
698 648 851 689 putaret,
879 647 909 679 si
934 645 997 680 sub
1025 649 1200 691 praetoris
1226 648 1349 683 urbani
1369 649 1489 686 habitu

105 709 229 743 mundo
254 711 371 754 speeie
395 714 496 744 tenus
521 709 727 752 deserviret,
752 715 942 755 coeperunt
966 711 1092 746 multra
1115 718 1235 748 contra
1261 726 1334 749 eum
1352 726 1393 750 ex
1407 727 1487 752 sae-

103 774 171 808 culi
195 784 280 809 cura
302 784 534 817 succrescere,
563 777 612 809 ita
632 779 669 808 ut
693 786 761 808 non
785 779 915 809 tantum
942 778 1079 821 specie,
1106 779 1168 813 sed
1193 781 1227 813 in
1252 789 1293 814 eo
1319 783 1487 817 retinere-

105 844 159 873 tur
191 844 226 875 et
257 845 381 876 mente.
451 839 606 874 Tandem
640 844 739 885 patre
772 839 916 875 orbatus
954 852 1016 875 sex
1050 846 1263 878 monasteria
1298 848 1330 880 in
1366 848 1487 881 Sieiiia

103 907 314 947 construxit,
362 907 543 951 septimum
577 908 669 939 intra
699 907 835 940 moenia
869 906 965 940 urbis
999 906 1063 940 sub
1101 906 1233 943 honore
1268 914 1378 945 sancti
1414 912 1486 947 An-

102 970 208 1005 dreae
233 971 386 1016 apostoli
411 974 444 1005 in
468 973 612 1016 proprio
640 970 776 1005 domate
803 969 1012 1014 fabricavit,
1054 973 1087 1006 in
1114 983 1181 1017 quo
1208 975 1337 1009 relictis
1363 980 1485 1013 sericis

102 1047 187 1071 auro
218 1038 432 1082 gemmisque
469 1036 686 1071 radiantibus
717 1037 778 1070 vili
814 1039 1004 1070 monastico
1031 1036 1151 1072 habitu
1175 1039 1372 1084 tegebatur.
1421 1043 1484 1078 Ubi

101 1101 146 1137 ad
170 1106 300 1136 tantam
326 1102 574 1148 pei-sectionem
600 1103 634 1136 in
662 1100 758 1136 brevi
787 1101 945 1145 devenit,
996 1107 1032 1136 ut
1059 1106 1091 1137 in
1117 1106 1193 1148 ipso
1223 1115 1308 1141 suae
1337 1117 1484 1143 conver-

101 1169 210 1202 sionis
245 1169 344 1202 initio
381 1171 502 1213 posset
532 1168 606 1213 Jam
637 1168 670 1201 in
698 1167 929 1213 perfectorum
956 1178 1098 1203 numero
1123 1173 1328 1215 computari.
1378 1173 1484 1218 Cujus

101 1232 237 1278 quidem
264 1233 433 1278 perfectio
461 1244 502 1268 ex
528 1232 644 1267 verbis
671 1234 764 1275 suis,
816 1242 905 1277 quae
942 1234 974 1267 in
1001 1235 1149 1280 prologo
1175 1245 1282 1280 super
1308 1236 1484 1284 dialogum

99 1300 210 1343 ponit,
235 1298 436 1344 aliqualiter
458 1297 627 1343 perpendi
652 1301 781 1342 potest,
810 1297 868 1331 ubi
893 1299 943 1331 sic
968 1297 1070 1333 dicit:
1094 1300 1216 1334 infelix
1236 1303 1368 1336 animus
1387 1314 1482 1338 meus

101 1365 340 1409 occupationis
371 1373 457 1397 suae
492 1362 650 1408 pulsatus
683 1362 825 1397 vulnere
859 1363 1030 1405 meminit,
1082 1365 1196 1409 qualis
1231 1366 1420 1411 aliquando
1448 1371 1483 1403 in

100 1430 312 1463 monasterio
338 1428 414 1469 suit,
443 1427 614 1473 quomodo
630 1430 661 1462 ei
675 1427 831 1462 labentia
845 1432 968 1462 cuncta
983 1427 1217 1472 subtererant,
1245 1436 1406 1475 quantum
1426 1444 1482 1469 re-

99 1493 164 1529 bus
189 1493 365 1536 omnibus,
394 1503 483 1538 quae
509 1493 713 1534 volvuntur,
740 1492 933 1535 eminebat,
959 1492 1051 1538 quod
1078 1494 1192 1537 nulla,
1221 1498 1287 1530 nisi
1314 1499 1483 1534 coelestia

97 1561 256 1605 cogitare
281 1562 532 1600 consueverat,
568 1558 660 1603 quod
684 1560 786 1592 etiam
814 1562 967 1592 retentus
994 1568 1141 1603 corpore
1167 1561 1244 1605 ipsa
1266 1562 1339 1606 jam
1366 1566 1480 1599 carnis

98 1624 252 1659 claustra
274 1623 565 1669 contemplatione
589 1622 773 1664 transibat,
800 1622 890 1668 quod
915 1627 1056 1658 mortem
1083 1635 1233 1669 quoque,
1260 1637 1478 1672 quaepaene

98 1692 228 1724 cunctis
255 1700 369 1735 poena
394 1693 459 1731 est,
485 1688 646 1723 videlicet
670 1692 707 1722 ut
731 1690 926 1734 ingressum
953 1691 1044 1724 vitae
1071 1694 1104 1724 et
1132 1693 1321 1735 praemium
1348 1692 1480 1729 laboris

99 1757 151 1790 sui
179 1755 330 1790 amabat.
377 1755 492 1790 Tanta
515 1754 663 1799 denique
690 1754 906 1788 districtione
931 1764 1057 1798 corpus
1080 1766 1177 1789 suum
1203 1755 1341 1799 afflixit,
1367 1763 1403 1792 ut
1429 1762 1480 1794 in-

98 1821 230 1855 firmato
274 1819 452 1855 stomacho
493 1818 685 1853 subsistere
719 1821 776 1853 vix
817 1819 949 1853 valeret
992 1823 1027 1853 et
1068 1822 1269 1857 incisionem
1310 1824 1479 1868 vitalium,

99 1896 199 1931 quam
228 1885 351 1921 Graeci
376 1887 553 1930 syncopim
576 1889 722 1927 vocant,
768 1887 905 1929 patiens
930 1884 1063 1919 crebris
1088 1889 1262 1931 augustiis
1288 1899 1351 1933 per
1374 1888 1479 1924 hora-

99 1961 172 1985 rum
200 1955 371 1986 momenta
405 1950 449 1984 ad
480 1952 607 1984 exitum
642 1951 905 1995 propinquaret.
936 1971 981 1976 —
1003 1970 1046 1976 —-
1071 1972 1116 1977 —
1149 1956 1190 1988 2.
1225 1953 1380 1992 Quadam
1406 1957 1480 1990 vice

99 2014 177 2049 dum
205 2015 353 2060 quodam
378 2016 411 2049 in
437 2017 648 2050 monasterio
675 2025 761 2058 suo,
803 2014 862 2049 ubi
891 2014 1001 2049 abbas
1028 2022 1208 2061 praeerat,
1252 2020 1478 2063 scriptitaret,

97 2080 244 2126 angelus
269 2080 397 2114 domini
423 2081 456 2114 in
481 2082 598 2125 speeie
625 2081 789 2126 naufragi
814 2081 881 2115 sibi
907 2081 1006 2115 affuit
1030 2081 1166 2127 sibique
1192 2084 1348 2117 misereri
1367 2083 1480 2129 lacry-

97 2145 271 2180 mabiliter
294 2146 496 2190 postulavit.
555 2146 618 2180 Cui
652 2155 726 2179 cum
753 2145 945 2191 Gregorius
971 2157 1034 2181 sex
1060 2152 1248 2193 argenteos
1275 2148 1350 2182 dari
1376 2149 1479 2184 fecis-

97 2214 150 2244 set
176 2214 210 2245 et
234 2210 400 2253 abiisset,
452 2210 572 2245 eadem
600 2211 655 2245 die
681 2213 802 2246 iterum
831 2211 956 2253 rediit,
1004 2222 1112 2257 seque
1136 2214 1243 2248 multa
1269 2214 1477 2258 perdidisse,

97 2285 208 2319 pauca
235 2286 317 2310 vero
343 2277 521 2321 accepisse
548 2276 736 2321 perhibuit.
793 2278 858 2317 Qui
881 2286 956 2310 cum
981 2277 1025 2311 ab
1051 2288 1092 2312 eo
1119 2279 1262 2314 totidem
1289 2283 1477 2325 argenteos

96 2340 310 2384 recepisset,
336 2341 458 2375 iterum
484 2343 558 2376 vice
581 2343 687 2375 tertia
712 2352 875 2376 reversus
901 2344 1059 2377 misereri
1083 2343 1151 2377 sibi
1175 2344 1380 2387 importunis
1405 2343 1477 2376 cla-

97 2403 248 2438 moribus
283 2404 504 2448 postulabat,
553 2405 616 2439 sed
643 2405 835 2452 Gregorius
860 2417 935 2440 cum
959 2417 980 2440 a
1003 2412 1231 2451 procuratore
1258 2409 1312 2440 sui
1338 2417 1477 2441 monas-

94 2470 173 2502 terii
200 2468 399 2511 dirlicssset,
440 2469 526 2503 nihil
553 2470 701 2504 dandum
727 2475 868 2514 praeter
890 2472 1070 2506 scutellam
1099 2476 1322 2516 argenteam,
1375 2482 1477 2517 quam

93 2537 204 2568 mater
228 2543 292 2568 sua
317 2543 391 2568 cum
415 2534 648 2579 leguminibus
671 2536 806 2569 mittere
840 2535 994 2577 solebat,
1044 2537 1077 2569 in
1105 2537 1315 2571 monasterio
1340 2547 1476 2572 reman-

93 2599 220 2647 sisse„
250 2598 343 2633 illam
369 2601 484 2633 statim
518 2598 595 2633 dari
621 2601 820 2643 praecepit,
869 2609 970 2645 quam
993 2600 1142 2635 libenter
1165 2603 1339 2645 accipiens
1363 2602 1476 2636 laetus

91 2662 276 2699 abscessit.
323 2664 384 2698 Hic
408 2667 520 2699 autem
547 2664 694 2710 angelus
720 2664 849 2698 domini
874 2665 958 2705 fuit,
1003 2667 1093 2700 sicut
1118 2676 1156 2701 se
1181 2667 1293 2711 ipsum
1321 2670 1476 2712 postmo-
