1742 3005
237 104 318 144 632
471 105 568 154 Cap.
601 101 752 138 CXLll.
807 101 866 137 De
898 107 1033 138 sancta
1061 101 1210 138 Justina
1242 100 1397 152 virgine.

239 209 382 254 peribus
417 211 451 242 et
485 205 645 240 eeclesiis
680 208 866 251 erogaret,
902 204 1074 249 quendam
1100 204 1330 249 presbiterum
1356 205 1473 247 misit,
1499 208 1536 238 ut
1560 203 1629 238 sibi

242 274 284 308 de
310 272 546 306 saerosanctis
578 272 732 315 ipsorum
764 269 924 315 reliquiis
960 272 1172 313 asportaret.
1225 270 1259 314 ¹)
1274 269 1338 309 Qui
1372 280 1446 305 eum
1473 270 1631 314 reliquiis

243 337 438 382 impetratis
465 334 625 378 rediens,
662 334 740 368 dum
767 336 865 370 navis
891 339 969 369 orta
995 338 1203 379 tempestate
1231 336 1266 368 in
1289 334 1367 368 lacu
1390 334 1631 369 Lausannensi

244 403 395 447 periret,
423 411 564 446 capsam
590 411 664 434 cum
691 400 850 445 reliquiis
876 399 1039 434 fluetibus
1068 400 1234 445 opposuit
1259 403 1293 434 et
1319 410 1398 433 mox
1423 404 1545 434 secuta
1569 400 1635 435 fuit

244 467 481 512 tranquillitas
507 476 648 512 magna.
677 485 718 491 -
743 486 786 490 -
811 487 855 491 -—
886 469 937 504 4.
963 465 1062 500 Anno
1096 464 1225 499 domini
1250 463 1528 507 DCCCCLXIII,
1560 475 1635 499 eum

245 532 386 578 quidam
411 531 570 566 monaehi
601 531 747 566 obtentu
771 531 890 566 Caroli
916 541 937 566 a
962 531 1110 566 Nicolao
1139 540 1233 575 papa
1256 540 1409 575 corpora
1434 531 1546 564 saneti
1570 529 1635 565 Ur-

246 597 330 631 bani
365 606 477 642 papae
513 602 547 632 et
582 598 695 631 saneti
730 596 885 631 Tiburtii
917 598 1069 630 martiris
1104 597 1350 641 impetrassent
1383 599 1418 630 et
1451 595 1636 631 redeuntes

249 667 446 697 sanctorum
471 664 648 697 martirum
676 662 861 697 ecclesiam
889 663 1111 703 visitassent,
1148 661 1191 695 ab
1228 661 1357 696 abbate
1389 665 1422 696 et
1456 661 1638 695 monac-his

250 729 499 772 impetrarunt,
535 732 572 761 ut
606 737 732 771 eorpus
765 729 877 761 sancti
904 727 1062 761 Mauritii
1097 731 1130 761 et
1165 731 1270 771 caput
1303 728 1414 760 saneti
1446 726 1638 761 innocentii

250 792 344 837 apud
376 791 660 827 Autissiodorum
694 793 726 824 in
760 792 930 833 ecclesia,
973 802 1075 836 quani
1110 795 1253 825 sanetus
1286 791 1476 826 Germanus
1509 792 1639 827 eisdem

252 857 452 892 martiribus
480 856 605 891 dudum
634 855 878 898 dedicaverat,
914 860 1208 900 transportarent.
1239 876 1275 882 --
1307 876 1344 882 -·
1369 877 1413 881 —
1447 859 1495 895 5.
1520 857 1640 892 Refert

228 908 374 958 VPetrus
401 923 557 958 Damiani
573 950 580 963 ‚
618 921 710 967 quod
737 924 771 955 in
793 922 998 967 Burgundia
1023 926 1098 956 erat
1123 922 1262 967 quidam
1291 922 1440 956 clericus
1466 923 1640 967 superbus

254 993 288 1022 et
312 988 543 1030 ambitiosus,
591 989 649 1033 qni
685 987 857 1032 quandam
885 988 1068 1022 ecelesiam
1112 989 1222 1022 sancti
1256 987 1412 1022 Mauritii
1447 988 1514 1022 sibi
1542 999 1643 1023 usur-

253 1058 420 1100 paverat,
461 1052 610 1098 quodam
654 1057 794 1096 potente
829 1053 937 1087 milite
973 1053 1042 1086 sibi
1077 1053 1258 1098 plurimum
1295 1053 1500 1088 obsistente.
1556 1054 1643 1089 Dum

254 1124 367 1153 autem
395 1118 542 1164 quadam
570 1118 625 1152 die
656 1120 762 1151 missa
794 1123 994 1153 cantaretur
1020 1124 1054 1153 et
1081 1121 1115 1152 in
1141 1120 1206 1153 line
1236 1118 1412 1164 evangelii
1447 1119 1643 1155 diceretur:

256 1186 389 1226 omnis,
425 1185 484 1229 qui
516 1193 553 1217 se
588 1183 738 1224 exaltat,
776 1183 1036 1225 humiliabitur,
1072 1184 1195 1218 derisit
1224 1185 1329 1217 miser
1355 1188 1388 1218 et
1413 1186 1479 1218 ait:
1519 1185 1644 1220 salsum

255 1254 331 1291 est,
358 1260 436 1282 nam
462 1251 491 1282 si
517 1259 584 1294 ego
610 1249 694 1282 meis
722 1248 883 1282 hostibus
909 1260 961 1283 nie
989 1249 1245 1291 humiliassem,
1280 1253 1332 1282 tot
1366 1249 1471 1284 hodie
1504 1250 1645 1285 divitias

257 1315 430 1349 ecelesiae
468 1325 536 1347 non
569 1313 745 1348 haberem.
794 1313 836 1348 Et
870 1325 949 1348 ecce
986 1314 1115 1348 fulmen
1147 1317 1258 1348 instar
1289 1315 1401 1360 gladii
1427 1316 1460 1348 in
1489 1326 1528 1349 os
1556 1317 1645 1361 ejus,

257 1391 319 1424 per
363 1379 456 1424 quod
498 1379 737 1425 blasphemira
778 1379 885 1415 verba
929 1381 1098 1421 evomuit,
1141 1381 1297 1414 introivit
1339 1384 1372 1415 et
1412 1379 1527 1414 subito
1571 1392 1646 1416 eum

259 1446 436 1479 exstinxit.

693 1768 818 1829 CAP.
867 1769 1032 1830 exui.
1076 1771 1224 1832 (137.)

469 1870 568 1912 De
613 1868 833 1912 saneta
872 1868 1138 1914 Justina
1167 1868 1442 1926 virgine.

348 1975 485 2009 Justina
512 1987 532 2010 a
552 1978 693 2021 justitia
719 1977 813 2011 dicta
839 1981 914 2017 est,
949 1978 1025 2020 ipsa
1051 1978 1139 2011 enim
1167 1987 1230 2021 per
1250 1978 1422 2022 justitiam
1450 1978 1647 2021 unicuique,

261 2039 353 2083 quod
381 2051 477 2073 snum
505 2045 570 2081 est,
600 2041 772 2082 reddidit3
800 2042 936 2075 scilicet
962 2041 1033 2075 Deo
1061 2041 1312 2084 obedientiam,
1343 2043 1516 2087 superiori
1544 2052 1647 2086 prae-

261 2105 331 2137 lato
364 2107 614 2146 reverentiam,
651 2107 727 2149 pari
763 2100 1005 2149 concordiam,
1042 2106 1202 2141 inl'eriori
1228 2107 1468 2151 disciplinam,
1501 2107 1649 2141 inimicis

259 2170 476 2212 patientiam,
502 2172 640 2205 miseris
661 2175 694 2205 et
712 2171 854 2205 al'llietis
876 2173 1187 2217 ²)c0mpassionem
1215 2182 1414 2218 operosam,
1434 2172 1502 2206 sibi
1519 2173 1649 2206 saneti-

259 2236 407 2268 moniam
435 2239 468 2269 et
493 2237 660 2279 proximis
685 2238 878 2272 caritatem.

347 2299 486 2334 Justina
519 2302 618 2346 virgo
652 2301 693 2335 de
719 2303 860 2336 civitate
885 2301 1106 2344 Antiochiae,
1140 2302 1212 2337 filia
1238 2303 1434 2338 sacerdotis
1454 2302 1649 2348 5dolorum,

260 2363 417 2408 quotidie
442 2365 486 2398 ad
514 2365 700 2399 fenestram
728 2366 855 2400 sedens
880 2366 1037 2400 Proelum
1067 2367 1255 2413 dyaconem
1282 2368 1500 2414 evangelium
1525 2369 1648 2415 legen-

262 2434 326 2463 tem
355 2429 539 2472 audiebat,
575 2440 595 2464 a
628 2441 695 2476 qno
732 2430 869 2465 tandem
895 2442 1064 2467 conversa
1087 2438 1151 2468 est.
1202 2434 1302 2474 Quod
1326 2444 1400 2468 eum
1426 2439 1536 2470 mater
1559 2434 1648 2479 patri

262 2495 295 2527 in
321 2494 412 2528 lecto
439 2495 621 2530 retulisset
646 2500 680 2530 et
704 2495 808 2530 ambo
836 2497 1102 2541 dormivissent‚
1139 2499 1299 2534 Christus
1325 2510 1398 2534 cum
1426 2498 1561 2544 angelis
1586 2507 1646 2542 ap-

262 2561 376 2601 paruit
409 2561 452 2593 iis
485 2559 622 2595 dicens:
656 2562 771 2595 venite
807 2561 849 2595 ad
882 2572 934 2597 me
969 2566 1002 2597 et
1037 2562 1128 2598 dabo
1164 2564 1264 2599 vohis
1293 2574 1435 2610 regnum
1459 2563 1646 2600 coelorum,

329 2658 353 2686 l)
377 2658 428 2682 m.
449 2661 505 2686 Ιί’,.
534 2669 639 2691 quein
661 2669 684 2686 r.
707 2669 728 2687 r.
750 2659 866 2693 impul
882 2669 978 2687 rans.
1066 2662 1094 2694 2)
1115 2661 1167 2689 Ed.
1188 2664 1233 2688 Pr.
1253 2649 1548 2688 concessionem
1578 2660 1646 2693 legit

263 2705 286 2724 τι
311 2708 399 2726 voces
421 2701 539 2727 ultim-ns.
560 2709 593 2730 vt
618 2719 643 2723 -
666 2715 678 2729 t*
692 2714 704 2729 «ι
717 2714 727 2729 ι’
740 2704 745 2729 i
759 2708 767 2730 l
780 2714 793 2729 a
807 2706 814 2730 l
828 2714 842 2726 ν
855 2713 881 2730 ni
902 2705 1021 2732 omnm.
