1742 3005
327 103 421 153 Cap.
454 103 658 141 CLXVlll.
730 104 788 140 De
819 109 948 140 sancta
973 103 1184 141 Elizabeth.
1369 103 1450 143 769

62 209 270 255 permittam.
292 228 336 233 —-
362 228 407 234 —
430 227 475 232 —-
520 211 592 246 11.
626 209 823 243 Conversus
857 208 997 254 quidam
1030 209 1096 243 fnit
1128 210 1162 243 in
1193 210 1340 255 quodam
1372 223 1447 248 mo-

60 276 215 310 nasterio
240 274 423 319 dyoecesis
448 274 752 320 Moguntinensis,
793 274 1044 319 ¹)Volemarus
1072 277 1230 318 nomine,
1263 278 1448 315 admodum

60 340 272 386 religiosus,
307 342 367 386 qui
399 350 538 375 carnem
572 350 669 375 suam
704 342 754 375 sie
790 341 937 383 afflixit,
980 346 1017 376 ut
1051 344 1144 376 circa
1179 353 1289 378 annos
1323 347 1449 392 viginti

60 407 204 442 loricam
229 406 274 441 ad
299 416 436 441 carnem
464 410 622 451 portaret
647 411 681 441 et
706 409 797 441 inter
820 406 958 450 lapides
978 412 1013 441 et
1029 408 1125 452 ligna
1138 408 1289 452 jaceret.
1338 411 1448 457 Hujus

61 483 218 515 manum,
255 472 332 507 dum
359 474 392 506 in
418 472 615 506 molendino
642 476 756 512 esset,
792 471 883 515 lapis
911 472 1054 506 molaris
1080 482 1164 506 casu
1190 475 1447 518 apprehensam

61 540 112 573 sic
137 540 320 580 contrivit,
348 541 385 572 ut
408 547 545 571 carnem
572 536 616 570 ab
643 541 790 581 utraque
815 540 915 580 parte
941 537 1123 580 avelleret,
1149 549 1233 572 ossa
1261 544 1295 574 et
1320 552 1448 578 nervos

61 608 276 645 contereret,
311 604 361 636 ita
391 606 428 636 ut
461 603 494 635 in
519 602 666 646 quodam
700 603 866 636 mortario
894 604 1046 637 contrita
1071 604 1325 649 quodammodo
1350 607 1449 643 vide-

61 675 167 705 retur.
216 669 280 709 Qui
305 672 403 703 tanto
429 667 563 702 doloris
588 668 712 702 aculeo
738 668 944 713 urgebatur,
971 673 1008 703 ut
1028 674 1183 715 rogaret,
1213 671 1305 716 quod
1327 683 1448 710 manus

61 736 130 771 sibi
165 734 442 781 praecideretur.
491 734 573 768 Cum
610 736 719 780 igitur
758 733 895 768 beatam
928 734 1114 770 Elizabeth
1149 736 1273 770 crebro
1317 739 1350 771 in
1393 741 1450 773 sui

61 802 227 837 auxilium
252 803 452 843 invocaret,
479 811 567 845 quae
592 802 695 835 etiam
724 802 757 833 in
785 802 855 834 vita
876 810 940 834 sua
959 801 1025 835 sibi
1048 801 1230 837 familiaris
1250 807 1448 847 exstiterat,

61 867 210 914 quadam
235 871 336 901 nocte
361 868 431 902 sibi
456 868 620 911 apparuit
647 866 786 900 dicens:
822 868 873 900 vis
900 876 1006 900 sanus
1040 866 1142 901 tier-i?
1191 869 1257 908 Qui
1290 880 1364 904 cnm
1394 882 1451 906 re—

61 933 269 978 sponderet:
296 932 464 975 libenter,
498 933 559 966 illa
584 943 717 967 manum
744 932 1011 976 apprehendens
1040 943 1165 967 nervos
1193 937 1342 977 sanavit,
1369 947 1453 972 ossa

60 1001 252 1045 integravit
277 1003 310 1034 et
337 1009 474 1033 carnem
504 999 547 1032 ab
572 1003 719 1043 utraque
746 1001 845 1042 parte
874 999 1027 1032 restituit
1055 1003 1089 1032 et
1114 1001 1283 1043 pristinae
1309 1004 1451 1038 sanitati

62 1065 226 1108 donavit,
270 1075 368 1099 mane
411 1068 526 1099 autem
562 1064 654 1098 sacto
687 1064 844 1108 perfecte
879 1068 1038 1098 sanatum
1076 1075 1115 1100 se
1151 1070 1283 1110 reperit
1318 1072 1352 1103 et
1386 1072 1452 1104 toti

61 1132 245 1166 conventui
273 1132 383 1176 ipsam
401 1140 533 1164 manum
551 1131 683 1164 cunctis
703 1129 925 1174 stupentibus
943 1134 1100 1164 sanatam
1124 1133 1452 1169 ostendit.———-

63 1200 136 1234 12.
165 1196 312 1237 Quidam
338 1207 424 1241 puer
449 1197 694 1241 quinquennis,
720 1196 1066 1237 Discretusnomine,
1093 1197 1324 1243 Moguntinae
1342 1201 1451 1246 dyoe-

63 1263 169 1305 cesis,
194 1272 268 1297 cum
296 1272 421 1297 caecus
446 1266 548 1296 natus
575 1266 690 1304 esset,
727 1263 860 1296 meritiS
895 1262 1021 1296 beatae
1047 1261 1230 1298 Elizabeth
1256 1265 1368 1301 lumen
1395 1278 1451 1303 re-

62 1330 167 1374 cepit.
216 1328 323 1364 Pellis
356 1328 529 1373 siquidem
565 1330 705 1373 integra
737 1329 813 1361 sine
848 1328 929 1372 pilis
964 1328 1210 1373 palpebrarum
1246 1332 1299 1366 vel
1333 1334 1453 1379 aliqua

62 1395 168 1440 pellis
201 1394 329 1429 divisio
365 1394 479 1428 oculis
512 1394 743 1438 superinduta
777 1393 892 1427 suerat
927 1394 1038 1435 ade0,
1073 1400 1110 1429 ut
1140 1397 1298 1431 totaliter
1330 1400 1453 1433 oculos

61 1464 202 1507 tegeret
225 1470 288 1495 nec
314 1461 534 1494 substantiae
559 1460 736 1494 oculorum
762 1459 867 1493 ullum
901 1460 1063 1494 indicium
1089 1467 1288 1506 appareret.
1338 1463 1455 1498 Mater

63 1527 140 1571 ejus
169 1527 278 1571 igitur
302 1525 347 1560 ad
373 1525 593 1570 sepulchrum
626 1526 753 1560 beatae
779 1525 961 1560 Elizabeth
994 1528 1103 1570 ipsum
1132 1527 1261 1561 ducens
1292 1529 1334 1563 de
1357 1534 1455 1563 terra

63 1591 242 1637 sepulchri
268 1591 389 1626 oculos
417 1592 492 1636 ejus
517 1591 630 1626 linivit
659 1596 692 1627 et
718 1602 826 1636 super
856 1602 930 1625 eum
962 1591 1089 1626 beatae
1115 1591 1302 1628 Elizabeth
1329 1597 1454 1629 merita

64 1659 254 1700 invocavit,
282 1661 317 1692 et
341 1667 420 1692 ecee
446 1657 549 1702 pellis
577 1660 717 1703 integra
742 1667 804 1702 per
828 1656 975 1691 medium
1003 1657 1175 1692 scinditur
1199 1664 1233 1694 et
1259 1660 1337 1704 ejus
1363 1661 1455 1695 oculi

63 1724 266 1769 parvissimi
289 1722 480 1758 turbulenti
509 1728 543 1758 et
569 1724 828 1769 sanguinolenti
858 1722 1036 1766 videntur,
1066 1726 1186 1769 sit-que
1213 1736 1300 1769 puer
1325 1726 1454 1761 beatae

61 1788 250 1825 Elizabeth
274 1791 406 1824 meritis
431 1789 710 1836 suffragantibus
738 1790 833 1823 visus
858 1788 1028 1824 beneficio
1055 1795 1107 1825 est
1127 1792 1269 1835 potitus.
1287 1812 1331 1816 -—-
1348 1813 1392 1817 —
1409 1811 1454 1817 —*

65 1858 144 1894 13.
170 1854 292 1890 Puella
318 1854 487 1901 quaedam
513 1855 668 1900 ejusdem
697 1854 896 1900 dyoecesis,
928 1855 1071 1890 Beatrix
1104 1858 1261 1898 nomine,
1293 1868 1367 1891 eum
1395 1858 1454 1893 diu

63 1923 200 1967 magnis
234 1925 270 1956 et
303 1920 454 1956 diversis
488 1920 615 1956 fuisset
645 1920 903 1955 infirmitatibus
940 1921 1147 1964 molestata,
1178 1923 1316 1958 tandem
1344 1924 1453 1970 gibbo

63 1988 97 2021 in
125 1987 231 2021 dorso
257 1990 292 2022 et
316 1990 448 2021 struma
472 1988 506 2021 in
532 1992 677 2032 pectore
705 1987 991 2022 excrescentibus
1028 1990 1080 2022 sic
1115 1992 1168 2023 est
1202 1993 1278 2023 toto
1303 1999 1454 2034 corpore

63 2054 262 2094 incurvata,
295 2055 334 2086 ut
368 2053 465 2086 nulla
489 2063 527 2086 se
552 2054 688 2087 ratione
716 2055 891 2098 erigeret,
928 2053 990 2087 sed
1019 2053 1178 2087 manibus
1205 2064 1312 2098 super
1338 2064 1456 2100 genua

65 2118 192 2162 positis
217 2126 344 2161 corpus
371 2127 467 2151 suum
493 2117 614 2151 taliter
638 2122 863 2153 sustentaret.
913 2118 995 2152 Cum
1029 2119 1137 2163 igitur
1169 2106 1280 2152 mater
1304 2120 1339 2152 in
1367 2128 1454 2163 qua-

66 2182 145 2217 dam
174 2187 297 2227 sporta
322 2192 397 2217 eam
424 2182 468 2216 ad
493 2182 656 2217 tumulum
691 2187 836 2217 sanctae
861 2182 1047 2218 Elizaheth
1075 2183 1300 2228 deportasset
1333 2188 1368 2218 et
1391 2195 1456 2229 per

66 2247 185 2283 decem
202 2247 278 2283 dies
297 2252 551 2283 commorantes
570 2248 699 2283 ibidem
716 2249 843 2283 nullum
866 2250 1064 2293 potuissent
1081 2250 1244 2283 sanitatis
1265 2249 1452 2284 remedium

65 2314 242 2356 invenire,
284 2315 380 2348 irata
421 2320 533 2349 mater
570 2315 646 2359 eJus
685 2319 807 2349 contra
843 2314 981 2350 beatam
1013 2313 1199 2350 Elizabeth
1230 2316 1456 2349 murmuravit

67 2378 208 2412 dicens:
243 2379 402 2414 omnibus
435 2379 607 2415 beneficia
641 2381 813 2426 impendis
846 2385 880 2416 et
914 2392 967 2416 me
1001 2382 1161 2416 miseram
1186 2391 1255 2415 non
1280 2380 1455 2415 exaudis?

66 2447 248 2479 revertens
283 2445 391 2490 igitur
421 2455 560 2488 omnes,
607 2457 694 2491 quos
734 2450 877 2490 potero,
917 2457 938 2481 a
974 2448 1175 2481 visitatione
1208 2448 1258 2480 tui
1294 2449 1454 2480 avertere

67 2510 279 2554 procurabo,
329 2509 411 2544 Cum
438 2511 547 2555 igitur
570 2513 661 2545 irata
686 2512 869 2547 recederet
893 2517 926 2547 et
947 2514 1020 2558 jam
1046 2512 1195 2545 milliare
1215 2515 1249 2546 et
1275 2511 1454 2546 dimidium

67 2576 267 2621 peregisset
301 2578 334 2609 et
368 2575 445 2619 ejus
477 2574 550 2610 fitia
583 2576 764 2611 doloribus
804 2579 958 2612 cruciata
999 2578 1158 2624 lugeret,
1201 2576 1340 2612 tandem
1375 2578 1455 2622 ipsa

68 2640 187 2685 puella
211 2640 434 2675 obdormiens
461 2640 545 2674 vidit
572 2642 743 2686 quandam
770 2642 1036 2687 pulcherrimam
1064 2643 1237 2678 dominam
1262 2652 1336 2677 cum
1361 2642 1455 2678 facie

136 2718 237 2753 1)1-:d.
255 2723 299 2747 l’r.
320 2719 557 2753 Valemajus.

1132 2776 1177 2810 49
