1742 3005
338 103 434 153 Cap.
464 101 564 140 LVI.
622 101 681 140 De
710 108 841 139 sancta
870 100 991 139 Maria
1021 99 1256 151 Aegyptiaca.
1410 95 1487 134 247

102 207 240 254 quidem
256 207 433 253 signatum
449 208 666 248 invenerunt,
690 204 886 240 Secundum
907 215 990 240 vero
1011 215 1079 239 non
1092 205 1308 239 invenerunt.
1330 200 1487 247 Pergcns

100 278 214 309 autem
241 273 416 318 Sapritius
444 271 488 307 de
513 271 680 307 Terdona
704 270 749 305 ad
775 272 952 306 civitatem
975 271 1179 311 Astfflisem,
1206 273 1245 303 ut
1270 267 1394 302 saltem
1417 267 1485 301 Ga-

98 339 254 375 locerum
280 340 432 384 panii-et,
455 338 566 383 Jussit
591 341 628 372 ut
653 336 857 382 praedictus
882 336 1072 370 calocerus
1096 335 1164 369 sibi
1191 337 1486 380 praesentaretur,

98 408 134 440 et
159 414 241 440 ecce
265 405 512 440 nuntiaverunt
536 402 625 445 sibi,
648 403 743 449 quod
768 402 950 438 Secundus
975 411 1050 436 cum
1077 400 1246 435 Calocero
1273 404 1385 442 esset,
1417 410 1486 445 quo

98 470 220 505 audito
244 480 305 505 eos
324 469 370 504 ad
394 480 433 504 se
454 469 583 504 adduci
605 468 690 503 fecit
713 469 828 513 iisque
844 467 951 501 dixit:
980 467 1142 512 quoniam
1162 465 1219 499 Dii
1241 466 1353 499 nostri
1373 466 1488 499 sciunt

97 545 161 570 vos
175 545 255 570 esse
269 538 500 570 contemtores
517 544 614 576 suOS‚
634 543 697 568 vos
717 531 954 567 insimulmori
979 530 1107 565 volunt.
1142 530 1225 564 Cum
1244 534 1358 564 autem
1374 532 1484 564 sacri-

96 602 202 636 ficare
226 600 370 641 nollent,
396 600 508 644 picem
531 609 605 633 cum
632 599 801 644 resina1)
827 597 956 643 liquari
979 597 1065 632 fecit
1086 599 1121 631 et
1146 606 1253 641 super
1281 605 1400 630 eorum
1423 605 1482 629 ca-

94 668 170 712 pita
194 665 292 700 sundi
317 669 352 700 ct
375 665 411 698 in
436 674 476 699 os
505 675 623 700 eorum
648 665 791 710 Jactari.
846 663 900 698 llli
928 666 1042 697 autem
1069 661 1137 696 hoc
1162 665 1335 707 tamquam
1359 671 1483 706 aquam

93 732 336 767 suavissimam
362 740 437 765 cum
460 740 587 776 magno
616 729 795 765 desiderio
821 728 990 764 bibebant
1015 733 1050 763 et
1068 738 1155 763 voce
1180 728 1278 762 clara
1303 726 1486 762 dicebant:

92 808 194 844 quam
231 797 348 845 dulcia
379 796 540 832 faucibus
573 797 659 831 meis
697 795 840 841 eloquia
874 798 936 829 tua
967 794 1116 829 domine.
1176 793 1278 829 Tunc
1307 793 1483 838 Sapritius

91 875 199 909 super
231 873 293 899 eos
328 862 428 898 dedit
459 863 689 905 sententiam,
726 865 764 896 ut
797 859 978 895 Secundus
1012 862 1047 893 in
1073 861 1216 894 civitate
1241 860 1385 894 Astensi
1418 858 1481 894 de-

89 930 300 972 collaretur,
337 928 528 964 calocerus
549 939 634 963 vero
660 927 872 972 Albiganum
896 927 1091 960 mitteretur
1116 929 1151 959 et
1173 924 1303 959 ibidem
1339 926 1481 969 punire—

89 1001 155 1031 tur.
204 996 288 1030 Cum
324 999 437 1029 autem
469 994 595 1028 beatus
632 991 814 1028 Secundus
842 991 1039 1026 decollatus
1065 990 1217 1034 suisset,
1251 1001 1335 1025 ecce
1360 990 1482 1037 angeli

88 1062 221 1096 domini
245 1070 372 1106 eorpus
402 1061 479 1106 ejus
504 1059 658 1094 tulerunt
683 1063 717 1093 et
740 1059 853 1103 ipsum
878 1067 953 1091 cum
977 1057 1094 1091 multis
1119 1056 1282 1090 laudibus
1319 1060 1353 1091 et
1379 1060 1480 1090 cantu

89 1127 291 1174 sepulturae
315 1125 498 1162 dederunt.
545 1124 678 1161 Passus
704 1128 759 1160 cst
784 1127 899 1158 autem
924 1121 979 1158 111.
1007 1122 1072 1158 cal.
1098 1122 1252 1168 Apriles.

559 1449 685 1513 cil).
719 1448 824 1512 tvl.
860 1445 1007 1513 (540)-

264 1564 366 1609 De
394 1563 616 1608 sancta
648 1559 854 1607 Maria
881 1556 1298 1615 Aegyptiam.

170 1671 287 1707 Maria
310 1672 550 1719 Aegyptiaca,
583 1681 672 1717 quae
702 1671 884 1716 peccatrix
916 1668 1134 1715 appellatur,
1169 1665 1295 1701 XLVII
1319 1667 1418 1700 annis
1444 1668 1478 1700 in

47 1761 51 1765 ι
82 1749 199 1773 cremo
232 1739 441 1772 artissimam
479 1739 584 1772 vitam
619 1736 739 1779 duxit,
771 1745 874 1781 quam
903 1736 996 1769 circa
1021 1743 1131 1768 annos
1166 1733 1296 1767 domini
1322 1730 1477 1766 CCLXX

80 1809 236 1849 tempore
269 1803 409 1839 Claudii
442 1803 595 1837 intravit.
657 1801 805 1842 Quidam
841 1805 956 1836 autem
982 1800 1094 1835 abbas
1129 1800 1267 1833 nomine
1301 1796 1476 1839 Zosimas,

80 1869 159 1904 dum
172 1870 209 1915 ²)
241 1869 430 1905 Jordanem
468 1869 672 1903 transiisset
693 1872 741 1909 ‘et
770 1864 929 1903 ‘eremum
962 1875 1124 1913 magnam
1157 1868 1402 1910 percurreret,
1444 1866 1474 1898 si

79 1934 170 1970 sorte
195 1934 346 1980 aliquem
374 1938 531 1970 sanctum
555 1939 690 1980 patrem
715 1935 907 1975 inveniret,
932 1932 1021 1967 vidit
1046 1930 1220 1977 quendam
1232 1932 1265 1975 3)
1290 1929 1471 1965 ambulan-

77 2004 147 2035 tem
170 2000 264 2034 nudo
287 2001 463 2046 nigroque
487 2010 637 2045 corpore
663 2003 697 2035 et
722 2010 764 2034 ex
788 1998 953 2033 incendio
980 1997 1067 2032 solis
1096 2001 1232 2032 exusto.
1265 1995 1338 2030 Hoc
1358 1999 1472 2030 autem

79 2069 156 2100 erat
181 2064 298 2100 Maria
322 2064 544 2111 Aegyptiace.
576 2067 764 2111 statimque
797 2064 887 2100 haec
920 2064 1038 2110 fugam
1067 2064 1217 2108 arripuit
1250 2066 1285 2096 et
1310 2061 1473 2095 Zosimas

76 2134 160 2176 post
194 2140 269 2166 eam
293 2131 452 2166 velocIus
485 2141 626 2166 currere
662 2131 790 2175 coepit.
849 2129 951 2165 Tunc
981 2130 1031 2163 ait
1059 2129 1138 2163 illa:
1176 2127 1288 2162 abbas
1316 2126 1471 2167 Zosima,

77 2196 162 2242 quid
188 2207 242 2231 me
265 2197 520 2242 persequeris?
557 2196 708 2243 Ignosce
731 2195 839 2238 mihi,
872 2206 942 2230 non
969 2205 1112 2240 possum
1137 2193 1263 2228 faciem
1287 2201 1397 2226 meam
1425 2191 1470 2225 ad

74 2266 111 2297 te
135 2266 352 2305 convertere,
378 2273 419 2297 eo
446 2261 540 2308 quod
564 2262 689 2298 mulier
716 2273 792 2297 sum
818 2265 853 2297 et
874 2261 989 2304 nuda,
1018 2259 1082 2296 sed
1106 2259 1249 2305 pallium
1272 2262 1367 2292 tuum
1386 2257 1469 2290 mihi

75 2328 232 2373 porrige,
256 2330 295 2361 ut
317 2329 451 2372 possim
475 2329 551 2364 sine
575 2328 790 2364 verecundia
814 2332 850 2363 te
871 2327 1003 2363 videre.
1053 2326 1119 2367 Qui
1145 2335 1184 2360 se
1210 2325 1381 2358 nominari
1404 2332 1467 2356 au-

77 2393 178 2428 diens
205 2391 425 2438 stupefactus
450 2393 593 2438 pallium
618 2393 742 2428 tribuit
766 2398 801 2429 et
826 2395 861 2428 in
882 2397 1012 2428 terram
1036 2394 1246 2437 prostratuS,
1277 2393 1315 2423 ut
1340 2398 1378 2422 se
1402 2387 1465 2422 be-

74 2458 270 2501 nediceret,
294 2458 446 2503 rogavit.
495 2457 558 2492 Cui
575 2458 653 2494 illa:
680 2459 725 2494 ad
742 2463 789 2501 te,
814 2463 927 2504 pater,
954 2457 1154 2493 benedictio
1178 2455 1290 2500 magis
1317 2457 1466 2498 spectat,

75 2535 176 2571 quem
211 2522 402 2558 sacerdotii
438 2522 594 2569 dignitas
629 2529 741 2567 ornat.
799 2523 863 2559 Ille
894 2527 933 2557 ut
957 2522 1112 2563 audivit,
1158 2519 1250 2566 quod
1282 2530 1407 2554 nomen
1432 2522 1465 2553 ct

143 2671 170 2704 1)
188 2673 311 2700 neceni.
328 2669 502 2704 liquesie
514 2669 545 2696 ri
565 2668 701 2697 offerunt.
804 2669 834 2701 2)
853 2666 906 2695 Ed.
926 2670 969 2695 Pr.
987 2665 1065 2693 male
1091 2666 1128 2693 in
1150 2663 1355 2693 Jordanein
1383 2663 1462 2696 legit.

75 2718 103 2750 3)
123 2715 196 2743 Alii:
215 2715 406 2750 quandam
425 2720 455 2744 et
476 2714 601 2742 deinde:
622 2715 715 2742 haec
734 2717 857 2741 nutem
877 2710 932 2741 et'c.
951 2710 1096 2743 offerunt,
1121 2710 1219 2738 minus
1238 2713 1327 2737 recte.
