1742 3005
412 63 509 114 Cap.
542 61 588 102 C.
644 62 703 102 De
740 69 870 102 sancto
901 62 1193 118 Christophom.
1414 66 1496 107 433

109 177 243 213 essem,
278 176 388 203 meam
419 170 578 213 protinus
604 168 767 213 injurtam
800 167 1046 204 vlndioassem.
1096 167 1196 205 Tuno
1223 168 1499 217 Chi-{stophorus

108 224 242 280 virgam
271 243 369 268 suam
394 234 430 268 in
452 237 548 268 terra
575 232 648 267 fixit
673 237 707 268 et
730 238 768 268 ut
793 238 939 279 propter
963 236 1228 270 conversionem
1254 237 1376 282 populi
1401 238 1499 273 fron—

107 298 227 341 deret,
253 299 428 334 dominum
457 300 628 333 exoravit.
678 298 778 339 Quod
803 299 882 333 dum
910 301 1070 344 protinus
1098 300 1225 335 sactum
1253 301 1391 345 suisset,
1417 309 1497 339 octo

105 364 216 399 millia
248 365 421 399 hominum
457 365 693 400 crediderunt.
740 364 813 399 Rex
849 369 962 398 autem
995 364 1047 398 CC
1081 366 1230 408 milites,
1266 370 1325 413 qui
1350 380 1425 404 eum
1453 371 1498 405 ad

106 440 146 465 se
169 429 405 473 adducerent,
443 432 549 472 misit,
586 434 620 465 et
644 441 717 463 cum
743 441 818 464 eum
853 434 1010 463 orantem
1037 431 1251 466 invenissent
1277 438 1311 467 et
1335 434 1405 468 sibi
1429 435 1498 470 hoc

104 496 265 530 intimare
292 497 474 537 timerent,
503 497 625 530 iterum
652 494 798 528 totidem
823 495 936 535 misit,
965 496 1025 540 qui
1051 499 1085 529 et
1112 497 1182 540 ipsi
1205 507 1278 531 cum
1306 509 1347 533 eo
1375 505 1497 536 orante

103 562 265 606 protinus
299 565 498 596 oraverunt.
546 560 704 606 Surgens
731 559 1007 604 christophorus
1036 560 1125 595 dixit
1151 563 1214 597 iis:
1252 574 1352 609 quem
1387 577 1496 612 quae-

102 627 208 662 ritis?
256 626 321 666 Qui
347 627 423 671 ejus
450 625 580 660 vultum
605 626 766 660 videntes
793 625 974 660 dixerunt:
1010 638 1071 662 rex
1097 629 1191 663 misit
1215 640 1301 672 nos,
1330 635 1366 666 ut
1390 637 1426 667 te
1451 633 1497 668 ad

102 692 213 736 ipsum
247 693 396 726 vinctum
431 691 606 726 ducamus.
655 691 790 731 Quibus
825 690 1120 736 christophorus:
1160 696 1190 728 si
1233 706 1301 741 ego
1337 697 1495 741 volucro,

99 766 163 791 nec
193 756 328 792 solutus
360 769 425 793 neo
462 758 595 804 ligatus
631 768 653 792 a
686 757 785 792 vobis
819 757 898 791 duci
924 762 1059 802 potero.
1104 759 1231 795 Dicunt
1256 763 1306 796 ei:
1343 765 1372 797 si
1409 776 1495 811 ergo

81 824 245 865 ‘nonvis,
271 823 362 858 vade
388 824 490 866 liber,
518 834 733 869 quocumque
759 823 926 864 volueris,
956 828 990 858 et
1014 835 1079 858 nos
1105 827 1181 871 regi
1208 826 1374 870 dicemus,
1402 831 1494 875 quod

96 894 132 924 te
157 899 374 934 nequaquam
403 891 607 924 invenimus.
656 889 733 923 Non
759 891 830 931 ita,
868 890 998 934 inquit,
1036 889 1099 924 sed
1131 902 1199 936 ego
1225 893 1406 929 vobiscum
1433 907 1494 930 va-

99 954 189 988 dam.
237 953 317 999 Ipse
335 959 449 989 autem
469 965 528 989 eos
555 955 599 989 ad
628 954 728 990 fidem
753 956 926 989 convertit
946 959 981 989 et
1005 955 1048 988 ab
1080 957 1121 990 iis
1147 967 1268 993 manus
1296 960 1364 994 sibi
1389 966 1492 1007 tergo

98 1020 205 1065 ligari
235 1020 317 1055 feeit
346 1025 439 1056 etse
467 1022 543 1066 regi
566 1023 713 1055 vinctum
739 1022 972 1066 praesentari.
1022 1021 1129 1061 Quem
1155 1034 1216 1057 rex
1244 1025 1364 1061 vIdens
1388 1031 1493 1062 terri—

96 1090 152 1120 tus
180 1090 235 1120 est
258 1090 293 1120 et
317 1086 360 1121 de
386 1086 472 1121 sede
499 1097 563 1121 sua
588 1089 748 1132 protinus
775 1088 916 1121 corruit.
965 1086 1100 1121 Deinde
1134 1098 1155 1122 a
1183 1092 1296 1125 servis
1329 1094 1402 1126 suis
1439 1094 1494 1129 le-

96 1156 197 1186 vatus
222 1152 266 1187 de
290 1154 428 1187 nomine
453 1163 517 1187 suo
542 1157 577 1187 et
602 1155 738 1198 patriae
771 1164 845 1187 eum
874 1154 1116 1198 interrogavit.
1167 1154 1230 1188 Cui
1257 1156 1491 1203 Christopho-

96 1227 176 1251 rus:
203 1222 285 1253 ante
311 1218 520 1263 baptismum
546 1218 730 1263 Reprobus
755 1218 920 1260 dicebar,
959 1228 1049 1252 nunc
1073 1224 1186 1255 autem
1214 1221 1490 1269 Christophorus
1506 1233 1519 1245 “

94 1294 213 1319 vocor.
263 1284 327 1319 Cui
372 1295 452 1319 rex:
495 1285 636 1319 stultum
673 1285 739 1319 tibi
772 1294 895 1318 nomen
934 1284 1150 1328 imposuisti,
1191 1288 1327 1323 seilicet
1361 1290 1491 1327 Christi

96 1349 273 1391 crucifixi,
322 1351 381 1395 qui
423 1360 486 1384 nee
530 1349 599 1383 sibi
635 1349 767 1394 profuit
802 1359 865 1384 neo
904 1348 968 1383 tibi
999 1351 1170 1394 prodesse
1205 1356 1342 1397 poterit.
1391 1356 1490 1393 Nunc

97 1426 203 1461 ergo,
239 1415 426 1450 Cananaee
451 1415 628 1457 malefice,
669 1425 777 1460 quare
803 1426 871 1449 non
896 1414 1075 1450 sacrificas
1111 1416 1186 1451 Diis
1220 1422 1378 1455 nostris?
1427 1422 1490 1458 Cui

96 1479 391 1525 Christophorus:
427 1485 522 1515 rec-te
549 1482 685 1515 vocaris
714 1481 878 1526 Daguus,
915 1482 996 1525 quia
1024 1486 1060 1516 tu
1088 1493 1124 1517 es
1152 1494 1244 1518 mors
1273 1487 1399 1529 mundi,
1427 1500 1487 1523 so-

96 1547 170 1580 cius
204 1546 368 1591 dyaboli,
409 1547 466 1581 Dii
502 1551 616 1581 autem
648 1548 700 1580 tui
736 1551 816 1581 sunt
851 1556 960 1591 opera
994 1557 1152 1582 manuum
1189 1549 1376 1588 hominum.
1425 1556 1489 1590 Cui

95 1622 175 1646 rex:
211 1613 303 1646 inter
335 1612 430 1647 seras
463 1614 613 1647 nutritus
652 1622 689 1646 es
727 1616 760 1647 et
792 1617 829 1646 tu
853 1624 919 1646 non
946 1618 1047 1658 potes
1071 1617 1139 1648 nisi
1168 1627 1278 1660 opera
1302 1618 1430 1654 feralia
1454 1627 1489 1656 et

92 1677 292 1712 hominibus
324 1679 503 1724 incognita
536 1678 644 1723 loqui.
694 1677 792 1713 Nunc
827 1689 912 1724 ergo
947 1681 978 1713 si
1020 1681 1295 1725 sacriticaveriS,
1339 1695 1486 1731 magnos

92 1743 247 1778 honores
265 1754 352 1778 ame
367 1745 609 1789 consequeris,
636 1745 753 1778 sinon
773 1749 901 1787 autem,
928 1746 1112 1790 suppliciis
1140 1751 1367 1784 consumeris.
1414 1751 1487 1786 No-

91 1809 217 1844 lentem
242 1820 330 1856 ergo
355 1809 554 1844 saerilieare
579 1812 612 1844 in
639 1820 814 1845 carcerem
839 1812 927 1844 mitti
949 1811 1060 1855 jussit
1086 1822 1128 1846 ae
1151 1813 1233 1847 illos
1262 1816 1402 1860 milites,
1429 1821 1486 1865 qui

92 1874 137 1909 ad
163 1874 452 1921 Christophorum
476 1877 574 1910 missi
601 1876 757 1919 fueraut,
785 1887 848 1920 pro
873 1876 1002 1911 Christi
1028 1880 1166 1913 nomine
1192 1879 1363 1916 decollari
1391 1884 1486 1921 feeit.

91 1940 226 1975 Deinde
251 1941 338 1975 duas
365 1942 538 1976 formosas
565 1942 713 1986 puellas,
739 1952 884 1986 quarum
911 1953 981 1976 una
1007 1943 1192 1979 dicebatur
1212 1945 1346 1982 Nicaea
1373 1954 1407 1983 et
1432 1951 1485 1985 al—

90 2010 167 2040 tera
200 2005 388 2051 Aquilina,
434 2016 550 2041 seeum
587 2008 624 2040 in
658 2017 842 2041 carcerem?
867 2007 1001 2042 recludi
1041 2008 1143 2051 feeit,
1191 2014 1397 2054 promittens
1441 2017 1486 2050 iis

91 2071 198 2105 multa
225 2082 386 2113 munera,
421 2073 452 2105 si
489 2082 564 2106 eum
599 2072 643 2105 ad
677 2073 890 2116 peccandum
918 2083 1034 2107 secum
1062 2074 1254 2109 allicerent.
1305 2078 1405 2117 Quod
1430 2082 1485 2114 vi-

91 2137 177 2172 dens
212 2136 489 2182 Christophorus
525 2139 684 2182 protinus
719 2139 752 2171 in
785 2139 978 2172 orationem
1020 2148 1059 2173 se
1094 2138 1201 2174 dedit.
1249 2141 1319 2176 Sed
1355 2153 1429 2178 oum
1465 2157 1486 2180 a

89 2203 217 2247 puellis
253 2203 379 2248 plausu
413 2214 573 2238 manuum
610 2209 643 2238 et
682 2204 900 2248 amplexibus
934 2208 1142 2249 urgeretur,
1180 2210 1334 2242 surrexit
1368 2214 1401 2244 et
1436 2213 1485 2246 ait

90 2268 180 2302 illis:
216 2268 296 2313 quid
333 2271 504 2313 quaeritis
537 2273 571 2304 et
606 2270 650 2304 ob
683 2280 784 2315 quam
820 2280 959 2304 causam
1002 2269 1067 2304 huc
1112 2272 1330 2308 interductae
1367 2277 1484 2310 estis?

89 2333 135 2368 At
159 2334 243 2368 illae
270 2334 432 2368 claritate
456 2335 573 2369 vultus
601 2336 676 2380 ejus
701 2337 912 2381 perterritae
940 2335 1122 2370 dixerunt:
1159 2339 1326 2373 miserere
1358 2344 1482 2383 nostri,

89 2403 209 2434 sancte
234 2398 323 2441 Dei,
349 2403 388 2433 ut
412 2400 446 2433 in
471 2399 593 2442 Deum,
620 2411 721 2446 quem
747 2402 944 2446 praedicas,
974 2402 1117 2436 credere
1143 2403 1331 2438 valeamus.
1383 2406 1482 2446 Quod

87 2464 235 2500 audiens
255 2476 316 2500 rex
342 2475 403 2500 eas
428 2464 473 2499 ad
500 2475 538 2500 se
564 2465 644 2499 duci
673 2466 755 2500 feeit
776 2466 916 2501 dicens:
946 2478 1032 2512 ergo
1053 2471 1088 2501 et
1104 2477 1166 2501 vos
1185 2468 1351 2504 seductae
1370 2473 1483 2508 estis?

86 2539 150 2575 per
168 2530 263 2566 Deos
282 2531 379 2576 juro,
407 2531 512 2576 quod,
539 2532 608 2565 nisi
632 2530 707 2566 Diis
732 2533 1029 2575 sacrificaveritis,
1056 2533 1148 2567 mala
1170 2539 1282 2569 morte
1305 2536 1479 2580 peribitis.

87 2595 185 2636 Quae
211 2595 489 2641 responderunt:
519 2598 548 2631 si
574 2598 647 2639 viS,
681 2601 718 2631 ut
745 2597 1000 2641 sacrificemus,
1031 2599 1117 2644 jube
1150 2599 1286 2644 plateas
1321 2603 1478 2638 mundari

87 2665 121 2696 et
148 2671 267 2698 omnes
295 2661 339 2697 ad
367 2663 530 2709 templum
560 2665 782 2710 congregari.
831 2665 906 2706 Quo
942 2664 1033 2700 sacto
1067 2676 1142 2701 eum
1168 2666 1251 2702 illae
1274 2668 1479 2705 introissent

1155 2732 1202 2766 28
