1742 3005
267 89 362 140 Cap.
394 88 566 127 CLXlll.
604 88 666 128 De
698 88 1058 127 commemoratione
1092 89 1316 127 animarum.
1404 86 1483 128 731

101 193 248 228 velatum
286 197 353 236 est,
394 194 527 228 animas
567 194 734 241 quasdam
770 196 805 228 in
839 194 962 229 umbra
1001 195 1142 240 punitas
1176 203 1266 229 esse,
1324 193 1485 230 Secundo

102 263 246 304 propter
270 269 388 294 eorum
414 259 617 295 celeriorem
644 260 910 302 liberationem,
935 263 973 294 ut
997 259 1134 294 scilicet
1159 260 1295 304 possint
1322 259 1402 294 aliis
1430 261 1483 295 ln-

100 324 290 371 digentiam
330 335 427 360 suam
462 326 621 361 revelare
654 330 690 360 et
720 326 766 360 ab
793 327 836 360 iis
862 325 1033 371 suffragia
1058 329 1177 369 petere
1202 328 1238 358 et
1260 326 1311 359 sic
1335 324 1487 361 celerius

100 389 144 425 de
167 400 283 436 poena
307 392 424 434 exire,
452 393 542 426 sieut
566 392 707 438 legitur,
734 391 824 436 (suod
853 390 992 436 quidam
1018 391 1217 434 piscatores
1242 388 1338 423 beati
1363 390 1484 426 Theo-

99 454 198 489 baldi
228 457 263 490 in
298 460 460 491 autumno
499 456 644 491 frustum
671 466 832 502 magnum
857 456 985 501 glaciei
1012 464 1074 498 pro
1100 454 1198 498 pise-e
1225 454 1486 500 prendiderunt,

103 519 146 555 de
167 532 234 566 quo
253 523 366 568 magis
385 532 485 567 quam
504 521 546 555 de
565 523 660 566 pisce
680 522 794 566 gavisi
820 521 965 554 maxime
985 523 1075 560 sunt,
1102 519 1185 563 quia
1210 519 1398 564 episcopus
1421 522 1484 556 do-

101 586 175 620 lore
201 587 324 632 pedum
345 586 543 627 laborabat,
570 590 604 620 et
624 587 734 630 ipsam
749 585 897 631 glaciem
917 586 993 630 ejus
1009 583 1158 628 pedibus
1175 592 1435 629 supposuerunt
1453 593 1487 623 et

100 661 260 698 magnum
282 653 314 687 ei
333 651 554 697 refrigerium
573 650 813 695 praestabant.
849 649 1005 690 Quadam
1027 660 1109 684 vero
1133 651 1207 685 vice
1225 650 1268 685 de
1287 651 1402 697 glacie
1422 652 1486 688 ho-

100 718 200 751 minis
220 727 337 752 vocem
357 717 503 759 audivit,
523 718 581 762 qui
603 716 646 751 ab
667 718 835 761 episcopo
856 716 1055 761 adjuratus,
1072 718 1150 762 quis
1164 720 1269 758 esset,
1290 716 1393 752 dixit:
1413 728 1486 753 sum

100 781 269 828 quaedam
296 784 431 826 anima,
468 793 559 829 quae
596 784 630 816 in
662 781 728 815 hoc
753 781 920 827 gelicidio
947 784 1190 827 propeccatis
1218 784 1304 817 meis
1330 783 1486 830 affligor,

99 852 135 883 et
170 848 314 883 liberari
342 859 500 894 possem,
538 849 567 883 si
606 847 706 882 XXX
737 849 865 882 missas
901 849 976 882 sine
1007 848 1194 883 intervallo
1225 848 1327 882 XXX
1362 848 1487 884 diebus

98 915 272 949 continuis
305 914 455 951 diceres.
513 915 577 954 Qui
611 923 684 946 cnm
720 914 902 946 missarum
939 912 1160 947 medietatem
1193 913 1343 948 dixisset
1382 919 1415 949 et
1449 926 1487 950 se

96 980 169 1024 jam
198 980 241 1014 ad
269 981 409 1014 missam
435 981 537 1014 aliam
564 983 831 1024 praeparasset,
859 977 1043 1023 dyabolica
1069 981 1300 1024 suggestione
1326 982 1487 1027 contigit,

101 1045 193 1090 quod
229 1045 303 1080 l‘ere
337 1056 456 1080 omnes
494 1044 652 1079 homines
687 1044 780 1078 illius
815 1045 967 1078 civitatis
997 1046 1086 1079 inter
1112 1055 1150 1079 sc
1177 1045 1271 1079 bella
1298 1051 1487 1087 moverent,

100 1111 190 1146 unde
221 1116 367 1146 vocatus
401 1112 587 1156 episcopus
622 1109 667 1144 ad
703 1109 892 1144 sedandam
921 1109 1132 1144 discordiam
1161 1121 1281 1145 sacras
1308 1112 1488 1156 deponens

100 1181 218 1212 vestes
246 1178 387 1211 missam
411 1176 474 1211 illa
499 1176 558 1210 die
584 1177 826 1221 praetermisit.
877 1174 1000 1210 lterum
1028 1178 1239 1220 reincipiens
1267 1178 1382 1221 etjam
1401 1177 1488 1212 duas

100 1246 220 1287 partes
244 1242 421 1287 complens
448 1243 621 1277 exercitus
648 1251 814 1287 magum,
844 1245 883 1274 ut
909 1241 1115 1284 videbatur,
1149 1243 1323 1277 civitatem
1349 1242 1490 1277 obsedit

98 1312 135 1343 et
159 1308 360 1353 compulsus
386 1309 516 1342 missae
542 1307 690 1342 officium
718 1308 904 1342 intermisit
938 1311 972 1341 et
997 1306 1123 1342 deinde
1152 1310 1380 1353 reincipiens,
1414 1319 1489 1343 cum

101 1383 219 1408 omnes
237 1375 362 1408 missas
389 1375 509 1408 ultima
526 1378 675 1418 excepta.
692 1373 843 1407 dixisset
865 1376 899 1408 ct
916 1372 1069 1407 ultimam
1090 1373 1256 1408 inchoare
1275 1374 1389 1416 vellet,
1414 1378 1490 1409 tota

98 1439 184 1474 villa
197 1442 232 1473 et
250 1438 371 1472 domus
393 1439 565 1483 episc-opi,
588 1442 624 1472 ut
641 1438 836 1480 videbatur,
855 1448 1005 1473 accensa
1019 1444 1082 1473 est.
1111 1439 1173 1474 Cui
1191 1450 1265 1474 cum
1282 1441 1375 1474 servi
1393 1440 1489 1475 dice-

98 1508 188 1546 rent,
207 1508 245 1539 ut
263 1505 401 1538 missam
423 1505 680 1547 intermitteret,
708 1504 768 1538 ille
789 1503 897 1538 dixit:
924 1505 954 1538 si
969 1508 1043 1538 tota
1063 1504 1145 1538 villa
1165 1507 1311 1539 cremari
1330 1506 1488 1549 deberet,

99 1572 239 1605 missam
265 1580 333 1604 non
359 1570 636 1606 intermitterem.
685 1569 760 1609 Qua
785 1568 964 1604 celebrata
989 1569 1125 1615 glacies
1149 1572 1310 1615 protinus
1331 1571 1489 1606 resoluta

100 1640 154 1671 est
178 1639 214 1670 et
237 1636 352 1681 ignis,
389 1646 489 1681 quem
523 1645 563 1669 se
595 1634 727 1669 vidisse
759 1634 970 1677 credebant,
1002 1639 1166 1681 tanquam
1199 1635 1406 1680 phantasma
1433 1648 1489 1672 re-

99 1702 209 1736 cessit
233 1705 269 1735 et
293 1701 422 1735 nullum
448 1700 608 1735 damnum
627 1700 753 1735 intulit.
802 1699 926 1735 Tertio
945 1705 1091 1746 propter
1110 1706 1264 1736 nostram
1283 1704 1487 1737 instructio-

98 1777 195 1809 nem,
219 1770 260 1801 ut
284 1766 418 1801 scilicet
438 1776 597 1812 magnam
623 1775 769 1811 poenam
795 1770 878 1810 post
903 1766 993 1801 hanc
1011 1768 1114 1801 vitam
1132 1768 1245 1813 infligi
1262 1768 1489 1812 peccantibus

96 1841 376 1878 cognoscamuS,
411 1833 501 1866 sicut
532 1831 680 1866 Parisiis
705 1833 899 1878 contigisse
924 1832 1075 1879 legitur,
1107 1838 1145 1868 ut
1170 1835 1220 1868 ait
1243 1838 1365 1868 cantor
1388 1833 1489 1868 Pari-

99 1898 240 1932 siensis.
297 1897 473 1943 Magister
514 1899 603 1932 enim
644 1896 719 1931 Silo
763 1897 934 1943 quendam
977 1909 1076 1933 suum
1118 1899 1314 1934 scholarem
1355 1901 1487 1934 socium

99 1966 344 2009 aegrotantem
384 1963 514 1997 obnixe
551 1964 713 2009 rogavit,
758 1967 795 1997 ut
834 1968 915 2009 post
953 1969 1095 2000 mortem
1137 1965 1181 2000 ad
1217 1976 1256 2000 se
1290 1965 1422 2000 rediret
1455 1969 1490 2000 et

100 2024 227 2061 statum
254 2037 352 2062 suum
375 2028 444 2062 sibi
471 2031 697 2063 renuntiaret.
746 2028 830 2063 Post
855 2030 991 2074 aliquot
1011 2032 1119 2075 igitur
1138 2031 1212 2065 dies
1234 2032 1303 2065 sibi
1323 2032 1490 2075 apparuit

99 2103 176 2127 cum
209 2102 322 2137 cappa
353 2091 395 2126 de
420 2103 633 2138 pergameno
658 2097 733 2126 tota
765 2092 809 2127 de
834 2094 1110 2138 sophismatibus
1135 2095 1314 2139 descripta
1335 2099 1371 2129 et
1395 2096 1488 2129 intus

100 2158 238 2192 flamma
254 2159 346 2203 ignis
365 2161 439 2191 tota
455 2157 632 2195 confecta.
665 2158 730 2198 Qui
748 2161 937 2205 requisitus
957 2169 977 2193 a
996 2161 1178 2205 magistro,
1204 2162 1362 2205 quisnam
1379 2165 1488 2202 esset,

99 2224 151 2257 ait
174 2223 245 2257 illi:
271 2222 330 2257 ille
352 2224 471 2268 utique
496 2233 583 2265 sum,
609 2225 666 2268 qui
685 2223 728 2258 ad
749 2228 782 2259 te
798 2224 914 2259 redire
935 2226 1092 2270 promisi.
1142 2225 1208 2266 Qui
1234 2226 1277 2260 de
1302 2230 1397 2261 statu
1423 2237 1486 2261 suo

100 2289 292 2334 requisitus
322 2289 393 2323 ait:
433 2288 522 2323 haee
553 2299 667 2334 cappa
702 2290 780 2335 plus
814 2301 921 2336 snper
954 2301 1008 2325 me
1041 2291 1213 2336 ponderat
1255 2296 1290 2327 et
1321 2292 1400 2337 plus
1434 2303 1487 2326 me

99 2354 238 2398 premit,
264 2363 366 2398 quam
392 2355 423 2388 si
448 2364 549 2389 unam
572 2356 695 2389 turrim
720 2367 827 2401 super
851 2367 905 2391 me
932 2356 1108 2399 haberem,
1143 2362 1177 2392 et
1201 2362 1255 2393 est
1280 2358 1363 2392 mihi
1390 2358 1485 2400 data,

99 2422 138 2452 ut
168 2427 242 2452 eam
277 2422 410 2462 portem
444 2430 508 2464 pro
542 2420 678 2465 gloria,
712 2431 814 2467 quam
846 2423 881 2457 in
913 2422 1189 2467 sophismatibus
1220 2423 1348 2465 habui3
1378 2434 1486 2468 porro

100 2483 238 2517 flamma
271 2484 385 2529 ignis,
420 2494 488 2529 qua
524 2490 692 2530 cooperta
727 2491 799 2530 est,
834 2488 946 2532 pelles
982 2492 1062 2522 sunt
1093 2488 1268 2523 delicatae
1294 2492 1328 2522 et
1353 2490 1486 2531 variae,

102 2558 190 2594 quas
224 2549 401 2592 ferebam,
436 2558 526 2594 quae
559 2550 696 2585 flamma
733 2562 785 2586 me
817 2554 952 2586 cruciat
984 2557 1018 2587 et
1044 2555 1167 2588 exurit.
1217 2553 1287 2588 Sed
1315 2564 1388 2587 eum
1413 2565 1486 2589 ma-

103 2615 216 2659 gister
251 2614 345 2649 illam
373 2624 518 2660 poenam
545 2615 683 2651 facilem
714 2617 914 2662 judicaret,
947 2619 1037 2652 dixit
1071 2618 1183 2653 eidem
1218 2618 1418 2663 defunctus,
1451 2625 1488 2655 ut

103 2688 237 2715 manum
274 2681 495 2718 extenderet.
531 2686 563 2716 et
602 2683 652 2716 sic
687 2682 889 2717 facilitatem
923 2693 1006 2718 suae
1034 2693 1169 2728 poenae
1194 2686 1325 2720 sentire
1352 2689 1487 2730 posset.
