1742 3005
299 66 392 145 Cap.
425 95 634 133 CLXXXI.
704 97 762 133 De
794 103 925 133 sancto
958 95 1117 145 Pelagio
1148 108 1261 148 papa.
1403 95 1483 134 843

98 199 181 234 Post
211 198 311 234 hunc
331 201 495 245 regnavit
529 200 711 234 Conradus
744 211 834 235 anino
860 201 989 235 domiui
1015 201 1273 237 mcxxxviii,
1320 200 1370 236 Eo
1396 205 1484 236 tem-

98 276 184 309 pore
215 264 314 311 Hngo
349 266 391 299 de
427 270 548 300 sancto
584 266 723 301 Victore
763 266 884 301 doctor
921 268 1236 302 excellentissimus
1267 272 1302 301 et
1335 269 1485 302 inomni

98 333 248 365 scientia
272 342 422 365 summus
449 336 482 366 et
508 333 680 377 religione
707 333 851 367 devotus
878 333 976 367 obiit.
1027 334 1076 368 De
1098 345 1165 378 quo
1183 333 1351 375 referunt,
1380 335 1485 379 quod.

99 408 172 430 cum
207 398 402 432 infirmitate
435 398 554 432 ultima
586 399 766 433 laboraret
800 403 833 433 et
868 399 995 432 nullum
1031 399 1141 432 cibum
1175 400 1326 434 retinere
1353 405 1485 444 posset,

99 474 226 507 corpus
251 467 366 498 tamon
393 464 599 498 dominicum
634 465 703 498 sibi
739 465 813 498 dari
842 474 914 497 cum
945 464 1051 497 multa
1078 465 1246 497 instantia
1271 466 1486 508 postulabat.

98 529 196 563 Tunc
232 529 359 563 fratres
395 531 471 573 ejus
505 529 737 564 turbationem
774 530 898 563 sedare
933 530 1101 563 volentes
1120 530 1309 573 simplicem
1335 530 1485 565 hostiam

95 596 209 629 instar
242 597 400 639 corporis
435 595 598 628 doiuinici
632 595 701 628 sibi
734 595 945 632 detulerunt.
995 594 1094 634 Quod
1132 595 1192 629 illo
1227 606 1290 640 per
1327 598 1484 641 spiritum

97 670 355 705 recognoscens
381 661 447 694 ait:
490 662 697 695 miscreatur
723 663 829 696 vestri
857 661 1034 703 dominus,
1072 661 1222 702 fratres,
1257 672 1318 696 cur
1346 673 1399 697 me
1425 663 1486 698 ‹le-

96 725 218 760 ludere
243 726 434 760 voluistis?
482 726 550 761 lste
587 728 673 761 enim
709 738 774 761 non
811 727 1193 769 estdon1i1111s1neuS‚
1229 738 1327 772 quein
1355 728 1485 774 depor-

94 793 211 826 tastis.
259 791 344 826 Mox
379 792 428 826 illi
463 792 650 837 stupefacti
683 798 909 827 cucurrerunt
942 799 976 827 et
1008 793 1076 826 sibi
1109 804 1236 837 corpus
1269 795 1396 828 domini
1425 796 1485 830 de-

94 857 268 901 tulerunt,
303 858 367 892 sed
393 858 452 892 ille
477 859 618 898 videns,
659 859 751 903 quod
785 861 942 903 recipere
977 870 1043 892 uon
1077 860 1231 900 valeret,
1269 861 1417 894 elevatis
1453 864 1486 895 in

97 925 232 959 coelum
257 925 417 958 manibus
443 926 493 959 sic
518 926 650 959 oravit:
683 924 876 958 adscendat
912 924 1002 958 tilius
1036 925 1078 958 ad
1114 929 1246 968 patrem
1283 930 1317 959 et
1342 928 1486 971 spiritus

96 991 140 1024 ad
170 991 275 1025 Deum
303 1001 422 1032 suum,
455 993 514 1036 qui
546 990 629 1024 fecit
655 990 759 1024 illum.
809 989 851 1024 Et
878 992 967 1025 inter
991 990 1078 1025 haee
1106 990 1213 1025 verba
1239 993 1398 1035 spiritum
1426 1004 1486 1027 ex-

95 1056 230 1090 halarit
255 1061 289 1091 et
317 1068 443 1103 corpus
470 1058 599 1092 domini
637 1057 764 1091 ibidem
800 1059 984 1101 disparuit.
1033 1056 1211 1103 Eugenius
1239 1057 1350 1092 abbas
1376 1061 1487 1093 sancti

95 1122 276 1157 Anastasii
304 1133 396 1168 papa
423 1125 666 1164 constituitur,
702 1125 759 1168 qui
789 1123 832 1157 ab
862 1123 947 1158 urbe
975 1124 1141 1168 expulsus
1168 1134 1229 1164 eo,
1264 1124 1356 1169 quod
1382 1136 1486 1159 sena-

97 1194 193 1223 tores
219 1190 322 1223 alium
344 1195 562 1228 creaverant,
590 1192 623 1224 in
641 1189 774 1225 Galilas
802 1191 896 1223 venit
921 1194 953 1223 et
974 1189 1185 1223 Bernardum
1214 1194 1294 1224 ante
1319 1201 1357 1224 se
1382 1193 1486 1232 misit,

95 1257 153 1300 qui
182 1257 270 1289 viam
299 1256 428 1290 domini
456 1256 687 1300 praedicabat
711 1261 744 1291 ct
770 1257 876 1289 multa
901 1255 1068 1289 miracula
1094 1254 1259 1290 faciebat.
1310 1256 1487 1293 Gilbertus

95 1320 307 1356 Porretanus
325 1322 485 1356 ilorebat.
519 1322 717 1356 Friderieus
737 1333 845 1366 nepos
868 1322 1018 1356 Conradi
1040 1324 1224 1366 imperavit
1247 1333 1336 1358 anno
1358 1324 1486 1359 domiui

95 1387 251 1423 MCLIV.
299 1387 349 1422 Eo
376 1393 532 1433 tempore
559 1389 676 1422 lloruit
702 1389 871 1433 magister
897 1388 1020 1423 Petrus
1044 1388 1264 1423 Lombardus
1299 1392 1486 1436 episcopus

98 1454 321 1496 parisiensis,
348 1456 405 1500 qui
423 1453 545 1488 librum
566 1456 828 1495 sententiarum,
857 1455 1011 1499 glossam
1034 1455 1238 1499 psalteriiet
1261 1457 1486 1500 epistolarum

96 1519 195 1555 Pauli
213 1521 346 1555 utiliter
368 1520 581 1564 compilavit.
630 1519 679 1554 Eo
700 1525 855 1565 tempore
874 1525 945 1555 tres
971 1521 1072 1555 lunae
1099 1523 1132 1555 in
1160 1522 1259 1556 coelo
1286 1524 1384 1558 visae
1410 1530 1489 1558 suut

97 1590 131 1620 et
155 1588 190 1620 in
213 1586 327 1621 medio
345 1588 481 1632 signum
508 1588 620 1621 crucis
644 1597 709 1621 nec
731 1588 836 1621 multo
857 1592 936 1632 post
954 1589 1018 1621 visi
1040 1592 1119 1621 suut
1138 1591 1210 1622 tres
1230 1588 1338 1623 soles,
1389 1590 1488 1625 Tunc

96 1652 300 1688 Alexander
324 1654 358 1686 in
384 1662 509 1697 papam
535 1655 705 1687 canonice
732 1658 785 1687 est
815 1654 967 1690 electus,
997 1658 1119 1687 contra
1146 1664 1244 1698 quem
1272 1654 1487 1690 Octavianus

95 1718 275 1754 Johanues
299 1718 495 1753 Cri-niensis
525 1719 615 1752 tituli
642 1721 752 1753 sancti
777 1719 902 1753 Calixti
924 1725 957 1753 et
974 1720 1152 1755 Jobaunes
1172 1720 1384 1756 Strumensis
1406 1732 1483 1757 suc-

98 1786 235 1819 cessive
252 1786 286 1818 in
315 1794 439 1830 papam
464 1785 641 1830 eliguntur
659 1790 691 1819 et
708 1785 828 1820 favore
847 1787 1067 1831 imperatoris
1095 1787 1295 1824 fulciuntur.
1343 1787 1491 1823 Duravit

97 1849 165 1885 hoc
190 1850 344 1885 schisma
373 1852 474 1888 aunis
499 1850 628 1893 XVIII,
664 1852 755 1886 inira
781 1852 873 1897 quod
900 1857 1036 1897 tempus
1064 1852 1269 1894 Teutonici,
1303 1855 1360 1898 qui
1397 1856 1488 1899 apud

98 1916 333 1951 Tusculanum
370 1928 434 1961 pro
469 1918 682 1961 imperatore
720 1918 966 1960 morabantur,
1010 1918 1184 1953 Romanos
1215 1919 1307 1963 apud
1339 1924 1489 1955 montem

96 1981 237 2017 Portum
269 1982 438 2017 invadunt
469 1988 502 2018 et
536 1988 588 2017 tot
620 1994 641 2018 a
673 1994 766 2018 nona
792 1995 901 2029 nsque
928 1984 971 2018 ad
1001 1995 1169 2029 vesperas
1195 1985 1419 2028 occiderunt,
1454 1992 1491 2020 ut

98 2056 271 2092 nunquam
296 2057 340 2081 ex
367 2047 532 2081 Romanis
555 2052 609 2082 tot
631 2050 739 2082 millia
757 2051 828 2082 sint
847 2052 983 2091 occisa,
1010 2050 1090 2083 licet
1107 2055 1264 2093 tempore
1282 2050 1487 2085 Hannibalis

97 2116 151 2146 tot
178 2113 285 2146 occisi
311 2113 403 2153 sint,
437 2116 475 2146 ut
508 2116 581 2146 tres
609 2113 779 2156 cophinos
808 2114 1034 2155 annulorum,
1070 2124 1158 2158 quos
1189 2114 1233 2149 de
1258 2115 1380 2159 digitis
1407 2127 1488 2160 pro-

98 2189 214 2213 cerum
251 2180 445 2212 occisorum
483 2177 611 2220 ¹)idem
655 2177 826 2212 Hannibal
864 2178 1000 2213 extrahi
1035 2178 1189 2221 fecerat,
1242 2180 1490 2227 Carthaginem

99 2243 343 2278 destinaverit.
395 2243 588 2287 ²)Quorum
613 2244 710 2277 multi
734 2245 824 2289 apud
851 2250 1005 2280 sanctum
1036 2245 1248 2289 Stephanum
1276 2251 1310 2281 et
1335 2253 1488 2282 sanctum

99 2309 324 2343 Laurentium
344 2308 472 2353 sepulti
494 2313 573 2343 sunt
592 2314 625 2344 et
642 2309 770 2344 habent
788 2310 852 2344 hoc
873 2310 1107 2355 epitaphium:
1127 2312 1218 2346 mille
1235 2311 1351 2362 decem
1372 2313 1491 2348 decies

101 2385 165 2409 sex
191 2374 309 2408 decies
337 2384 474 2419 quoque
494 2376 582 2410 seni.
630 2374 823 2420 Imperator
841 2375 1054 2418 Fridericus‚
1081 2376 1157 2410 dum
1183 2381 1311 2412 terram
1338 2384 1492 2413 sanctam

102 2441 284 2473 visitasset
317 2443 351 2474 et
387 2440 421 2473 in
454 2440 592 2475 flumine
628 2441 777 2486 quodam
805 2442 1004 2483 lavaretur,
1043 2442 1168 2477 ibidem
1205 2447 1347 2477 necatus
1374 2446 1491 2488 periit,

102 2505 159 2540 vel
185 2509 222 2538 ut
247 2505 307 2539 alii
336 2509 518 2546 asserunt,
552 2516 642 2551 equo
677 2517 740 2540 suo
767 2508 977 2553 impingente
1008 2509 1040 2541 iu
1068 2518 1192 2553 aquam
1220 2509 1347 2543 cecidit
1373 2509 1491 2555 ibique

103 2571 246 2605 interiit.
296 2570 380 2604 lluic
414 2572 587 2605 successit
619 2571 801 2607 Heim'icus
833 2571 923 2607 lilius
959 2574 1036 2618 ejus
1070 2584 1160 2608 anno
1196 2574 1325 2609 domini
1349 2575 1489 2610 MCXC.

173 2669 200 2700 l)
220 2667 274 2696 Ed.
295 2672 337 2695 l'r.
357 2668 442 2694 addit
463 2673 530 2694 ante
550 2677 730 2702 pronomen:
756 2670 799 2697 ab
812 2671 1026 2704 stulerantj
1047 2672 1322 2708 impleverunt.
1390 2675 1419 2708 2)
1439 2674 1491 2701 LtL

104 2716 148 2740 l’r.
168 2712 279 2740 omittit
298 2714 408 2740 verba:
431 2717 599 2748 Quorum
618 2730 649 2734 —
669 2715 763 2741 seni.
