1742 3005
271 99 356 140 928
411 101 512 152 Cap.
531 100 722 138 CCXVII.
781 100 840 138 De
865 100 1056 138 dominica
1082 101 1118 138 in
1144 103 1259 140 ramis
1289 105 1522 154 palmarum.

273 213 317 235 est
344 217 434 242 pura,
461 206 531 240 quia
555 207 599 233 ibi
624 210 669 234 est
694 206 775 234 salus
801 206 866 235 sine
890 203 1093 237 aegritudine,
1119 210 1207 241 prout
1234 206 1327 233 estin
1353 208 1477 243 mundo,
1497 214 1541 237 est
1561 211 1661 244 mixta,

271 253 340 285 quia
358 250 401 277 ibi
420 254 465 277 est
485 251 566 278 salus
586 256 614 278 et
633 251 799 285 aegritudo,
818 255 908 287 prout
927 254 972 277 est
991 250 1020 277 in
1040 250 1168 285 inferno,
1186 251 1354 278 foetulenta
1372 256 1401 279 et
1422 259 1571 289 corrupta,
1591 255 1662 288 quia

270 296 314 322 ibi
333 300 377 322 est
397 295 462 322 sola
481 296 637 328 aegritudo
657 297 721 324 sine
740 296 880 324 sanitate.
914 295 1035 328 Victus,
1055 295 1088 322 id
1107 301 1151 324 est
1171 296 1310 329 satietas,
1336 301 1427 331 prout
1454 302 1499 324 est
1517 298 1547 325 in
1566 300 1662 333 coelo,

269 346 315 368 est
334 350 422 376 pura,
442 345 530 374 atque
549 340 592 367 ibi
611 346 657 368 est
676 341 798 369 satietas
818 341 883 369 siue
901 340 1017 374 esurie,
1034 345 1123 376 prout
1142 345 1187 368 est
1206 341 1237 368 in
1256 341 1386 373 mundo,
1407 346 1453 368 est
1471 342 1573 376 mixta,
1591 344 1662 377 quia

270 391 315 413 est
335 386 457 413 satietas
477 390 506 412 et
525 386 654 419 esuries,
674 391 763 421 prout
781 391 826 414 est
845 386 875 413 iu
894 385 1028 418 inferno,
1048 391 1093 413 est
1111 386 1278 413 foetulenta
1298 390 1327 413 et
1347 391 1503 421 corrupta,
1532 387 1600 420 qnia
1620 388 1663 415 ibi

270 437 317 459 est
336 441 451 458 summa
470 431 583 458 esuries
602 431 667 458 siue
686 431 834 459 satietate.
872 431 999 465 Copiae,
1025 430 1056 457 id
1075 435 1121 459 est
1140 430 1282 463 divitiae,
1309 436 1398 465 prout
1422 436 1492 459 suut
1517 432 1547 458 iu
1567 432 1662 465 coelo,

270 481 342 504 sunt
361 485 468 511 purae,
488 475 556 509 quia
577 475 621 503 ibi
640 480 709 504 suut
729 476 854 503 divitiae
874 480 903 503 et
922 480 1133 510 paupertates,
1159 479 1249 510 prout
1267 474 1298 501 iu
1316 474 1451 508 inferno,
1479 481 1546 503 suut
1565 477 1665 504 foetu-

269 522 370 549 lentae
389 526 418 548 et
438 525 612 555 corruptae,
637 521 706 554 quia
729 521 773 548 ibi
797 525 842 548 est
861 529 974 547 summa
995 524 1157 555 paupertas
1179 520 1243 547 siue
1262 520 1388 548 divitiis.
1424 520 1542 554 Gloria,
1568 521 1600 548 id
1618 526 1664 549 est

270 566 479 603 pulchritudo,
507 570 597 601 prout
620 570 665 593 est
684 566 714 593 iu
733 566 832 598 coelo,
861 570 905 593 est
930 565 1072 601 pulchra,
1099 564 1168 599 quia
1186 564 1231 592 ibi
1250 569 1295 592 ost
1314 564 1508 599 pulchritudo
1528 566 1592 593 sine
1611 567 1666 593 de-

270 613 432 640 formitate.
468 615 587 643 Houor,
613 615 703 646 prout
729 615 774 637 est
798 611 828 637 iu
855 611 957 643 coelo,
985 614 1030 637 est
1056 619 1162 646 purus,
1189 609 1259 643 quia
1286 609 1329 636 ibi
1355 614 1400 636 est
1419 609 1515 637 honor
1536 611 1600 638 sine
1619 611 1665 638 iu-

270 657 432 689 dignitate,
453 656 507 683 sed
525 660 615 690 prout
633 660 678 683 est
696 656 727 682 iu
745 656 874 688 mundo,
899 660 944 683 est
964 655 1091 688 mixtus,
1118 654 1187 688 quia
1206 654 1251 681 ibi
1270 657 1315 681 est
1334 653 1430 681 honor
1448 664 1515 682 cum
1534 655 1665 688 indigui·-

269 708 340 735 tate,
367 705 455 737 prout
483 705 528 727 est
552 700 582 726 in
609 700 743 732 inferno,
769 705 815 727 est
839 699 1023 727 foetulentus
1043 704 1072 726 et
1099 704 1269 735 corruptus,
1294 699 1364 733 quia
1389 699 1434 726 ibi
1461 704 1506 726 est
1530 699 1664 727 >dedecus

271 748 335 775 siue
354 747 477 773 honore.
514 749 587 777 Pax,
607 749 695 780 prout
714 749 758 771 est
778 745 809 771 iu
827 745 922 777 coelo,
942 749 986 771 est
1006 754 1095 778 pura,
1114 744 1183 778 quia
1202 748 1247 771 est
1266 754 1325 779 pax
1344 744 1408 771 sine
1427 744 1664 779 perturbatione,

270 797 360 828 prout
379 796 424 819 est
442 791 473 818 in
492 790 620 822 mundo,
648 794 693 817 est
719 789 828 822 mixta,
857 790 926 823 quia
952 789 995 815 ibi
1014 793 1059 816 est
1079 799 1137 823 pax
1157 798 1223 815 cum
1242 788 1486 822 perturbatione,
1511 795 1599 825 prout
1619 795 1665 817 est

270 839 300 866 iu
320 837 452 870 inferno,
479 841 523 863 est
549 835 715 863 foetulenta
743 839 772 861 et
799 838 954 869 corrupta,
982 833 1050 866 quia
1077 832 1121 859 ibi
1147 837 1193 859 est
1217 833 1358 859 contiuua
1385 836 1572 868 perturbatio
1599 837 1665 863 siue

271 892 355 920 pace.
388 881 495 909 Omnia
515 881 610 913 bona,
636 884 725 915 prout
751 883 819 906 suut
846 879 876 906 iu
902 878 1001 910 coelo,
1029 882 1097 905 sunt
1123 878 1300 912 purissima,
1328 877 1397 911 quia
1416 879 1459 905 ibi
1478 884 1546 906 sunt
1565 881 1665 907 omnia

271 930 352 955 bona
370 928 434 955 sine
453 925 550 958 malo,
579 925 633 952 sed
652 929 685 951 ut
703 929 772 951 suut
791 924 821 950 iu
841 923 968 956 mundo,
992 927 1061 950 suut
1080 923 1189 955 mixta,
1217 922 1286 956 quia
1313 922 1357 950 ibi
1385 927 1454 950 sunt
1473 923 1567 950 multa
1585 925 1665 951 bona

271 973 419 1009 permixta
438 971 541 1002 malis,
568 974 656 1004 prout
675 977 749 996 vero
769 972 837 995 suut
856 968 886 994 iu
906 967 1039 1000 inferno,
1068 972 1136 995 sunt
1162 967 1330 995 foetulenta
1357 972 1385 994 et
1413 973 1570 1003 corrupta,
1596 970 1666 1002 quia

272 1018 315 1045 ibi
334 1022 402 1045 suut
421 1016 521 1043 omnia
541 1015 618 1041 mala
638 1014 702 1041 sine
722 1013 936 1040 commixtione
962 1012 1087 1046 alicujus
1107 1012 1190 1039 boni.
1226 1016 1288 1039 Ista
1307 1014 1407 1040 onmia
1426 1013 1499 1040 dicit
1518 1015 1667 1049 propheta

272 1062 386 1089 David:
414 1061 490 1088 calix
510 1060 540 1086 in
559 1069 650 1086 mauu
668 1058 783 1085 domiui
801 1057 866 1084 viui
885 1056 959 1084 meri
979 1057 1086 1092 plenus
1105 1057 1200 1084 mixto
1214 1077 1221 1089 ,
1247 1061 1276 1084 et
1302 1057 1463 1085 inclinavit
1492 1067 1528 1085 ex
1555 1059 1612 1086 boc
1636 1059 1667 1086 in

272 1109 344 1139 l10c3
370 1110 577 1133 verumtamen
596 1104 665 1130 faex
683 1105 746 1137 ejus
766 1111 827 1129 nou
846 1107 891 1129 est
911 1102 1080 1135 exinanita,
1106 1102 1212 1129 bibent
1237 1111 1273 1128 ex
1300 1111 1336 1129 eo
1362 1112 1467 1131 omues
1492 1109 1666 1138 peccatores

272 1157 377 1180 terrae.
415 1154 458 1177 Ex
476 1150 522 1176 his
541 1149 644 1176 verbis
665 1148 807 1180 habetur,
836 1147 919 1181 quod
943 1150 1024 1174 Deus
1048 1147 1140 1173 habet
1162 1151 1223 1174 tres
1244 1147 1370 1181 calices,
1398 1158 1474 1175 uuus
1494 1154 1540 1176 est
1559 1149 1667 1184 plenus

271 1197 344 1224 vino
371 1203 468 1227 mer03
496 1194 526 1221 in
553 1195 612 1222 isto
639 1193 748 1221 bibunt
776 1201 881 1219 omues
905 1191 936 1218 iu
962 1191 1056 1219 coelo.
1093 1195 1154 1218 Iste
1181 1192 1260 1219 enim
1287 1192 1365 1219 calix
1390 1193 1499 1228 plenus
1523 1199 1569 1220 est
1593 1194 1667 1227 vita,

272 1241 417 1273 sanitate,
437 1239 538 1274 copia,
560 1238 694 1271 divitiis,
721 1238 834 1265 bonore
854 1241 911 1266 etc.
945 1236 1032 1264 Alius
1054 1236 1131 1263 calix
1151 1240 1196 1263 est
1214 1237 1322 1271 plenus
1341 1247 1377 1265 ex
1395 1239 1489 1265 mixto
1508 1243 1537 1265 et
1557 1238 1594 1266 de
1612 1238 1667 1266 illo

272 1287 380 1313 bibunt
399 1285 535 1312 homines
555 1285 584 1312 in
604 1283 731 1316 mundo,
760 1283 830 1316 qnia
855 1282 932 1309 calix
954 1281 1012 1308 iste
1038 1281 1146 1316 plenus
1173 1285 1219 1308 est
1237 1281 1365 1309 sanitate
1384 1292 1451 1309 cum
1470 1283 1666 1316 aegritudine,

273 1333 410 1360 satietate
438 1341 505 1358 cum
531 1329 645 1362 esurie,
678 1328 796 1355 divitiis
830 1337 897 1355 cum
930 1331 1110 1362 paupertate
1135 1331 1192 1355 etc.
1237 1327 1357 1354 Tertius
1385 1327 1463 1354 calix
1488 1333 1534 1355 est
1559 1328 1666 1363 plenus

272 1377 357 1405 faece
388 1381 418 1403 et
449 1376 487 1403 de
514 1375 572 1402 isto
600 1374 708 1401 bibunt
735 1372 869 1400 damuati
895 1372 925 1398 iu
952 1372 1078 1400 inferno,
1122 1375 1159 1398 Et
1183 1372 1241 1399 iste
1266 1376 1311 1399 est
1338 1372 1445 1406 plenus
1472 1373 1667 1406 aegritudine,

272 1427 384 1455 morte,
409 1424 602 1457 paupertate,
629 1419 821 1446 deformitate
847 1422 875 1445 et
895 1417 1035 1444 omnibus
1055 1416 1132 1445 aliis.
1170 1419 1282 1451 Quarto
1301 1417 1467 1444 videndum
1486 1422 1547 1451 est,
1576 1428 1667 1452 quare

274 1467 406 1494 Christus
432 1466 529 1493 noluit
555 1465 660 1492 sedere
688 1473 778 1499 super
804 1459 932 1497 equum,
959 1462 1014 1489 sed
1040 1470 1131 1496 super
1155 1461 1288 1492 asinam:
1311 1463 1367 1489 hoc
1393 1462 1462 1490 ideo
1481 1462 1571 1496 fecit,
1598 1464 1668 1497 quia

273 1522 334 1541 non
353 1512 439 1540 sedet
458 1512 488 1539 in
507 1510 649 1537 cordibus
669 1518 883 1545 supernorum.
910 1508 964 1536 sed
991 1508 1149 1535 humilium
1176 1511 1204 1534 et
1224 1512 1456 1534 mansuetorum.
1494 1508 1668 1542 Clirysosto-

273 1567 356 1586 mus:
382 1566 443 1584 nou
470 1556 555 1583 sedet
583 1554 715 1582 Christus
741 1554 770 1581 in
797 1564 884 1581 curru
911 1562 1001 1581 aureo
1026 1562 1158 1588 purpura
1185 1551 1302 1584 fulgens
1328 1562 1382 1580 uec
1402 1553 1559 1580 adscendit
1578 1563 1668 1589 super

273 1603 425 1631 fervidum
444 1611 554 1635 equum
572 1600 741 1627 discordiae
761 1604 943 1632 amatorem,
968 1598 1022 1625 sed
1042 1607 1132 1632 super
1156 1597 1271 1624 asinam
1290 1598 1516 1632 tranquillitatis
1536 1603 1565 1626 et
1584 1599 1668 1634 pacis

274 1648 410 1676 amicam.
446 1651 500 1674 Per
519 1655 628 1679 equum
648 1645 813 1680 superbus,
839 1653 893 1679 per
919 1643 1033 1671 asinam
1052 1642 1174 1670 humilis
1194 1642 1375 1674 designatur.
1412 1645 1485 1670 Nam
1505 1653 1615 1677 equus,
1641 1643 1669 1671 si

273 1694 418 1726 tangitur,
437 1691 620 1723 recalcitrat,
645 1690 746 1717 asinus
772 1698 844 1717 vero
871 1689 901 1716 in
927 1688 1158 1716 mansuetudine
1185 1692 1326 1717 moratur.
1363 1688 1395 1715 Si
1420 1689 1543 1724 superbi
1566 1698 1669 1724 repre·

274 1739 462 1769 lienduntur,
488 1737 680 1772 impatienter
700 1735 834 1762 audiunt.
872 1734 1027 1770 Quaedam
1046 1732 1187 1759 animalia
1206 1737 1290 1766 suut,
1318 1742 1394 1766 quae
1413 1743 1473 1760 non
1492 1734 1669 1769 permittunt

275 1793 306 1811 se
326 1783 423 1816 tangi,
452 1782 521 1816 quia
547 1781 716 1814 arrogantia
743 1785 810 1807 sunt
838 1780 914 1807 sicut
940 1780 1004 1812 leo,
1030 1779 1080 1806 vel
1107 1778 1177 1812 quia
1195 1778 1286 1805 nimis
1306 1778 1457 1806 silvestria
1477 1778 1668 1805 domesticari

275 1838 334 1856 non
354 1832 497 1863 possunt,
523 1827 599 1854 sient
628 1827 733 1861 lupus,
756 1826 808 1853 vel
835 1825 904 1859 quia
927 1829 995 1852 suut
1021 1824 1177 1859 pungitiva
1203 1824 1279 1851 sicut
1305 1823 1422 1852 ericius.
1458 1823 1506 1850 Sic
1531 1822 1669 1850 similiter

275 1878 345 1901 suut
363 1873 418 1899 tria
439 1881 546 1904 genera
566 1871 736 1903 hominum,
763 1870 813 1904 qui
832 1870 938 1897 nolunt
956 1869 1145 1904 reprehendi.
1180 1868 1270 1895 Primi
1289 1873 1358 1895 sunt
1377 1867 1515 1902 superbi,
1545 1867 1583 1893 de
1602 1867 1670 1900 qui-

275 1920 332 1945 bus
352 1918 500 1953 propbeta
519 1916 609 1943 dicit:
630 1921 716 1948 tange
735 1919 861 1947 montes,
882 1914 914 1941 id
933 1918 979 1940 est
997 1913 1196 1948 superborum
1216 1917 1340 1944 mentes,
1360 1916 1388 1938 et
1408 1910 1596 1943 fumigabunt
1615 1922 1669 1946 per

276 1962 496 1997 impatientiam
515 1965 571 1989 etc.
607 1964 643 1987 Et
662 1960 774 1988 Eccles.
793 1963 880 1986 xm:
902 1958 989 1985 divos
1009 1958 1118 1992 injuste
1138 1957 1196 1989 egit
1218 1961 1246 1984 et
1266 1956 1415 1989 sremebit,
1436 1965 1551 1990 pauper
1569 1961 1667 1983 autem

277 2008 375 2035 laesus
395 2006 517 2033 tacebit.
554 2005 614 2032 Alii
639 2009 708 2032 suut
732 2004 762 2031 iu
788 2004 874 2031 malis
893 2003 1039 2035 indurati,
1067 2002 1118 2036 qui
1138 2002 1176 2029 ad
1196 2002 1289 2029 instar
1308 2001 1372 2036 lupi
1389 2010 1449 2028 uon
1468 2005 1595 2036 possunt
1614 2000 1669 2026 do-

276 2051 427 2080 mesticari
447 2060 502 2077 nec
521 2050 559 2076 ad
577 2051 690 2077 bouum
709 2049 820 2077 induci.
855 2052 899 2075 De
918 2048 1027 2081 quibus
1047 2047 1158 2075 Eccles.
1178 2051 1203 2074 I:
1233 2045 1358 2073 difficile
1381 2046 1456 2073 tales
1484 2046 1670 2078 corriguntur

277 2102 307 2124 et
342 2096 447 2124 uolunt
478 2095 601 2130 corripi,
634 2094 703 2121 ideo
736 2093 848 2121 Eccles.
866 2096 1004 2120 1XXXU:
1036 2091 1161 2128 pestifer
1185 2092 1276 2119 homo
1303 2091 1413 2118 vitabit
1444 2090 1671 2118 correctionem.

277 2142 374 2169 Tertii
392 2145 459 2168 sunt
479 2140 616 2167 homiues
636 2138 744 2171 astuti,
765 2138 830 2172 qui,
858 2137 883 2165 si
901 2142 1078 2170 tanguntur,
1104 2137 1137 2164 id
1155 2141 1201 2164 est
1220 2135 1437 2171 corripiuntur,
1465 2136 1543 2164 sicut
1562 2135 1669 2163 ericius

279 2188 380 2215 statim
399 2185 643 2214 excusationibus
671 2183 774 2211 multis
801 2192 832 2211 se
857 2183 1057 2212 abscondunt.
1092 2182 1234 2210 l'roverb.
1259 2184 1402 2209 xxvun
1435 2181 1485 2214 qui
1511 2180 1670 2208 abscondit

279 2232 393 2260 scelera
412 2240 479 2264 sua,
506 2239 566 2258 nou
590 2229 747 2262 dirigetur,
775 2228 825 2263 qui
853 2233 952 2255 autem
980 2227 1136 2255 consessus
1155 2226 1262 2258 suerit,
1288 2226 1374 2253 vivet
1392 2230 1421 2253 et
1439 2234 1500 2253 uon
1518 2225 1671 2253 morietur.

279 2278 361 2306 Circa
381 2276 543 2304 secundam
563 2274 785 2310 processionem
804 2273 937 2301 notanda
958 2277 1027 2300 sunt
1046 2272 1119 2299 duo:
1139 2271 1236 2307 primo
1256 2271 1338 2305 quod
1356 2271 1384 2298 iu
1403 2271 1459 2298 ista
1475 2271 1670 2306 processione¹

279 2323 401 2350 suerunt
425 2321 588 2348 a'arietates
615 2328 820 2354 personarum.
866 2318 994 2353 QuIdam
1027 2317 1106 2344 euim
1132 2316 1253 2344 suerttnt
1280 2316 1368 2349 boui,
1404 2316 1526 2350 quidam
1552 2315 1670 2343 fuerunt

281 2367 353 2395 facti
378 2367 450 2394 mali
477 2370 506 2392 et
533 2375 682 2399 nunquam
709 2368 963 2399 recuperaverunt
988 2362 1171 2393 bonitatmn,
1203 2361 1279 2388 sicut
1305 2361 1408 2389 Judas.
1441 2353 1573 2398 ¹Quidam
1598 2360 1672 2388 boni

281 2422 400 2448 semper
427 2414 712 2447 perseveraverunt,
746 2409 822 2437 sicut
855 2410 943 2435 beata
977 2407 1063 2440 virgo
1090 2406 1195 2435 Maria.
1229 2405 1290 2434 Alii
1314 2415 1386 2433 vero
1412 2406 1485 2433 boni
1511 2411 1540 2434 et
1566 2410 1671 2441 postea

282 2458 370 2491 mali,
397 2461 502 2492 postea
527 2461 627 2483 tamen
651 2464 735 2482 suam
759 2457 1011 2489 recuperaverunt
1037 2452 1203 2480 bonitatem
1231 2450 1307 2477 sicut
1333 2452 1481 2485 apostoli,
1507 2451 1559 2485 qui
1577 2454 1671 2478 Deum

283 2504 313 2531 in
341 2503 483 2538 passione
511 2501 723 2536 perdiderunt,
748 2499 803 2527 sed
829 2500 857 2526 in
883 2497 1099 2526 resurrectione
1126 2501 1387 2532 recuperaverunt.
1422 2495 1569 2523 Malorum
1595 2495 1671 2521 dune

285 2553 351 2575 suut
371 2547 575 2579 differentiae,
601 2545 724 2579 quidam
749 2544 827 2571 etnim
852 2543 971 2571 suerunt
991 2542 1078 2575 mali,
1106 2542 1157 2575 qui
1182 2547 1287 2577 postea
1307 2541 1378 2569 sacti
1396 2545 1465 2568 sunt
1483 2540 1569 2573 boui,
1595 2540 1671 2566 sicut

287 2594 360 2619 latro
381 2603 396 2619 a
415 2591 528 2619 dextris
548 2591 683 2627 pendens
703 2595 731 2617 et
751 2590 910 2622 Longinus.
947 2589 1006 2616 Alii
1031 2587 1150 2614 suerunt
1177 2587 1261 2620 mali,
1287 2587 1337 2621 qui
1363 2596 1481 2621 semper
1503 2585 1533 2612 in
1557 2584 1671 2611 malitia

286 2642 572 2671 pvrseveraverunt,
599 2637 674 2664 sicut
701 2635 777 2662 latro
804 2645 820 2661 a
846 2633 974 2661 sinistris
1001 2637 1030 2660 et
1057 2632 1179 2665 Judaei,
1210 2632 1262 2666 qui
1289 2632 1504 2659 crucifixerunt.
1540 2630 1586 2656 Ab
1607 2629 1672 2664 ipsa

287 2682 478 2716 processione
513 2682 635 2716 quidam
670 2681 808 2713 fugeruut
836 2688 960 2715 corpore
985 2683 1014 2706 et
1039 2683 1154 2711 mente,
1181 2677 1257 2705 sicut
1282 2677 1426 2712 apostoli,
1459 2674 1509 2708 qui
1536 2674 1673 2707 fugeruut

287 2726 483 2761 corporaliter
509 2731 538 2754 et
563 2726 654 2754 sidem
679 2725 885 2761 perdiderunt.
923 2728 998 2752 Item
1024 2723 1076 2751 alii
1101 2722 1240 2756 fugeruut
1258 2730 1318 2750 nou
1337 2728 1475 2756 corpore,
1502 2719 1556 2747 sed
1574 2719 1674 2753 corde,
