1742 3005
251 110 331 151 682
379 111 474 162 Cap.
501 109 632 148 CLIII.
671 108 730 145 De
760 107 901 145 sanctis
919 107 1121 157 Dionysio,
1151 108 1306 146 Rustico
1338 114 1375 148 et
1397 109 1633 148 Eleutherio.

250 218 350 251 miter
374 212 595 248 tenebrarum
621 210 774 257 ealigine
797 210 1016 254 tabescente,
1040 213 1078 245 ut
1100 215 1285 257 purgatum
1308 212 1416 248 rediit
1440 213 1527 247 solis
1554 212 1630 248 dia-

250 285 405 320 metrum,
431 276 589 322 regulam
606 275 965 321 PhilippiArrhidaei
990 278 1229 320 assumimus,
1255 287 1399 323 cumque
1425 280 1632 324 reperimus,

250 345 344 392 quod
369 347 404 379 et
431 346 507 378 erat
531 343 762 385 notissimum,
789 342 898 377 solem
930 343 1005 387 pati
1035 342 1215 378 molestias
1242 354 1311 378 non
1335 343 1477 386 debere,
1503 345 1561 388 aj0
1587 344 1633 378 ad

244 416 297 446 te:
323 411 473 456 peritiae
495 412 616 443 vastae
644 409 893 451 sanctuarium,
922 407 1035 443 adhuc
1056 410 1196 443 nescias
1217 412 1336 444 tantae
1352 410 1402 444 rei
1421 411 1630 454 mysterium.

247 477 351 519 Quid,
371 477 523 520 inquam,
544 474 721 519 speculum
742 474 922 509 doctrinae
934 473 1184 519 Apollophani‚
1203 474 1259 509 his
1272 476 1418 510 secretis
1432 473 1632 510 adscribis?

244 543 300 578 Ad
316 551 406 588 quae
422 545 459 575 tu
484 540 570 575 mihi
595 551 655 576 ore
681 541 798 576 divino
825 543 858 575 et
883 551 952 574 non
980 539 1119 575 humani
1146 550 1272 576 sensus
1297 550 1476 576 sermone:
1503 550 1523 574 o
1541 539 1633 575 bone

243 609 401 653 Dionysi,
428 607 622 642 divinarum
643 608 919 652 permutationes
944 610 1024 641 sunt
1047 617 1175 645 rerum.
1221 607 1379 653 Denique
1405 609 1559 640 notatum
1580 605 1633 641 se-

242 675 318 708 riae
346 673 437 708 diem
465 676 499 707 et
518 682 642 706 annum
661 672 950 715 annimtiationis,
975 683 1075 718 quam
1094 672 1223 707 Paulus
1243 673 1374 706 nostris
1390 671 1533 706 auribus
1551 681 1630 706 sus-

242 740 362 784 pensis
388 738 550 779 intonuIt,
577 738 690 782 signis
709 737 984 771 acclamantibus
1004 737 1182 772 recordari
1202 741 1367 782 expertus
1389 736 1469 772 dedi
1489 738 1628 772 veritati

240 814 362 841 manus
389 806 424 838 et
451 801 618 836 falsitatis
644 812 718 836 sum
742 801 890 836 nexibus
917 802 1114 839 absolutus.
1161 802 1256 838 Haec
1273 803 1470 848 Dionysius.
1519 802 1629 848 HuJus

241 871 345 906 etiam
378 868 534 903 meminit
564 866 655 902 idem
692 868 727 901 in
760 867 914 913 epistola
948 867 992 902 ad
1026 867 1253 913 Polycarpum
1288 868 1435 913 loquens
1463 867 1506 901 de
1531 878 1568 902 se
1595 871 1629 902 et

240 934 486 981 Apollophane
528 933 668 968 dicens:
718 933 820 967 ambo
863 934 956 978 apud
989 933 1197 978 Heliopolim
1238 939 1319 968 tune
1356 936 1561 978 praesentes
1595 936 1629 968 et

241 1001 468 1037 coadstantes
498 998 764 1043 inopinabiliter
796 999 864 1033 soii
899 999 1013 1033 lunam
1047 999 1266 1034 incedentem
1299 998 1523 1040 videbamu83
1560 1009 1628 1032 non

239 1070 327 1103 enim
355 1070 431 1102 erat
457 1065 668 1099 conveniens
698 1068 855 1109 tempus,
888 1069 922 1099 et
955 1075 1075 1099 rursus
1101 1066 1210 1109 ipsam
1239 1075 1261 1099 a
1286 1075 1378 1099 nona
1403 1065 1491 1099 hora
1516 1074 1628 1109 usque

237 1133 283 1169 ad
303 1140 486 1176 vesperam
505 1128 551 1164 ad
570 1129 655 1163 solis
673 1129 876 1164 diametrum
894 1131 1209 1176 supernaturaliter
1228 1133 1435 1167 restitutam.
1462 1130 1627 1175 Eclipsim

237 1203 351 1234 autem
379 1197 473 1231 illam
500 1195 648 1231 vidimus
672 1196 707 1229 in
733 1196 868 1231 oriente
894 1196 1092 1231 inchoatam
1118 1201 1152 1232 et
1177 1207 1287 1242 usque
1312 1196 1357 1231 ad
1377 1197 1526 1231 solarem
1553 1200 1626 1229 ter-

236 1267 362 1300 minum
402 1263 614 1304 venientcnt‚
647 1265 774 1306 postea
810 1262 1068 1308 regredientem
1106 1266 1140 1297 et
1176 1273 1296 1297 rursus
1327 1273 1396 1296 non
1435 1273 1476 1296 ex
1501 1261 1623 1296 eodem

238 1335 273 1368 et
298 1330 471 1366 desectum
498 1331 532 1363 et
557 1329 854 1373 repurgationem,
881 1328 944 1363 sed
970 1339 988 1364 e
1014 1339 1185 1363 converso
1211 1327 1398 1363 secundum
1421 1328 1623 1362 diametrum

237 1397 376 1432 factam.
425 1394 525 1430 Tune
559 1395 647 1429 enim
676 1393 864 1439 Dionysius
898 1404 972 1428 eum
997 1393 1244 1439 Apollophane
1273 1397 1354 1428 voto
1388 1393 1624 1438 astrologicae

234 1462 446 1507 disciplinae
479 1459 570 1505 apud
597 1459 808 1505 Heliopolim
833 1460 984 1507 Aegypti
1019 1463 1224 1506 perrexerat
1255 1463 1290 1495 et
1315 1463 1439 1505 postea
1463 1458 1543 1493 inde
1570 1469 1624 1493 re-

235 1538 358 1564 versus
384 1531 448 1562 est.
498 1525 599 1566 Quod
625 1530 738 1561 autem
765 1526 870 1561 fuerit
894 1528 929 1561 in
953 1527 1059 1569 Asia,
1085 1529 1236 1561 testatur
1258 1524 1432 1561 Eusebius
1459 1526 1493 1559 in
1519 1524 1623 1559 chro-

233 1596 313 1629 nica
338 1601 525 1634 asserens,
559 1601 598 1626 se
633 1592 667 1625 in
701 1591 803 1626 dietis
833 1592 1050 1627 ethnicorum
1085 1591 1238 1638 legisse,
1273 1591 1366 1638 quod
1391 1596 1471 1626 tuuc
1505 1592 1538 1624 in
1563 1589 1620 1625 Bi-

233 1660 366 1706 thynia,
393 1668 484 1704 quae
510 1658 694 1702 provincia
720 1662 774 1691 est
800 1657 907 1693 Asiae
932 1660 1089 1700 minoris,
1116 1659 1181 1693 suit
1208 1662 1325 1693 terrae
1343 1662 1456 1692 motus
1477 1668 1623 1704 magnus

234 1730 269 1762 et
293 1726 407 1770 major
433 1723 520 1758 solis
547 1722 769 1765 obscuratio,
797 1732 898 1767 quam
925 1733 1075 1768 unquam
1102 1724 1227 1767 suerit,
1254 1728 1288 1759 et
1313 1724 1406 1769 quod
1434 1724 1508 1759 dies
1535 1724 1624 1758 hora.

233 1796 336 1827 sexta.
370 1792 406 1825 in
436 1788 660 1825 tenebrosam
695 1792 830 1822 noctem
864 1798 986 1822 versus
1019 1790 1085 1831 sit,
1119 1794 1157 1823 ut
1187 1790 1312 1825 stellae
1340 1792 1374 1824 in
1399 1790 1498 1825 coelo
1526 1791 1622 1825 visae

233 1859 323 1900 sint,
359 1860 391 1891 et
423 1854 517 1901 quod
553 1854 724 1897 Nicaeae,
761 1863 851 1898 quae
884 1853 968 1888 urbs
1005 1858 1059 1889 est
1092 1854 1295 1900 Bithyniae,
1334 1859 1477 1888 cunctas
1512 1854 1619 1889 aedes

231 1927 349 1958 terrae
383 1925 496 1956 motus
524 1920 746 1955 subverterit.
797 1919 973 1963 Tandem,
1007 1923 1045 1954 ut
1077 1921 1111 1954 in
1144 1919 1302 1965 h>storia
1329 1919 1544 1954 scholastica
1570 1920 1619 1955 le-

231 1990 351 2036 gitur,
388 1985 591 2032 philosophi
625 1985 670 2019 ad
704 1985 770 2020 hoc
807 1985 950 2020 adducti
983 1989 1084 2028 sunt,
1119 1989 1156 2020 ut
1190 1985 1368 2027 dicerent,
1405 1986 1498 2031 quod
1524 1986 1618 2021 Deus

231 2058 377 2089 naturae
406 2054 547 2098 patitur.
597 2051 691 2086 Alibi
720 2056 834 2085 tamen
854 2050 1004 2096 legitur,
1033 2051 1126 2096 quod
1153 2051 1330 2086 dixerunt:
1358 2055 1418 2086 aut
1443 2051 1528 2086 ordo
1555 2062 1617 2087 na-

230 2125 330 2155 turae
356 2119 570 2164 pervertitur
595 2120 654 2151 aut
680 2117 851 2151 elementa
875 2117 1086 2151 mentiuntur
1111 2121 1170 2152 aut
1196 2117 1290 2152 Deus
1317 2121 1463 2152 naturae
1489 2120 1621 2162 patitur

230 2187 447 2222 etelementa
459 2184 527 2218 sibi
546 2184 812 2228 compatiuntur.
838 2181 935 2217 Alibi
950 2193 1030 2217 vero
1041 2183 1180 2226 dieitur,
1200 2183 1291 2229 quod
1304 2183 1490 2229 Dionysius
1511 2183 1617 2218 dixit:

229 2254 319 2289 haee
344 2262 434 2293 nox,
470 2259 571 2294 quam
603 2258 727 2283 novam
763 2249 947 2291 miramur,
981 2250 1088 2283 totius
1116 2248 1231 2283 mundi
1269 2258 1386 2284 veram
1419 2248 1529 2284 lucem
1553 2249 1616 2284 ad-

230 2322 410 2356 venturam
436 2314 623 2361 significat.
673 2314 773 2349 Tune
797 2313 1032 2350 Athenienses
1058 2314 1109 2348 illi
1128 2314 1202 2351 Deo
1228 2324 1323 2349 aram
1350 2318 1619 2350 construxerunt

231 2390 266 2422 et
290 2384 534 2430 superpositus
561 2385 615 2416 est
640 2380 780 2415 titulus:
810 2381 931 2426 ignoto
958 2380 1043 2415 DeO.
1093 2380 1250 2427 Singulis
1277 2382 1365 2416 enim
1391 2381 1463 2415 aris
1491 2390 1616 2425 super-

230 2449 428 2497 ponebatur
457 2448 579 2483 titulus
611 2446 789 2488 iudicans,
826 2446 881 2480 cui
916 2450 1036 2481 essent
1069 2446 1265 2482 dedicatae.
1313 2445 1356 2481 Et
1384 2456 1458 2481 cum
1487 2445 1615 2482 vellent

232 2518 282 2551 illi
316 2515 436 2551 oil'erri
467 2514 676 2549 holocausta
711 2516 745 2548 et
778 2513 953 2556 victimas,
996 2512 1159 2548 dixerunt
1193 2511 1415 2558 philosophi:
1447 2511 1613 2546 bonorum

231 2585 426 2615 nostrorum
465 2591 532 2615 non
568 2583 668 2625 eget,
702 2579 763 2614 sed
800 2579 937 2614 facietis
963 2578 1275 2624 geuussectatioues
1311 2581 1392 2612 ante
1415 2585 1509 2610 aram
1538 2577 1612 2620 ejus

234 2649 267 2679 et
292 2646 534 2690 supplicabitis
561 2647 614 2687 ei,
650 2647 731 2691 quia
758 2656 823 2679 nou
851 2646 987 2691 quaerit
1013 2644 1210 2679 oblationes
1246 2652 1426 2688 pecorum,
1460 2641 1521 2676 sed
1551 2642 1611 2677 de-

234 2711 404 2744 vononem
431 2712 629 2746 animorum.
681 2712 762 2745 tium
791 2722 876 2757 ergo
904 2710 1031 2745 Paulus
1061 2711 1214 2745 venisset
1241 2706 1415 2744 Athenas,
1451 2705 1610 2752 Epic-urei
