1742 3005
287 105 369 146 730
454 109 550 159 Cap.
582 106 752 144 CLXlII.
794 105 854 142 De
884 104 1246 145 commemoratione
1276 105 1502 152 animarum.

286 210 423 244 foenum
459 212 493 242 et
525 207 689 253 stipulam
723 218 837 242 secum
865 207 1000 249 ferunt,
1037 209 1095 253 qui
1129 208 1264 245 seilicet
1299 211 1392 246 eirca
1417 219 1500 245 suas
1526 207 1668 243 divitias

284 274 374 307 infra
405 277 521 307 tamen
550 272 656 307 Deum
692 273 826 307 carnali
851 277 1012 307 tenentur
1043 273 1179 308 affeetu.
1229 273 1446 310 Affectiones
1472 274 1560 311 enim
1588 283 1666 308 car-

282 337 399 380 nales,
427 337 552 382 quibus
579 337 688 373 dediti
717 344 808 381 sunt,
836 338 1016 380 domibus,
1042 337 1267 384 conjugibus,
1292 338 1591 383 possessionibus,
1620 340 1669 373 ita

281 407 411 445 tamen,
437 407 475 437 ut
492 403 541 437 nil
558 403 632 438 Deo
652 408 882 449 praeponant,
908 403 981 438 illis
998 404 1110 438 tribus
1130 403 1385 449 significantur,
1405 404 1463 448 qui
1480 404 1667 439 secundum

279 478 363 504 suos
384 468 522 503 amandi
551 469 674 503 modos
696 469 749 504 vel
781 469 951 511 ¹)diutius
972 473 1009 504 ut
1030 469 1159 515 lignum
1177 469 1230 504 vel
1251 470 1363 504 minus
1386 472 1425 503 ut
1449 468 1586 503 foenum
1613 468 1666 503 vel

280 535 453 568 minimum
474 539 511 569 ut
542 535 672 579 stipula
699 535 952 569 cremabuntur.
1000 534 1066 575 Qui
1086 536 1194 580 ignis,
1220 536 1309 569 sicut
1332 534 1417 568 dicit
1435 534 1666 579 Augustinus,

279 601 346 634 etsi
371 604 534 635 aeternus
559 611 627 634 non
653 602 717 641 sit,
752 601 839 634 miro
873 604 988 634 tamen
1017 599 1117 634 modo
1143 604 1198 634 est
1231 601 1375 646 gravis,
1410 599 1552 634 excellit
1577 600 1665 634 enim

276 675 410 699 omnem
434 675 595 709 poenam,
623 675 724 710 quam
750 675 898 710 unquam
924 675 1051 709 passus
1077 668 1133 700 est
1157 665 1286 710 aliquis
1311 667 1344 699 in
1370 664 1436 700 hac
1461 666 1552 707 vita3
1577 675 1664 699 nun-

277 739 378 774 quam
414 731 447 763 in
479 740 583 764 carne
617 732 758 765 inventa
797 733 850 764 est
882 734 981 765 tanta
1012 740 1146 775 poena,
1184 730 1266 765 licet
1299 730 1474 765 mirabilia
1502 732 1664 766 martires

276 795 374 840 passi
401 797 471 829 siut
496 798 680 829 tormenta.
729 795 832 830 Circa
858 795 1064 836 secundum,
1093 806 1155 839 per
1181 805 1269 839 quos
1296 795 1429 830 scilicet
1457 799 1662 841 purgantur,

275 860 474 901 sciendum,
509 860 601 905 quod
634 861 695 894 illa
726 862 891 906 purgatio
925 864 959 894 et
994 861 1127 905 punitio
1163 860 1199 893 fit
1234 870 1297 904 per
1322 861 1431 895 malos
1457 861 1603 906 angelos
1628 865 1664 896 et

275 937 343 960 non
369 938 432 971 per
448 926 581 968 honos3
607 926 690 960 boni
719 927 807 959 enim
828 926 949 972 angeli
970 937 1038 960 non
1060 931 1185 961 vexant
1203 925 1328 968 bonos,
1356 925 1418 960 sed
1437 925 1519 960 boni
1538 926 1662 967 malos,

275 991 354 1025 mali
388 991 500 1026 bonos
536 995 570 1026 et
603 990 685 1025 mali
711 991 834 1025 malos.
884 991 944 1026 Pie
970 996 1084 1026 tamen
1113 990 1322 1025 credendum
1349 994 1420 1032 est,
1454 991 1547 1036 quod
1580 991 1661 1025 boni

272 1057 392 1103 angeli
429 1058 556 1091 fratres
591 1061 624 1091 et
654 1058 815 1091 concives
850 1067 934 1091 suos
969 1057 1170 1102 frequenter
1199 1057 1341 1090 visitant
1372 1060 1407 1091 et
1436 1056 1663 1091 consolantur

274 1127 327 1163 et,
355 1127 391 1156 ut
417 1124 590 1167 patienter
615 1122 805 1164 sufferant,
832 1122 1072 1157 exhortantur.
1122 1121 1259 1156 Habent
1283 1123 1386 1156 etiam
1411 1122 1507 1156 aliud
1534 1132 1661 1156 conso-

272 1188 415 1222 lationis
441 1187 630 1222 remedium
657 1198 699 1222 ex
727 1198 767 1222 eo
793 1188 949 1230 seilicet,
986 1188 1079 1233 quod
1112 1190 1198 1222 certi
1236 1188 1384 1233 gloriam
1418 1188 1567 1222 futuram
1600 1197 1659 1222 ex-

271 1257 452 1298 spectant3
481 1252 611 1288 habent
636 1255 724 1288 enim
751 1253 991 1288 certitudinem
1019 1253 1061 1288 de
1087 1253 1215 1299 gloria,
1243 1255 1406 1287 minorem
1425 1257 1538 1288 tamen
1558 1263 1659 1298 quam

270 1319 344 1361 illi,
379 1320 438 1364 qui
472 1324 552 1353 sunt
576 1321 610 1353 in
638 1321 772 1364 patria,
807 1319 870 1354 sed
893 1320 1062 1364 majorem
1095 1329 1195 1364 quam
1231 1319 1305 1361 illi,
1340 1320 1398 1364 qui
1424 1322 1503 1353 sunt
1529 1319 1563 1353 in
1589 1319 1658 1352 via.

271 1384 451 1419 Certitudo
478 1387 566 1420 enim
592 1386 749 1428 illorum,
785 1386 844 1431 qni
880 1389 960 1419 sunt
984 1386 1018 1418 in
1043 1386 1183 1429 patria,
1216 1388 1270 1419 est
1295 1386 1370 1419 sine
1397 1385 1658 1428 exspectatione

270 1454 306 1485 et
326 1452 474 1491 timore,
502 1452 586 1497 quia
611 1462 674 1486 nec
701 1451 795 1486 illam
822 1451 971 1485 suturam
1002 1453 1217 1494 exspectant,
1246 1460 1318 1484 eum
1346 1453 1566 1494 praesentem
1591 1448 1654 1484 lla-

269 1515 394 1557 beant‚
427 1527 491 1552 nec
527 1517 622 1552 illam
657 1517 702 1552 de
728 1521 869 1552 caetero
894 1517 1055 1550 amittere
1084 1516 1283 1551 formidant.
1334 1514 1514 1551 Certitudo
1542 1519 1657 1550 autem

271 1581 428 1624 illorum,
463 1584 521 1627 qui
555 1587 635 1617 sunt
658 1585 693 1617 in
725 1584 815 1625 vita,
853 1593 871 1617 e
899 1583 1076 1616 contrario
1103 1587 1179 1624 est,
1212 1581 1274 1617 sed
1303 1580 1476 1616 certitudo
1506 1580 1656 1622 illorum,

268 1647 328 1692 qui
352 1651 432 1681 sunt
455 1649 489 1681 in
515 1650 742 1694 purgatorio,
776 1648 889 1682 medio
923 1648 1025 1682 modo
1053 1652 1117 1682 est.
1167 1647 1229 1682 Est
1253 1648 1341 1682 enim
1370 1658 1444 1681 cum
1470 1650 1654 1692 exspecta-

266 1712 382 1754 tione,
415 1714 498 1757 quia
527 1715 640 1758 ipsam
672 1713 821 1748 suturam
856 1717 1080 1757 exspectant,
1116 1713 1178 1748 sed
1205 1714 1357 1748 estsine
1382 1707 1524 1755 timore,
1559 1714 1654 1758 quia,

267 1786 342 1810 cum
366 1777 521 1812 habeant
544 1778 690 1813 liberum
717 1778 897 1812 arbitrium
922 1778 1176 1820 confirmatum,
1207 1777 1250 1812 de
1276 1782 1417 1813 caetero
1445 1788 1483 1813 se
1509 1787 1655 1823 peccare

266 1853 333 1876 non
359 1853 466 1886 posse
490 1847 717 1889 cognoscunt.
766 1843 904 1878 Habent
929 1845 1031 1878 etiam
1057 1844 1159 1877 aliani
1187 1843 1481 1884 consolationem,
1513 1842 1652 1888 quando

265 1917 329 1951 pro
348 1917 387 1941 se
404 1908 577 1953 suffragia
594 1908 669 1943 lieri
686 1909 813 1942 dicunt.
849 1907 954 1942 Forte
972 1912 1085 1942 tamen
1108 1909 1223 1941 verius
1240 1907 1448 1941 credendum
1469 1912 1534 1949 est,
1557 1907 1652 1952 quod

265 1972 327 2006 illa
346 1974 481 2017 punitio
506 1984 573 2007 non
600 1973 637 2007 fit
661 1984 726 2017 per
749 1973 858 2007 malos
881 1972 1040 2018 angelos,
1066 1971 1129 2006 sed
1158 1971 1277 2005 divina
1293 1972 1594 2016 justitiajiibente
1619 1977 1653 2007 et

264 2037 349 2071 flatu
374 2039 450 2081 ejus
475 2039 694 2072 succedente.
745 2038 846 2072 Circa
870 2039 1030 2079 tertium,
1057 2038 1116 2071 ubi
1143 2038 1280 2071 scilicet
1305 2041 1510 2082 purgantur,
1536 2040 1650 2072 scien-

265 2102 344 2136 dum
370 2106 443 2144 est,
481 2103 572 2147 quod
606 2108 800 2148 purgantur
830 2095 864 2136 in
897 2102 1045 2148 quodam
1079 2103 1158 2136 loco
1186 2103 1289 2147 juxta
1324 2102 1492 2136 infernum
1520 2105 1650 2147 posito,

265 2168 324 2213 qui
342 2169 583 2213 purgatoriiun
599 2167 739 2209 (licitur,
763 2166 954 2202 secundum
973 2169 1181 2211 positionem
1200 2167 1423 2211 plurimorum
1443 2169 1650 2212 sapientum,

263 2233 347 2267 licet
370 2232 452 2266 aliis
478 2232 651 2274 videatur,
679 2232 771 2277 quod
797 2234 844 2266 sit
868 2234 904 2267 in
929 2237 1012 2268 aere
1037 2237 1071 2267 et
1091 2234 1123 2266 in
1141 2232 1276 2266 torrida
1292 2242 1392 2267 zona.
1443 2232 1514 2267 Sed
1534 2237 1649 2268 tamen

263 2308 328 2342 per
357 2297 509 2331 divinam
543 2297 842 2342 dispensationem
881 2298 1024 2332 diversa
1053 2297 1134 2332 loca
1167 2297 1319 2332 diversis
1363 2297 1546 2332 animabus
1583 2299 1647 2333 ali-

262 2362 402 2408 qnando
431 2362 662 2407 deputantur,
690 2367 724 2397 et
750 2363 814 2397 lioc
839 2363 1024 2408 multiplici
1049 2362 1092 2397 de
1117 2373 1236 2405 causa,
1262 2363 1398 2398 scilicet
1421 2366 1481 2397 aut
1505 2368 1650 2408 propter

260 2439 381 2464 eorum
406 2427 515 2463 levem
543 2430 754 2472 punitionem
781 2432 840 2462 aut
867 2431 1011 2473 propter
1035 2439 1153 2463 eorum
1179 2428 1383 2463 celeriorem
1406 2428 1645 2463 liberationem

264 2499 324 2529 aut
350 2498 493 2539 propter
517 2497 670 2527 nostram
697 2494 960 2528 instructionem
988 2497 1048 2528 aut
1072 2497 1217 2538 propter
1243 2494 1367 2538 culpae
1403 2495 1436 2527 in
1464 2494 1540 2527 loco
1567 2504 1645 2537 per-

266 2561 494 2603 petrationem
528 2562 589 2592 aut
621 2562 765 2603 propter
798 2558 946 2604 alicujus
974 2560 1087 2593 sancti
1112 2560 1316 2592 orationem.
1366 2558 1477 2593 Primo
1504 2563 1646 2602 propter

265 2633 382 2655 eorum
408 2623 517 2657 levem
545 2624 770 2666 punitionem,
799 2626 888 2658 sicut
912 2624 1118 2669 quibusdam
1145 2623 1330 2658 secundum
1359 2622 1564 2668 Gregorium
1592 2635 1641 2658 re>

334 2699 360 2724 n
379 2698 430 2725 Ed,
450 2703 493 2727 l'r.
514 2700 599 2729 legit:
627 2702 689 2727 vv!
717 2702 877 2728 divitiis
903 2702 1107 2734 vellignis
1126 2701 1189 2729 vel
1210 2694 1346 2728 minues
