1742 3005
240 71 334 124 Cap.
362 72 514 109 XXXV.
575 73 633 110 De
658 73 804 123 jejunio
836 76 1016 121 quattuor
1047 78 1275 122 temporum.
1383 72 1457 111 153

75 187 137 214 uos
165 176 373 220 accendere3
399 180 435 211 ut
459 187 545 224 ergo
572 177 784 212 refrenemus
811 178 970 222 corporis
997 179 1142 217 aestum,
1169 177 1202 209 in
1223 174 1457 221 hoetempore

75 246 222 279 maxime
240 244 452 289 JeJunamus.
503 244 634 283 Quarta
661 246 733 284 est,
762 245 843 288 quia
863 244 979 277 statim
1006 245 1085 286 post
1102 242 1274 287 jeJunium
1296 241 1459 277 debemus

74 320 200 355 corpus
226 309 354 343 domini
379 310 549 353 accipere.
616 309 711 343 Sicut
737 319 822 354 ergo
849 309 910 342 lilii
934 308 1043 342 Israel
1071 308 1272 352 prinsquam
1301 308 1460 343 comede-

77 380 171 418 rent,
208 375 457 421 affligebantur
482 380 515 411 et
541 375 769 411 comedebant
792 377 952 419 agrestes
978 374 1131 408 lactucas
1157 377 1189 407 et
1216 384 1374 412 amaras,
1412 376 1461 408 ita

77 447 110 476 et
137 453 200 476 nos
229 441 392 476 debemus
418 452 480 487 per
504 443 750 486 poenitentiam
785 442 880 485 prius
908 439 1040 485 affligi.
1098 443 1132 472 ut
1161 438 1258 484 digni
1285 439 1460 475 valeamus

78 507 258 544 comedere
283 517 409 554 agnum
437 508 538 542 vitae.

603 823 729 884 GAP.
773 823 941 885 XXXV.

220 925 317 968 De
339 921 596 981 jejmlio
627 924 926 977 quattuor
951 924 1330 978 temporum.

172 1031 311 1075 Jejunia
338 1034 503 1076 quattuor
527 1034 716 1076 temporum
744 1043 765 1066 a
793 1032 930 1067 calixto
958 1043 1052 1078 papa
1078 1034 1237 1067 instituta
1262 1037 1359 1066 sunt:
1387 1033 1469 1066 liunt

84 1100 197 1130 autem
230 1095 316 1131 haec
348 1097 487 1142 jejunia
531 1101 655 1142 quater
692 1099 727 1131 in
766 1108 856 1132 anno
890 1098 1074 1134 secundum
1114 1102 1279 1142 quattuor
1315 1102 1470 1142 tempora

84 1163 194 1206 ipsius
219 1162 321 1204 anni,
348 1166 383 1197 et
407 1162 510 1208 hujus
534 1162 712 1208 multiplex
741 1168 794 1198 est
820 1166 924 1199 ratio.
971 1164 1086 1199 Prima
1111 1167 1183 1205 est,
1221 1165 1383 1208 quoniam
1414 1175 1472 1198 ver

84 1231 138 1263 cst
163 1227 311 1262 calidum
336 1231 370 1263 et
396 1227 591 1271 humidum,
622 1233 740 1263 aestas
765 1234 819 1263 est
843 1229 958 1264 calida
983 1234 1017 1264 et
1042 1232 1155 1271 sicca,
1181 1233 1383 1263 auctumnus
1412 1231 1472 1263 t'ri-

85 1293 189 1338 gidus
214 1297 248 1328 et
272 1295 397 1336 siccus,
425 1293 543 1338 hyems
573 1294 703 1340 frigida
727 1298 761 1328 et
786 1293 937 1329 humida.
985 1294 1188 1339 Jejunamus
1208 1296 1316 1340 igitur
1330 1296 1363 1328 in
1379 1305 1472 1332 vere,

87 1363 124 1393 ut
146 1360 286 1393 noxium
311 1358 501 1401 humorem,
528 1359 560 1392 id
589 1362 642 1393 est
661 1359 852 1401 luxuriam,
879 1361 913 1393 in
938 1358 1039 1393 nobis
1063 1363 1313 1404 temperemus3
1353 1362 1387 1393 in
1414 1370 1474 1395 ae-

88 1428 192 1468 state,
218 1428 255 1458 ut
279 1425 418 1458 noxium
444 1424 609 1466 calorem,
636 1423 669 1457 id
695 1428 760 1464 est,
789 1426 971 1458 avaritiam
997 1426 1031 1458 in
1056 1424 1156 1458 nobis
1182 1426 1415 1470 castigemus,
1442 1428 1474 1460 in

89 1494 271 1532 autumno,
303 1494 341 1523 ut
364 1490 576 1534 castigemus
605 1488 802 1523 ariditatem
828 1489 1037 1534 superbiam
1077 1491 1109 1522 in
1138 1489 1280 1534 hmine,
1308 1494 1345 1523 ut
1370 1493 1475 1524 casti-

89 1566 210 1602 gemus
236 1555 348 1601 frigus
374 1554 590 1589 infidelitatis
615 1558 648 1588 et
672 1554 838 1589 malitiae.
888 1555 1049 1589 Secunda
1074 1557 1164 1588 ratio
1191 1559 1256 1598 est⁷
1281 1566 1390 1600 quare
1410 1558 1477 1590 sci-

91 1623 172 1656 licet
194 1625 320 1666 quater
345 1621 378 1654 in
402 1631 492 1655 anno
515 1621 738 1666 JejunamuS,
788 1621 948 1664 quoniam
983 1622 1092 1665 prima
1123 1620 1322 1665 hujusmodi
1341 1622 1478 1666 jejunia

94 1689 175 1721 liunt
201 1688 234 1719 in
258 1685 410 1728 Martio,
460 1686 591 1721 scilieet
617 1687 651 1719 in
676 1687 788 1730 prima
813 1687 1009 1730 septimana
1034 1686 1349 1731 quadragesimae,
1384 1692 1419 1721 ut
1445 1689 1479 1722 in

95 1752 193 1786 nobis
218 1756 433 1786 marcescant
459 1752 554 1794 vitia,
581 1763 649 1786 non
674 1753 762 1786 enim
787 1753 925 1786 omnino
952 1756 1100 1796 possunt
1123 1753 1312 1797 exstingui,
1341 1753 1393 1787 vel
1418 1764 1479 1797 po-

96 1819 163 1852 lius
193 1823 230 1851 ut
255 1819 290 1851 in
314 1817 416 1852 nobis
443 1819 605 1852 virtutum
632 1818 789 1864 germina
811 1818 980 1852 oriantur.
1028 1817 1065 1851 In
1086 1821 1222 1852 aestate
1248 1818 1331 1851 liunt
1357 1829 1479 1853 secun-

96 1884 153 1925 da,
178 1887 214 1917 ut
240 1885 274 1917 in
301 1885 497 1928 septimana
522 1887 756 1929 pentecostes,
783 1885 865 1928 quia
890 1887 970 1917 tunc
998 1884 1090 1918 venit
1115 1884 1259 1928 spii-ltus
1284 1888 1424 1918 sanctus
1450 1890 1484 1919 et

97 1960 160 1983 nos
184 1948 349 1984 debemus
374 1960 453 1984 esse
478 1949 653 1985 ferventes
681 1951 715 1983 in
743 1951 867 1994 spiritu
899 1953 1031 1983 saneto.
1104 1948 1140 1983 In
1174 1947 1370 1993 Septembri
1401 1951 1485 1984 iiunt

98 2019 177 2050 ante
204 2015 327 2050 festum
351 2016 462 2049 sancti
485 2014 683 2057 Michaelis,
710 2015 744 2049 id
770 2019 824 2049 est
850 2017 955 2050 tertia
974 2015 1133 2059 Jejunia‚
1164 2015 1326 2059 quoniam
1352 2015 1484 2050 fructus

98 2085 177 2115 tunc
201 2080 412 2126 colliguntur
438 2084 472 2115 et
497 2091 560 2114 nos
587 2080 751 2115 debemus
778 2080 851 2115 Deo
877 2080 1025 2115 reddere
1054 2079 1186 2113 fructus
1213 2078 1382 2113 bonorum
1400 2090 1483 2125 ope-

101 2157 182 2180 rum.
240 2145 278 2180 In
304 2145 486 2181 Decembri
512 2146 595 2180 fiunt
630 2150 776 2191 quarta,
827 2147 988 2191 quoniam
1015 2149 1095 2179 tune
1122 2146 1315 2179 moriuntur
1340 2144 1485 2181 herbae.

101 2214 134 2244 et
158 2221 222 2244 nos
249 2210 412 2245 debemus
437 2211 637 2245 mortificari
662 2212 801 2248 mundo.
880 2211 1003 2246 Tertia
1031 2212 1121 2245 ratio
1147 2214 1222 2251 est,
1274 2214 1310 2244 ut
1333 2210 1487 2246 Judaeos

103 2277 282 2310 imitemur.
326 2275 451 2310 Judaei
477 2276 614 2322 quidem
640 2281 764 2322 quater
787 2278 822 2310 in
849 2287 938 2311 anno
958 2278 1190 2322 JeJunabant,
1235 2279 1315 2311 ante
1343 2275 1486 2321 pascha.

103 2344 183 2374 ante
207 2343 450 2384 pentecostes,
479 2345 559 2375 ante
585 2342 879 2388 scenophegiam,
905 2342 940 2376 id
966 2346 1019 2377 est
1045 2346 1124 2377 ante
1149 2342 1345 2375 infixionem
1372 2339 1487 2374 taber-

105 2405 216 2439 naculi
237 2406 271 2438 in
289 2404 497 2449 Septembri,
524 2410 558 2439 et
576 2410 655 2441 ante
674 2409 853 2449 encaenia,
873 2407 907 2440 id
919 2410 984 2448 est,
1005 2411 1084 2441 ante
1107 2406 1359 2441 dedicationem
1380 2405 1490 2440 inlJe-

103 2469 243 2505 cemhri.
294 2470 427 2510 Quarta
452 2471 541 2503 ratio
566 2474 641 2512 est,
687 2473 849 2516 quoniam
874 2470 976 2505 homo
1001 2474 1138 2505 constat
1164 2481 1206 2505 ex
1232 2473 1396 2515 quattuor
1420 2470 1489 2505 ele?

105 2537 227 2571 mentis
263 2539 426 2580 quantum
461 2535 504 2568 ad
538 2545 664 2579 corpus
700 2540 734 2570 et
768 2535 878 2569 tribus
912 2536 1096 2580 potentiis,
1149 2536 1281 2570 scilicet
1314 2536 1491 2576 rationali

105 2600 367 2645 concupiscibili
401 2605 434 2634 et
467 2600 634 2634 irascibili
663 2604 825 2645 quantum
850 2601 895 2634 ad
921 2601 1078 2635 animam.
1129 2600 1169 2636 Ut
1197 2612 1283 2647 ergo
1309 2601 1395 2636 haec
1421 2612 1489 2635 ιιιοἶ

107 2665 270 2701 derentur
294 2667 328 2699 in
356 2665 469 2705 nobis,
494 2670 617 2710 quater
643 2668 675 2700 in
703 2675 791 2700 anno
819 2676 879 2709 per
907 2670 976 2700 tres
1002 2666 1075 2701 (lies
1097 2667 1317 2712 Jejunamus,
1347 2671 1381 2702 ut
1408 2678 1491 2711 qua-
