1742 3005
42 79 138 129 Cap.
170 75 361 114 XXXVII.
401 74 463 112 De
493 73 757 126 purificatione
787 75 923 113 beatae
951 72 1096 111 Mariae
1128 72 1293 123 virginis.
1352 70 1430 110 159

42 184 172 220 LXXX
201 183 257 219 die
281 184 396 218 anima
420 186 457 218 ut
479 184 622 228 saepius
658 180 860 225 inspiratur.
917 178 1032 218 Quare
1067 180 1179 212 autem
1214 175 1320 221 dupio
1351 185 1427 209 eor--

39 254 113 295 pus'
137 249 285 284 feminae
320 248 456 282 tardius
490 247 667 292 perficitur
700 247 733 279 in
768 249 890 287 utero,
941 253 1043 289 quam
1078 252 1204 288 corpus
1240 242 1304 277 viri
1336 244 1371 276 et
1396 243 1427 276 ei

37 317 152 350 anima
183 314 395 355 infunditur,
447 315 586 348 omissis
619 310 814 346 rationibus
853 308 1071 344 naturalibus
1103 308 1230 353 triplex
1255 309 1345 342 ratio
1370 317 1427 342 as⁴

37 382 170 426 signari
207 384 335 424 potest.
407 378 542 421 Prima,
589 378 750 423 quoniam
793 375 952 410 Christus
993 378 1209 408 assumturus
1241 377 1317 408 erat
1350 384 1427 408 ear-

38 457 114 481 nem
148 447 182 479 in
219 455 305 480 sexu
339 445 451 487 virili,
500 449 536 479 ut
568 446 680 488 ipsum
715 451 835 476 sexum
860 439 1051 474 honoraret
1075 443 1109 474 et
1133 439 1335 484 ampliorem
1361 438 1428 474 sibi

42 513 192 558 gratiam
221 511 371 550 faceret,
424 509 552 551 voluit,
601 512 638 542 ut
673 517 760 553 puer
791 506 892 540 eitius
926 504 1137 539 formaretur
1170 509 1205 539 et
1237 510 1348 540 mater
1378 508 1426 540 ei-

37 579 105 611 tius
132 575 365 611 mundaretur.
417 573 579 609 Secunda
608 576 664 615 ut,
691 573 852 618 quoniam
878 570 1001 605 mulier
1028 570 1104 615 plus
1135 572 1294 615 peccavit
1325 581 1424 616 quam

38 644 102 682 vir,
129 643 179 676 sie
206 643 241 675 et
265 649 452 674 aerumnae
476 640 552 685 ejus
579 638 623 673 ab
650 638 825 673 aerumnis
856 637 921 670 viri
943 635 1142 681 duplicatae
1169 640 1249 670 sunt
1274 638 1427 671 exterius

36 710 69 741 in
95 705 233 747 mundo,
259 705 310 739 sio
335 709 372 740 ut
396 704 567 750 duplicari
593 703 787 739 debuerunt
812 704 958 737 interius
983 703 1017 736 in
1036 705 1148 736 utero.
1197 700 1322 736 Tertia
1344 712 1427 736 vero

34 783 96 818 per
128 771 194 806 hoc-
226 770 378 817 intelligi
410 770 533 813 detur,
587 769 680 815 quod
713 769 837 803 mulier
869 767 1123 813 quodammodo
1157 767 1235 812 plus
1263 767 1428 813 fatigavit

35 838 142 873 Deum
169 847 273 882 quam
298 838 364 878 vir,
393 846 437 871 ex
464 846 506 870 eo
531 835 625 881 quod
652 835 800 880 amplius
826 834 984 879 deliquit.
1032 833 1126 868 Deus
1152 834 1240 867 enim
1258 834 1424 878 quodam—

35 902 136 937 modo
167 904 203 936 in
237 903 367 936 nostris
402 902 523 946 pravis
559 899 725 945 operibus
758 900 951 945 fatigatur,
1000 898 1091 934 unde
1118 900 1195 944 ipse
1222 898 1304 933 dicit
1329 899 1424 933 Ysai.

35 968 181 1004 XLIll.:
218 968 352 1003 servire
377 978 430 1001 me
456 966 572 1001 fecisti
599 967 632 1000 in
661 967 816 1011 peccatis
839 966 920 999 tuis.
967 963 1012 999 Et
1037 966 1161 999 iterum
1189 964 1271 999 dicit
1302 966 1337 1009 ¹)
1364 976 1426 1010 per

32 1035 178 1070 Psalm.:
227 1033 388 1068 laboravi
410 1033 598 1067 sustinens.
668 1031 781 1067 Beata
807 1033 912 1077 igitur
938 1032 1038 1077 virgo
1064 1030 1142 1065 huic
1167 1030 1238 1076 legi
1262 1031 1424 1075 purifica-

31 1102 137 1135 tionis
161 1110 230 1134 non
255 1097 453 1139 tenebatur,
480 1099 563 1143 quia
586 1109 655 1132 non
679 1099 817 1143 peperit
841 1101 1006 1142 suscepto
1032 1098 1175 1138 semine,
1202 1096 1265 1131 sed
1287 1098 1423 1131 mistico

31 1166 230 1212 spiramine.
274 1163 372 1200 Unde
397 1162 542 1208 Moyses
567 1163 720 1197 addidit:
752 1167 916 1208 suscepto
942 1164 1095 1204 semine,
1122 1172 1196 1197 cum
1220 1166 1334 1197 tamen
1361 1173 1422 1197 ne-

30 1241 129 1266 cesse
163 1241 232 1265 non
266 1233 343 1265 erat
375 1233 540 1275 quantum
576 1229 621 1263 ad
654 1229 744 1263 alias
770 1229 954 1270 mulieres,
998 1238 1087 1273 quae
1115 1238 1233 1263 omnes
1259 1232 1423 1273 suscepto

31 1297 161 1332 semine
187 1297 346 1341 pariunt,
387 1294 451 1329 sed
474 1294 564 1329 ideo·
579 1294 733 1336 addidit,
771 1298 808 1328 ut
834 1293 918 1328 dicit
941 1293 1143 1328 Bernardus
1158 1320 1166 1336 ‚
1194 1295 1277 1339 quia
1296 1295 1422 1335 timuit,

31 1365 66 1396 in
92 1365 234 1396 matrem
260 1360 389 1394 domini
413 1359 664 1404 blasphemiam
690 1361 862 1405 irrogare.
932 1358 1052 1394 Voluit
1083 1363 1199 1394 tamen
1228 1360 1263 1393 in
1294 1358 1359 1393 hoc
1385 1369 1423 1394 se

32 1427 182 1462 subdere
207 1426 280 1472 legi
305 1430 450 1471 propter
475 1429 639 1471 quattuor
665 1426 832 1459 rationes.
879 1423 996 1459 Prima
1019 1426 1110 1459 ratio
1135 1429 1208 1467 est,
1244 1428 1281 1459 ut
1306 1435 1421 1459 exem-

31 1493 124 1538 plum
157 1491 362 1526 humilitatis
400 1491 522 1533 daret;
566 1489 658 1525 unde
693 1490 776 1523 dicit
804 1489 1025 1525 Bernardus:
1068 1500 1151 1525 vere
1175 1490 1282 1525 beata
1308 1491 1421 1535 virgo,

32 1569 99 1592 non
125 1556 235 1592 habes
267 1566 408 1591 eausam
443 1566 507 1591 nee
536 1555 601 1589 tihi
634 1566 722 1600 opus
756 1560 809 1590 est
842 1555 1106 1599 purificatione,
1160 1555 1221 1589 sed
1256 1555 1421 1600 numquid

29 1623 100 1657 tilio
127 1627 186 1657 tuo
213 1633 301 1668 opus
333 1624 411 1656 erat
442 1622 732 1656 circumcisione?
804 1620 890 1656 Esto
925 1622 1017 1655 inter
1049 1621 1210 1655 mulieres
1245 1624 1419 1665 tamquam

29 1691 100 1723 ima
133 1688 293 1729 illarum,
340 1697 418 1721 nam
444 1691 479 1721 et
508 1687 599 1721 filius
630 1690 710 1720 tuus
736 1687 785 1720 sic
811 1690 864 1721 est
888 1687 921 1719 in
943 1686 1057 1721 medio
1083 1697 1280 1731 puerorum.
1328 1686 1421 1720 llaec

30 1757 143 1789 autem
167 1752 344 1787 humilitas
373 1763 441 1787 non
467 1753 578 1787 solum
604 1752 670 1786 fuit
696 1763 739 1787 ex
766 1756 866 1797 parte
894 1753 1029 1795 matris,
1055 1752 1117 1786 sed
1144 1753 1248 1787 etiam
1265 1756 1420 1796 exparte

28 1819 111 1861 tilii,
153 1820 211 1863 qui
235 1818 395 1853 similiter
417 1818 526 1852 voluit
550 1828 589 1853 se
616 1819 650 1851 in
674 1816 740 1852 hoc
767 1817 917 1852 subdere
943 1817 1036 1863 legi,
1073 1828 1151 1851 nam
1176 1819 1211 1851 in
1236 1819 1420 1852 nativitate

29 1894 67 1918 se
94 1883 216 1918 hahuit
239 1887 277 1918 ut
299 1893 436 1929 pauper
458 1882 582 1926 homo,
632 1884 668 1918 in
693 1884 955 1918 circumcisione
980 1886 1016 1917 ut
1039 1893 1175 1928 pauper
1198 1887 1233 1919 et
1256 1887 1421 1929 peccator

29 1948 131 1983 homo
147 1975 155 1991 ‚
203 1948 267 1983 sed
289 1948 394 1984 hodie
418 1952 455 1983 ut
479 1959 614 1994 pauper
639 1953 674 1984 et
699 1952 863 1994 peccator
891 1953 925 1983 et
951 1959 1074 1984 servus
1098 1948 1221 1991 homo3
1270 1952 1307 1983 ut
1332 1959 1418 1993 pau-

28 2025 92 2059 per
116 2016 151 2048 in
175 2024 237 2056 eo,
286 2013 380 2059 quod
411 2014 623 2049 oblationem
652 2024 845 2059 pauperum
878 2015 1009 2061 elegit,
1053 2018 1090 2049 ut
1116 2018 1281 2059 peccator
1304 2015 1338 2047 in
1362 2024 1417 2056 eo,

28 2079 121 2125 quod
139 2080 216 2124 ipse
239 2088 315 2113 eum
338 2082 448 2114 matre
474 2079 583 2114 voluit
609 2081 757 2124 expiari,
785 2084 822 2114 ut
845 2090 968 2115 servus
986 2081 1022 2124 2)
1042 2084 1207 2126 quantum
1222 2080 1356 2114 seilicet
1374 2079 1417 2114 ad

27 2144 285 2180 similitudinem
309 2146 344 2178 in
369 2155 433 2188 eo,
477 2144 570 2190 quod
597 2145 704 2179 voluit
729 2145 852 2179 redimi
875 2149 910 2180 et
934 2147 1038 2180 etiam
1062 2145 1173 2180 voluit
1199 2145 1416 2190 postmodum

27 2209 212 2254 baptisari,
240 2221 309 2244 non
331 2214 479 2256 propter
502 2211 638 2256 culpam
663 2210 894 2257 purgandam,
921 2211 984 2246 sed
1009 2215 1154 2256 propter
1177 2211 1253 2256 ejus
1279 2210 1416 2245 humili-

26 2278 133 2309 tatem
158 2277 340 2310 maximam
364 2275 626 2311 ostendendam.
662 2276 750 2311 Nam
775 2278 891 2311 omnia
917 2276 1072 2312 remedia
1097 2280 1219 2311 contra
1243 2275 1416 2320 originale

28 2343 206 2384 peccatum
230 2340 389 2374 instituta
412 2340 571 2376 Christus
596 2343 631 2375 in
660 2352 697 2377 se
719 2352 898 2377 assumere
925 2342 1052 2382 voluit,
1077 2351 1147 2375 non
1173 2342 1255 2385 quia
1278 2340 1415 2384 aliqua-

25 2409 127 2439 tenus
149 2403 346 2450 indigeret,
393 2405 456 2440 sed
479 2410 518 2440 ut
540 2406 770 2442 humilitatem
796 2417 894 2441 suam
917 2407 1100 2440 maximam
1124 2404 1227 2439 nobis
1252 2404 1414 2439 ostende-

26 2474 80 2505 ret
112 2474 147 2504 et
179 2473 216 2504 ut
253 2469 316 2503 illa
350 2470 506 2504 remedia
541 2482 605 2515 pro
639 2475 796 2516 tempore
830 2481 894 2506 suo
923 2470 1018 2504 hona
1050 2470 1160 2504 fuisse
1191 2473 1414 2504 monstraret.

29 2534 188 2580 Quinque
215 2536 305 2570 enim
329 2534 485 2569 remedia
509 2539 632 2570 contra
655 2537 767 2581 ipsum
792 2535 966 2582 originale
991 2538 1168 2580 peccatum
1189 2545 1252 2580 per
1270 2545 1412 2580 proees-

92 2680 121 2714 1)
145 2679 206 2707 Alii
224 2679 341 2713 legunt:
367 2679 565 2708 sei-emine
585 2682 640 2707 Vl.
727 2680 756 2713 2)
774 2679 875 2706 Verba
894 2683 1076 2713 quantum
1097 2694 1127 2700 -
1147 2679 1185 2707 in
1203 2679 1299 2708 omitt.
1317 2682 1387 2708 Rec.
