1742 3005
268 118 348 158 802
464 118 558 165 Cap.
589 114 786 151 CLXXW.
837 113 896 149 De
927 121 1058 149 sancto
1088 114 1232 150 Jacobo
1264 115 1453 153 interciso.

269 222 374 267 pilius
415 218 541 262 capitis
580 226 647 250 non
688 215 835 260 peribit,
870 219 999 261 quanto
1034 217 1145 250 minus
1178 225 1199 250 a
1232 219 1338 251 sociis
1369 219 1459 259 tuis,
1502 220 1650 256 minime,

269 283 522 330 separaberis?
569 281 773 316 Absciditur
798 281 972 316 secundus
989 285 1022 316 et
1041 281 1193 316 Jacobus
1219 283 1288 316 ait:
1317 283 1484 317 destruite
1503 288 1651 318 veterem

270 352 418 391 domum,
446 349 528 393 quia
554 345 775 392 splendidior
800 351 957 392 paratur.
1003 346 1211 381 Absciditur
1234 349 1378 389 tertius;
1405 348 1455 381 ait
1477 347 1649 383 Jacobus:

268 414 488 455 tunsionibus
509 412 665 447 firmatur
692 414 844 454 ¹)incus.
895 412 1102 447 Absciditur
1121 416 1154 447 et
1178 417 1323 458 quartus
1349 417 1383 448 et
1402 414 1468 446 ait:
1494 414 1653 448 conforta

267 492 340 523 me,
366 480 461 515 Deus
487 479 665 519 veritatis,
693 479 855 523 quoniam
882 480 915 512 in
940 482 976 512 te
1001 477 1142 512 contidit
1167 479 1281 512 anima
1309 488 1385 513 mea
1411 482 1444 512 et
1471 479 1504 512 in
1533 478 1653 513 umbra

268 548 402 582 alarum
434 548 569 579 tuarum
604 543 777 588 sperabo,
822 543 933 578 donee
966 547 1124 578 transeat
1157 544 1334 588 iniquitas.
1384 543 1588 578 Absciditur
1620 548 1654 579 et

270 614 409 658 quintus
452 613 486 645 et
526 611 592 643 ait:
646 619 727 644 eece
770 619 823 644 me
863 609 947 650 tibi,
996 608 1155 650 domine,
1198 609 1336 643 immolo
1378 610 1498 643 vicies.
1555 609 1654 644 Tunc

268 677 477 712 accedentes
502 674 625 720 pedem
650 674 806 708 dextrum
833 673 1060 708 absciderunt
1085 678 1120 709 et
1145 673 1231 707 dixit
1252 673 1424 709 Jacobus:
1452 685 1540 709 nunc
1565 675 1652 710 offe-

268 753 342 777 ram
368 751 490 775 munus
517 739 663 773 coelesti
688 740 784 784 regi,
817 749 881 782 pro
913 740 1013 783 cujus
1047 749 1164 773 amore
1191 738 1277 773 haee
1304 741 1430 784 patior.
1479 740 1653 775 Abscide-

267 812 347 844 runt
378 811 411 842 et
435 804 558 851 pedem
584 804 761 838 sinistrum
788 807 821 837 et
851 803 975 837 beatus
1002 803 1157 839 Jacobus
1185 803 1289 837 dixit:
1322 808 1359 838 tu
1386 816 1444 848 es,
1479 808 1535 851 qni
1566 806 1652 840 sacis

269 873 463 913 mirabilia,
490 869 616 906 exaudi
643 880 714 911 me,
746 868 904 911 domine,
939 872 974 903 et
999 869 1099 903 salva
1124 879 1190 904 me.
1236 868 1472 904 Absciderunt
1497 871 1652 905 dextram

268 949 403 975 manum
440 941 475 971 et
514 937 582 969 ait:
623 934 887 969 misericordiae
926 938 1026 976 tuae,
1071 934 1228 976 domine,
1268 934 1435 979 adjuvent
1478 946 1544 972 me.
1599 937 1652 970 Ad

268 1006 446 1040 sinistram
473 1003 538 1035 ait:
565 1005 601 1034 tu
628 1011 666 1035 es
693 1000 800 1042 Deus,
827 1001 884 1044 qui
906 1000 992 1034 sacis
1012 999 1198 1034 mirabilia.
1247 1000 1481 1035 Absciderunt
1497 1001 1652 1035 dextrum

268 1068 450 1104 brachium
477 1070 511 1101 et
537 1068 607 1100 ait:
642 1065 768 1107 lauda,
803 1067 919 1099 anima
942 1075 1036 1108 mea,
1073 1065 1264 1106 dominum,
1299 1065 1454 1100 laudabo
1482 1066 1653 1100 dominum

268 1138 305 1170 in
335 1135 409 1169 vita
441 1142 536 1173 mea,
573 1131 721 1176 psallam
751 1130 825 1165 Deo
860 1141 956 1172 meo,
994 1131 1157 1175 quamdin
1189 1130 1301 1167 suero.
1349 1131 1586 1166 Absciderunt
1621 1137 1655 1167 et

267 1199 449 1236 brachium
481 1197 659 1231 sinistrum
693 1199 728 1230 et
762 1197 828 1230 ait:
862 1196 1162 1230 circunulederunt
1193 1207 1245 1231 me
1281 1197 1422 1232 dolores
1448 1199 1588 1239 mortis,
1620 1199 1653 1231 in

268 1267 406 1301 nomine
442 1263 572 1297 domini
612 1261 817 1296 vindicabor
852 1263 885 1295 in
921 1250 977 1297 iis.
1036 1260 1135 1295 Tune
1179 1262 1386 1297 accedentes
1427 1262 1654 1297 absciderunt

269 1341 383 1367 suram
411 1329 525 1364 dextri
550 1328 683 1369 cruris,
715 1326 913 1362 scindentes
938 1337 1050 1372 usque
1075 1327 1120 1361 ad
1149 1326 1268 1362 femur.
1319 1327 1416 1361 Tunc
1442 1328 1567 1363 beatus
1592 1328 1653 1363 Ja-

269 1397 378 1433 cobus
403 1394 574 1429 ineffabili
597 1392 720 1427 dolore
737 1396 906 1438 gravatus
927 1393 1124 1427 exclamans
1144 1394 1212 1427 ait:
1240 1392 1378 1427 domine
1396 1393 1481 1428 Jesu
1503 1393 1651 1435 Christe,

268 1464 399 1508 adjilva
422 1471 493 1502 me,
526 1460 608 1504 quia
632 1457 933 1493 circumdederunt
957 1469 1010 1494 me
1036 1460 1186 1504 gemitus
1211 1460 1344 1492 mortis.
1393 1457 1436 1493 Et
1460 1460 1510 1493 ait
1537 1461 1651 1493 carni-

267 1528 412 1562 ficibus:
446 1535 548 1560 carne
582 1533 673 1558 nova
699 1533 753 1558 me
780 1523 938 1559 dominus
967 1524 1108 1567 induet,
1140 1534 1241 1569 quam
1267 1528 1385 1559 vestra
1410 1525 1554 1560 vulnera
1578 1535 1651 1559 ma-

269 1593 387 1628 culare
430 1590 632 1635 nequibunt.
683 1589 757 1624 Jam
799 1591 981 1625 carnifices
1016 1590 1242 1631 defecerant,
1287 1600 1328 1625 eo
1363 1590 1456 1635 quod
1490 1600 1511 1625 a
1541 1592 1652 1636 prima

267 1659 357 1693 bora
387 1656 457 1691 diei
488 1666 599 1701 usque
633 1657 676 1691 ad
717 1660 887 1698 ²)nonam
921 1659 955 1691 in
987 1658 1064 1702 njus,
1099 1657 1269 1691 incisione
1304 1655 1502 1690 sudassent.
1551 1655 1652 1690 Tunc

267 1727 390 1759 iterum
417 1721 626 1756 accedentes
653 1723 786 1756 sinistri
812 1723 923 1755 cruris
949 1732 1065 1755 suram
1093 1721 1308 1757 abscidendo
1334 1731 1445 1766 usque
1470 1721 1516 1755 ad
1543 1721 1653 1756 femur

268 1791 504 1823 extraxerunt.
554 1786 654 1822 Tunc
671 1787 871 1822 exclamans
897 1787 1021 1822 beatus
1046 1786 1200 1823 Jacobus
1227 1787 1333 1821 dixit:
1367 1786 1565 1820 dominator
1589 1786 1651 1820 do-

267 1856 370 1895 mine,
397 1852 524 1887 exaudi
551 1863 603 1887 me
628 1854 848 1894 semivivum,
876 1854 1030 1886 vivorum
1056 1856 1089 1887 et
1114 1856 1324 1886 mortuorum
1350 1851 1526 1893 dominus;
1557 1850 1649 1896 digi-

266 1925 344 1961 tOS,
369 1918 526 1958 domine,
553 1928 621 1951 non
646 1917 784 1959 habeo,
809 1921 846 1950 ut
870 1918 967 1961 ipsos
996 1917 1038 1950 ad
1065 1921 1099 1951 te
1124 1918 1322 1961 porrigam,
1347 1926 1409 1950 nec
1434 1925 1577 1957 manus,
1614 1921 1651 1950 ut

266 1995 327 2020 eas
353 1983 397 2018 ad
423 1987 456 2017 te
482 1982 685 2024 extendam,
712 1982 822 2026 pedes
847 1984 911 2016 mei
936 1984 1087 2016 truncati
1113 1986 1147 2016 et
1171 1991 1287 2027 genua
1312 1981 1496 2023 demolita,
1522 1984 1560 2015 ut
1584 1981 1647 2015 tibi

264 2059 383 2096 genua
410 2049 549 2082 flectere
577 2057 645 2080 non
680 2046 833 2087 valeam,
858 2050 906 2095 Γι3ῐ
937 2056 1011 2080 sum
1046 2046 1140 2081 velut
1171 2054 1298 2080 casura
1341 2045 1463 2079 domus
1505 2045 1648 2088 ablatis,

264 2114 392 2160 quibus
426 2115 661 2154 sustentatur,
698 2111 885 2150 columnis3
934 2111 1061 2145 exaudi
1093 2122 1162 2153 me,
1202 2110 1340 2145 domine
1373 2110 1458 2145 Jesu
1496 2111 1647 2154 Christe,

264 2185 300 2215 et
333 2179 422 2214 educ
453 2178 496 2213 de
524 2187 665 2212 carcere
697 2178 855 2210 animam.
905 2175 998 2211 Haec
1024 2187 1098 2211 cum
1123 2176 1294 2219 dixisset,
1330 2187 1416 2211 unus
1441 2175 1484 2211 de
1507 2175 1646 2210 carnifi-

262 2244 363 2279 cibus
398 2244 550 2277 aecessit
583 2246 616 2277 et
650 2246 754 2287 caput
787 2242 863 2287 ejits
895 2243 1099 2286 amputavit.
1149 2241 1339 2276 Christiani
1371 2242 1479 2287 igitur
1511 2241 1647 2276 occulte

263 2311 489 2344 accesserunt
513 2312 547 2342 et
576 2318 702 2352 eorpus
730 2308 806 2352 eJus
833 2308 1010 2351 rapientes
1031 2306 1222 2342 honorifice
1241 2307 1484 2352 sepelierunt.>
1516 2306 1647 2341 Passus

264 2378 319 2410 est
344 2378 458 2409 autem
484 2373 514 2407 V
538 2372 678 2409 calend.
704 2371 926 2407 Decembres.

331 2519 360 2551 1)
378 2516 431 2545 Ed.
451 2520 494 2544 Pr.
517 2515 604 2549 logii:
626 2525 740 2543 mens.
845 2516 874 2549 2)
893 2514 952 2542 Alii
971 2514 1087 2548 legunt:
1108 2525 1256 2544 novam.
