1742 3005
263 153 343 193 244
536 153 630 203 Cap.
665 152 762 190 L1V.
821 152 881 189 De
912 152 1188 191 resurrectione
1218 151 1374 189 domini.

266 260 460 306 agilitatem
486 257 617 292 saliens
640 257 750 292 exivit
778 267 799 291 a
823 257 926 292 nobis
951 260 997 300 et,
1027 267 1101 292 cuin
1128 258 1217 293 haec
1242 258 1456 304 loqueretur,
1484 255 1579 291 saeta
1604 259 1657 291 est

264 337 332 360 vox
356 330 392 359 ut
414 325 602 358 tonitruum
625 323 764 358 dicens:
797 323 910 358 tollite
938 327 1058 368 portas
1093 324 1270 369 principes
1306 329 1442 359 vestras
1468 327 1503 358 et
1536 323 1655 358 eleva-

264 392 347 426 mini
374 395 497 436 portae
512 389 710 425 aeternales
737 392 771 423 et
789 389 950 423 introibit
974 400 1034 425 rex
1051 389 1200 435 gloriae.
1248 389 1302 424 Ad
1323 389 1412 424 lianc
1433 400 1551 424 vocem
1575 399 1657 423 con-

266 460 446 493 currerunt
470 455 657 490 daemones
688 458 722 489 et
747 456 839 489 ostia
864 464 975 490 aenea
1001 466 1075 490 eum
1102 455 1261 490 vectibus
1294 455 1418 490 ferreis
1446 455 1657 490 clauserunt.

267 524 369 559 Tune
395 522 483 556 dixit
511 521 689 566 ¹)David:
715 531 828 556 nonne
850 531 919 567 ego
937 521 1148 566 prophetavi
1177 521 1317 556 dicens:
1346 520 1574 555 confiteantur
1595 520 1658 554 do-

269 591 359 625 mino
387 593 472 630 ete,
512 588 594 633 quia
619 588 783 622 contrivit
806 591 928 632 portas
953 598 1083 622 aeneas
1111 592 1175 623 eto.
1233 586 1342 622 Facta
1366 590 1421 621 est
1444 587 1567 620 iterum
1591 596 1658 620 vox

268 657 417 691 maxima
450 654 590 689 dicens:
624 653 737 687 tollite
773 658 894 697 portas
923 657 989 688 etc.
1038 653 1167 688 Videns
1201 653 1356 694 inferus,
1397 651 1491 698 quod
1523 650 1658 685 duabus

266 724 401 756 vicibus
427 721 650 757 clamaverat,
671 719 772 763 quasi
798 719 965 764 ignorans
993 719 1099 754 dixit:
1128 721 1206 765 quis
1232 723 1286 754 est
1312 720 1378 753 iste
1405 729 1467 753 rex
1488 718 1626 763 gloriae
1642 718 1658 747 ἶ)

269 789 376 829 ²)Cui
397 785 540 820 Daniel:
569 784 727 818 dominus
755 784 856 817 fortis
887 788 921 818 et
945 789 1090 829 potens,
1119 785 1276 819 dominus
1302 789 1425 830 potens
1448 785 1481 818 in
1509 776 1657 828 proelio,

266 854 342 897 ipse
367 856 421 886 est
445 861 506 885 rex
532 850 680 895 gloriae.
731 848 831 883 Tune
857 860 918 884 rex
937 850 1074 895 gloriae
1101 852 1304 895 supervenit
1324 854 1358 884 et
1373 853 1535 884 aeternas
1560 853 1658 883 tene-

267 919 350 952 bras
384 917 573 951 illustravit
607 920 640 950 et
673 915 863 950 extendens
910 914 1068 949 dominus
1101 926 1237 950 manum
1271 919 1305 950 et
1339 919 1462 950 tenens
1502 913 1658 949 dextram

267 983 365 1018 Adae
388 983 494 1016 dixit:
520 991 588 1026 pax
613 980 679 1015 tibi
704 991 778 1015 cuin
805 980 964 1015 omnibus
993 980 1074 1016 filiis
1099 983 1168 1016 tuis
1189 983 1298 1028 Justis
1323 983 1423 1024 meis,
1450 985 1484 1016 et
1508 981 1657 1015 adscen-

266 1049 317 1083 dit
340 1049 498 1083 dominus
531 1047 574 1081 ab
601 1046 723 1082 inferis
754 1050 788 1081 et
821 1057 938 1081 omnes
966 1049 1076 1082 sancti
1104 1053 1183 1082 sunt
1217 1059 1292 1083 eum
1320 1048 1444 1083 secuti.
1492 1047 1658 1082 Dominus

265 1118 379 1149 autem
412 1118 534 1148 tenens
567 1123 701 1146 manum
727 1112 825 1147 Adae
855 1112 1003 1147 tradidit
1035 1113 1203 1149 Michaeli
1241 1113 1455 1160 archangelo
1488 1117 1521 1148 et
1549 1114 1658 1146 intro-

266 1179 365 1214 duxit
390 1190 450 1214 eos
477 1180 513 1213 in
540 1177 763 1223 paradisum,
789 1177 915 1223 quihus
943 1184 1169 1214 occurrerunt
1193 1179 1260 1214 duo
1285 1180 1351 1215 viri
1371 1180 1499 1215 vetusti
1524 1178 1657 1213 dierum

266 1249 301 1280 et
325 1246 534 1291 interrogati
562 1248 641 1279 sunt
671 1254 692 1278 a
715 1244 865 1278 sanctis:
901 1245 961 1289 qui
985 1246 1070 1279 estis
1108 1256 1188 1288 vos,
1223 1247 1283 1291 qui
1314 1245 1496 1280 nobiscum
1532 1245 1566 1278 in
1605 1245 1656 1277 in—

266 1311 351 1346 seris
381 1312 508 1345 mortui
533 1309 682 1344 nondum
714 1309 829 1343 fuistis
857 1314 892 1344 et
918 1310 952 1344 in
985 1309 1152 1354 paradiso
1180 1321 1327 1356 corpore
1354 1311 1518 1346 collocati
1543 1310 1659 1345 estis?

264 1376 309 1412 Et
336 1375 520 1421 respondit
543 1386 631 1410 unus
657 1386 700 1410 ex
724 1376 787 1409 iis:
815 1385 882 1421 ego
909 1385 982 1410 sum
1010 1375 1155 1419 Enoch,
1192 1378 1251 1422 qui
1274 1376 1331 1411 hic
1355 1377 1546 1411 translatus
1572 1387 1658 1417 suin,

265 1443 321 1478 hic
348 1447 461 1478 autem
489 1446 543 1477 est
566 1441 685 1484 Elias,
724 1443 782 1486 qui
808 1440 876 1475 huo
904 1451 1007 1475 curru
1031 1443 1136 1488 igneo
1160 1447 1334 1477 assumtus
1363 1447 1437 1485 est,
1477 1447 1511 1478 et
1545 1442 1659 1477 adhue

266 1514 409 1544 mortem
436 1520 505 1543 non
530 1509 766 1554 gustavimus,
807 1507 869 1542 sed
902 1508 937 1542 in
962 1507 1146 1543 adventum
1173 1508 1381 1544 Antichristi
1406 1510 1577 1544 reservati
1601 1518 1660 1542 su-

267 1585 341 1609 mus
368 1584 441 1608 cum
467 1584 509 1609 eo
536 1574 745 1619 proeliaturi
783 1577 817 1608 et
840 1572 883 1608 ab
915 1584 956 1608 eo
982 1573 1166 1609 occidendi
1199 1579 1233 1610 et
1257 1580 1337 1620 post
1369 1575 1520 1610 triduum
1547 1579 1581 1610 et
1605 1573 1658 1607 di-

268 1639 407 1674 midium
433 1632 523 1674 dmm
548 1641 581 1674 in
607 1640 756 1675 nubibus
782 1639 993 1675 assumendi.
1040 1639 1085 1675 Et
1109 1640 1297 1676 cum'haee
1325 1641 1468 1683 diceret,
1496 1651 1575 1676 ecce
1601 1651 1660 1675 su-

270 1707 429 1751 pervenit
464 1705 553 1740 alius
587 1707 640 1740 vir
674 1710 818 1751 portans
852 1707 886 1740 in
921 1706 1074 1742 humeris
1115 1709 1228 1742 crucis
1264 1709 1421 1754 signum,
1463 1708 1520 1752 qni
1554 1708 1661 1742 inter-

271 1776 429 1817 rogatus,
457 1773 534 1818 quis
560 1776 667 1814 esset,
695 1771 800 1806 dixit:
826 1783 893 1818 ego
915 1773 1004 1807 latro
1027 1772 1076 1807 sui
1098 1777 1131 1808 et
1155 1783 1229 1807 cuin
1248 1772 1530 1808 Jesucrucilixus
1555 1772 1604 1806 sui
1629 1776 1664 1808 et

271 1836 405 1872 credidi
430 1839 542 1882 ipsum
567 1848 646 1873 esse
671 1841 863 1873 creatorem
890 1841 924 1873 et
950 1840 1046 1872 oravi
1076 1837 1213 1873 dicens:
1241 1849 1370 1873 memor
1394 1844 1470 1873 esto
1492 1840 1570 1881 mei,
1599 1837 1662 1872 do-

272 1905 379 1943 mine,
414 1903 553 1949 quando
583 1905 719 1939 veneris
743 1905 777 1937 in
803 1914 944 1950 regnum
972 1908 1088 1946 tuuni3
1114 1908 1196 1938 tunc
1221 1904 1309 1938 dixit
1334 1903 1434 1938 milii:
1461 1914 1560 1939 amen
1585 1905 1663 1938 dico

270 1970 346 2010 tihi,
376 1969 481 2004 hodie
502 1980 631 2004 mecum
654 1971 723 2004 eris
740 1971 774 2003 in
796 1970 973 2015 paradiso,
1001 1975 1036 2005 et
1054 1969 1149 2004 dedit
1170 1969 1249 2003 mihi
1278 1969 1370 2004 istud
1387 1971 1500 2004 crucis
1527 1972 1662 2016 signum

272 2034 413 2069 dicens:
439 2034 505 2069 lioc
532 2039 674 2079 portans
699 2035 839 2069 ambula
861 2037 895 2069 in
920 2036 1121 2081 paradisum
1148 2039 1182 2070 et
1205 2037 1235 2070 si
1260 2046 1328 2069 non
1353 2034 1525 2070 dimiserit
1549 2040 1584 2071 te
1609 2038 1662 2070 in-

272 2100 373 2145 gredi
401 2100 549 2146 angelus
576 2105 694 2134 eustos
721 2101 898 2145 paradisi,
933 2101 1080 2136 ostende
1110 2101 1162 2135 illi
1195 2102 1332 2147 signum
1357 2103 1470 2136 erucis
1503 2105 1538 2136 et
1569 2101 1665 2136 dices

272 2166 317 2200 ad
345 2166 450 2207 illum,
477 2167 560 2212 quia
587 2166 763 2209 Christus,
789 2168 846 2212 qui
873 2178 962 2202 nunc
987 2168 1171 2202 crucifixus
1199 2170 1264 2209 est,
1292 2168 1485 2201 transmisit
1510 2177 1574 2202 me.
1620 2166 1666 2201 At

276 2242 349 2265 cum
376 2231 443 2265 hoc
468 2231 628 2267 fecIssem
651 2237 684 2268 et
709 2233 873 2269 dixissem
899 2234 1039 2279 angelo9
1066 2235 1180 2268 statim
1205 2233 1366 2277 aperiens
1397 2231 1590 2265 introduxit
1613 2242 1666 2267 me

276 2300 310 2331 et
333 2296 376 2330 ad
402 2296 558 2331 dextram
581 2298 739 2342 paradisi
769 2300 958 2333 collocavit
982 2309 1046 2334 nie.
1095 2298 1178 2332 Cum
1204 2297 1269 2331 lioc
1287 2297 1434 2332 Carinus
1459 2301 1493 2331 et
1517 2295 1667 2331 Leucius

276 2362 385 2396 locuti
410 2363 578 2405 fuissent,
620 2363 736 2397 subito
761 2364 1003 2410 transfigurati
1029 2368 1109 2399 sunt
1148 2367 1182 2398 et
1209 2362 1358 2407 amplius
1384 2363 1451 2396 visi
1486 2373 1554 2396 non
1577 2366 1665 2397 sunt.

278 2426 472 2473 Gregorius
505 2439 642 2475 quoque
673 2429 852 2474 Nyssenus
890 2430 944 2464 vel
980 2429 1170 2465 secundum
1204 2427 1374 2473 quosdam
1409 2427 1518 2462 libros
1534 2427 1568 2472 ³)
1594 2426 1665 2461 Au-

278 2495 439 2538 gustinus
477 2493 519 2528 de
553 2494 620 2528 hoc
655 2494 777 2530 eodem
803 2497 853 2530 sic
886 2497 953 2530 ait:
993 2495 1176 2530 confestim
1203 2498 1347 2529 aeterna
1379 2503 1448 2526 nox
1480 2492 1666 2526 inferorum

280 2558 418 2593 Christo
447 2559 680 2596 descendente
706 2560 936 2606 resplenduit,
963 2572 1041 2596 mox
1070 2560 1263 2607 ferruginei
1283 2559 1458 2604 ¹janitores
1475 2556 1560 2591 talia
1580 2556 1669 2591 inter

352 2727 378 2759 ¹)
399 2727 449 2754 ¹⁷³¹.
470 2732 512 2756 ΙΤ.
532 2729 616 2759 legit:
638 2729 783 2757 Danivl.
887 2730 915 2762 2)
934 2728 1048 2755 Verba:
1069 2726 1132 2753 Cui
1151 2740 1181 2746 —
1201 2723 1328 2757 gloria
1340 2734 1354 2749 ι·
1374 2723 1480 2750 desunt
1502 2723 1531 2749 iu
1551 2722 1603 2751 Ed.
1623 2726 1667 2749 i‘r.

285 2770 311 2801 J)
332 2770 383 2798 lul.
403 2774 445 2797 Γπ.
466 2771 562 2799 minus
582 2779 676 2800 recte:
697 2779 731 2800 vt
754 2773 992 2805 Augustinus
1013 2770 1223 2799 secundum
1250 2768 1438 2802 quosdam
1459 2766 1594 2794 libros.
