1742 3005
311 78 407 126 Cap.
440 76 542 113 Clx.
600 75 658 112 De
697 82 828 111 sancto
858 73 972 110 Petro
1003 73 1053 110 ad
1084 72 1242 108 vincula.
1386 70 1468 109 457

84 180 226 216 Hermes
258 180 365 214 dixit:
411 186 447 215 et
475 191 542 225 ego
578 186 659 214 ante
695 179 760 213 lios
793 189 902 213 annos
935 178 1021 212 baec
1051 179 1166 212 omnia
1198 177 1397 212 deridebam
1437 183 1470 212 et

83 246 172 280 hanc
188 248 291 281 vitam
307 246 418 280 solam
440 256 519 281 esse
545 245 722 291 putabam.
770 244 963 288 Respondit
983 244 1166 283 Quirinus:
1195 243 1251 276 fac
1276 254 1360 288 ergo
1386 255 1468 288 pro-

84 312 167 346 bare
187 322 250 353 me,
290 311 381 357 quod
401 312 504 345 aliani
533 313 637 345 vitam
663 312 801 344 noveris
827 320 906 343 esse
934 313 967 343 et
991 310 1154 342 continuo
1184 308 1265 342 fidei
1291 313 1370 342 tuae
1397 309 1469 343 dis-

85 376 235 421 cipulum
260 388 312 411 me
340 376 501 411 habebis.
551 378 614 411 Cui
639 376 780 410 Hermes
807 374 912 407 dixit:
948 377 1087 407 sanctus
1118 373 1336 415 Alexander,
1370 386 1470 420 quem

83 446 183 476 tenes
208 444 241 475 in
269 442 427 482 vinculis,
457 443 532 486 ipse
559 441 625 474 hoc
651 441 772 474 melius
797 444 831 473 te
859 437 1009 472 docebit.
1060 437 1160 471 Tunc-
1181 438 1343 476 Quirinus
1363 442 1471 475 male-

86 507 206 541 dicens
232 507 378 541 Hermen
403 508 470 540 ait:
514 517 580 551 ego
616 505 687 538 dixi
718 505 804 545 tibi,
842 509 878 538 ut
909 514 961 537 ine
988 502 1139 547 probare
1166 502 1301 538 faceres
1335 506 1411 547 boc,
1439 512 1473 541 et

85 582 174 606 nunc
205 583 257 606 me
290 572 396 604 mittis
432 570 477 604 ad
511 571 767 612 Alexandrum,
800 581 898 614 quem
933 580 995 613 pro
1033 569 1105 601 suis
1142 569 1337 604 sceleribus
1371 577 1472 607 teneo

85 637 304 670 vinculatum.
351 635 594 670 Verumtamen
622 646 728 681 super
751 641 785 670 te
814 640 847 670 et
872 634 1107 669 Alexandrum
1137 635 1329 670 custodiam
1357 637 1473 682 dupli-

83 702 171 737 cabo
198 706 233 736 et
257 703 287 735 si
313 703 424 746 ipsum
450 706 562 736 tecum
590 702 641 736 vel
669 706 702 735 te
727 713 800 735 cum
829 702 905 745 ipso
934 702 1088 734 invenire
1109 705 1243 744 potem,
1273 713 1352 737 vere
1375 704 1473 739 iidem

84 769 153 802 tuis
184 772 217 801 et
241 768 318 812 ejus
346 766 448 801 dictis
477 767 529 802 vel
563 767 781 801 sermonibus
817 765 1007 802 adhibebo,
1054 765 1170 804 Fecit,
1197 767 1288 811 quod
1315 768 1412 810 dixit,
1442 776 1475 804 et

86 833 287 868 Alexandro
328 832 393 866 hoc
432 832 574 867 Hermes
616 834 774 876 protinus
820 832 1000 865 indicavit.
1051 831 1179 865 Orante
1212 833 1319 877 igitur
1353 840 1474 868 sancto

85 897 287 932 Alexandro
321 898 469 943 angelus
494 898 538 931 ad
564 908 637 931 eum
666 899 757 932 venit
783 902 817 931 et
843 899 952 941 ipsum
981 897 1023 930 ad
1048 897 1196 932 Hermen
1232 899 1263 931 in
1300 909 1475 934 carcerem

88 962 185 997 duxit
219 968 253 998 et
284 965 464 997 inveniens
499 974 560 997 eos
598 963 763 1002 Quirinus
795 963 933 996 insimul
968 963 1149 1007 plurimum
1186 962 1378 998 admiratus
1412 971 1475 1003 est,

88 1033 122 1063 et
148 1039 222 1062 cum
247 1028 389 1063 Hermes
415 1028 558 1068 Quirino
585 1033 763 1070 narraret,
800 1028 972 1073 quomodo
1008 1029 1208 1063 Alexander
1241 1029 1344 1063 lilium
1379 1042 1475 1065 suum

86 1098 254 1128 mortuum
281 1095 507 1135 suscitasset,
534 1094 622 1127 dixit
647 1093 848 1128 Alexandro
876 1094 1060 1132 Quirinus:
1086 1094 1199 1128 liabeo
1228 1095 1330 1129 liliam
1358 1102 1475 1142 guttu-v

87 1169 202 1193 rosam
228 1160 365 1194 nomine
389 1159 596 1202 Balbinam,
635 1161 799 1204 promitto
831 1160 939 1201 iegitur
970 1170 1022 1193 me
1058 1164 1148 1193 tuam
1179 1162 1337 1204 recipere
1365 1163 1476 1201 iidem,

87 1226 119 1258 si
153 1224 245 1260 filiae
289 1235 388 1260 meae
421 1227 610 1269 impetrare
643 1226 775 1270 poteris
820 1224 978 1258 salutem.
1029 1225 1091 1258 (lui
1127 1225 1346 1260 Alexander:
1391 1230 1478 1263 vade

87 1292 190 1325 citius
226 1296 260 1325 et
293 1292 405 1335 ipsam
441 1290 484 1324 ad
510 1301 684 1325 carcerem
711 1301 819 1324 meum
854 1290 1028 1325 adducito.
1087 1277 1149 1324 (VJ—ui
1182 1291 1269 1325 dixit
1295 1294 1478 1332 Quirinus:

87 1366 162 1390 cum
189 1355 246 1389 hic
272 1357 344 1397 sis,
373 1356 545 1401 quomodo
574 1358 606 1390 in
631 1367 772 1390 carcere
798 1360 857 1390 tuo
884 1359 1007 1399 potero
1030 1360 1064 1389 te
1081 1357 1264 1392 invenire?
1311 1359 1364 1393 Ad
1381 1371 1478 1404 quem

90 1420 311 1455 Alexander:
339 1421 428 1456 vade
455 1423 545 1463 cito,
573 1423 666 1467 quia,
696 1424 753 1467 qui
780 1433 831 1456 me
858 1421 923 1455 huc
951 1421 1114 1463 adduxit,
1140 1423 1198 1457 ille
1225 1434 1278 1458 nie
1304 1425 1384 1459 illuc
1412 1429 1480 1460 cito

90 1485 242 1520 reducet.
290 1486 446 1532 Pergens
472 1489 582 1533 igitur
607 1488 770 1527 Quirinus
799 1486 904 1520 liliam
928 1497 1023 1520 suam
1049 1488 1094 1521 ad
1128 1499 1300 1523 carcerem
1327 1491 1474 1526 Alexan-

91 1551 145 1585 dri
172 1551 320 1586 adduxit
344 1556 378 1587 et
402 1552 529 1587 ibidem
561 1554 674 1597 ipsum
699 1554 879 1586 inveniens
914 1551 957 1585 ad
994 1553 1103 1597 pedes
1139 1565 1222 1588 suos
1257 1566 1295 1588 se
1321 1563 1479 1600 prostra-

91 1618 150 1650 vit.
198 1617 296 1651 Tunc
331 1616 402 1652 iilia
435 1619 512 1663 ejus
546 1620 662 1663 coepit
693 1618 832 1652 vincula
864 1619 977 1651 sancti
1009 1618 1199 1653 Alexandri
1226 1620 1352 1656 devote
1378 1635 1479 1657 oseu-

90 1683 178 1725 lari,
203 1687 240 1716 ut
266 1684 450 1718 sanitatem
475 1686 660 1728 reciperet.
710 1683 771 1718 Cui
796 1683 998 1718 Alexander
1032 1684 1137 1719 dixit:
1176 1686 1260 1728 noli,
1298 1687 1368 1721 tilia
1394 1700 1480 1726 mea,

91 1747 155 1782 has
181 1758 275 1783 meas
301 1749 455 1783 osculari
490 1754 657 1791 catenas,
692 1749 756 1783 sed
793 1749 896 1793 bojas
933 1751 1044 1783 sancti
1080 1750 1172 1785 Petri
1209 1752 1400 1797 diligenter
1432 1757 1482 1789 in-

91 1814 210 1858 quire,
235 1823 322 1858 quas
347 1812 473 1849 devote
498 1815 663 1849 osculans
692 1816 843 1859 recipies
870 1817 1065 1850 sanitatem.
1117 1817 1281 1857 Quirinus
1317 1821 1426 1865 igitur
1452 1824 1483 1855 in

92 1889 254 1922 carcere,
286 1880 346 1914 ubi
369 1879 494 1915 Petrus
520 1880 682 1914 detentus
709 1879 843 1922 suerat,
883 1880 1073 1926 diligenter
1107 1882 1210 1928 bojas
1237 1885 1365 1929 inquiri
1391 1886 1484 1929 fecit,

93 1954 226 1989 easque
251 1954 326 1978 cum
351 1946 565 1987 invenisset,
599 1945 693 1979 tiliae
718 1956 804 1980 suae
829 1945 1041 1981 osculandas
1068 1947 1176 1982 dedit.
1222 1948 1286 1984 llla
1311 1961 1388 1984 mox
1405 1979 1412 1993 ‚
1451 1958 1487 1986 nt

94 2009 253 2044 osculata
285 2013 340 2043 est
373 2010 534 2052 vincula,
579 2012 743 2044 sanitatis
787 2014 840 2044 est
874 2012 1035 2056 integrae
1068 2012 1271 2047 beneficium
1310 2022 1484 2051 assecuta.

96 2074 197 2108 Tunc
231 2074 395 2113 Quirinus
430 2075 566 2108 veniam
601 2079 723 2119 petens
756 2075 991 2109 Alexandrum
1028 2077 1070 2111 de
1105 2087 1246 2113 carcere
1274 2083 1425 2115 extraxit
1454 2087 1487 2116 et

94 2141 172 2184 ipse
206 2150 280 2173 cum
315 2139 449 2174 familia
482 2143 517 2174 et
547 2140 627 2174 aliis
653 2150 754 2185 quam
782 2140 941 2184 pluribus
971 2140 1147 2186 baptisma
1171 2138 1336 2189 suscepit.
1387 2146 1487 2181 Tunc

95 2209 238 2239 sanctus
263 2205 465 2239 Alexander
491 2205 557 2240 hoc
582 2205 707 2240 festum
730 2207 764 2239 in
790 2205 957 2240 calendas
985 2207 1137 2253 Augusti
1161 2209 1406 2245 celebrandum
1436 2214 1486 2246 ins

96 2271 210 2304 stituit
234 2275 268 2305 et
292 2271 328 2304 iu
352 2270 519 2306 honorem
547 2271 702 2316 apostoli
728 2270 823 2311 Petri
856 2272 1042 2306 ecclesiam
1075 2273 1283 2317 fabricavit,
1320 2277 1379 2310 ubi
1414 2280 1485 2311 vin-

98 2335 178 2369 cula
213 2337 371 2379 reposuit
411 2339 446 2370 et
487 2336 532 2370 ad
568 2337 708 2370 vincula
749 2339 952 2371 nominavit.
1001 2338 1037 2372 ln
1072 2339 1140 2373 hac
1171 2340 1407 2376 sollemnitate
1441 2344 1485 2377 ad

99 2399 313 2444 praedictam
340 2400 524 2434 ecclesiam
550 2412 696 2447 magnus
722 2402 758 2436 fit
781 2412 972 2437 concursus
998 2405 1118 2449 populi
1151 2411 1185 2441 et
1222 2406 1349 2441 ibidem
1375 2419 1487 2453 popu-

98 2466 153 2499 lus
180 2465 316 2499 vincula
340 2466 531 2500 osculatur.
581 2466 705 2501 Tertia
739 2477 847 2501 causa
879 2469 1108 2504 institutionis
1146 2472 1332 2506 secundum
1358 2472 1486 2508 Bedam

100 2529 187 2564 haec
215 2534 278 2564 est.
329 2530 541 2565 Octavianus
568 2532 760 2575 imperator
786 2536 821 2566 et
848 2532 1019 2568 Antonius
1045 2535 1112 2569 sibi
1140 2537 1283 2572 invicem
1317 2538 1488 2574 affinitate

102 2595 276 2639 conjuncti
309 2597 359 2630 sic
391 2598 482 2630 inter
508 2607 546 2630 se
576 2596 693 2630 mundi
719 2599 826 2632 totius
861 2599 1040 2643 imperium
1066 2600 1282 2645 diviserunt,
1319 2608 1356 2637 ut
1382 2604 1487 2638 Octa-

103 2659 226 2695 vianus
250 2661 284 2695 in
309 2661 490 2696 occidente
517 2661 673 2704 Italiam,
712 2661 858 2698 Galliam
895 2669 930 2700 et
954 2665 1174 2711 Hispaniam,
1210 2667 1381 2704 Antonius
1408 2681 1489 2704 vero
