1742 3005
266 122 346 162 582
576 121 674 169 Cap.
706 117 858 155 CXXX.
918 118 976 154 De
1008 123 1140 153 sancto
1173 115 1344 166 Aegidio.

272 228 314 262 de
349 237 413 267 eo,
450 223 542 269 quod
577 223 756 265 fecerant,
790 221 976 255 doluerunt
1011 224 1046 255 et
1076 221 1316 265 unusquisque
1342 231 1458 255 eorum
1483 219 1528 255 ad
1555 219 1654 255 iidem

274 299 462 326 conversus
490 293 556 326 est.
606 288 761 328 Quadam
787 289 882 328 viee,
916 297 990 320 eum
1016 285 1154 331 qnidam
1175 286 1336 330 juniores
1360 287 1519 321 monaehi
1544 298 1658 322 secum

273 358 452 390 manentes
483 364 587 389 ursae
618 353 775 397 cuidam,
814 363 905 398 quae
938 351 1062 386 ovibus
1093 351 1347 393 insidiabatur,
1376 352 1521 397 laqueos
1544 357 1660 388 teten-

276 421 421 462 dissent,
446 420 509 454 illa
526 421 561 453 in
584 420 732 465 laqueos
757 423 858 453 noete
883 420 1020 452 irruens
1037 420 1141 461 capta
1157 415 1356 452 tenebatur.
1404 416 1503 456 Quod
1521 422 1661 452 sanetus

274 486 504 522 Mamertinus
530 487 732 530 praesciens
761 485 803 520 de
828 485 919 519 lecto
945 483 1098 517 surrexit
1118 485 1152 516 et
1178 492 1252 516 eam
1278 483 1457 516 inveniens
1484 482 1572 517 dixit
1594 483 1664 518 illi:

277 551 360 598 quid
389 552 495 594 sacis,
527 562 547 585 o
575 552 732 586 misera?
765 551 849 596 suge
883 551 974 592 cito,
1009 559 1052 583 ne
1077 549 1253 593 capiaris,
1290 557 1435 593 eamque
1467 547 1664 583 dissolvens

278 617 419 651 dimisit.
466 617 594 653 Verum
621 628 695 651 eum
730 621 886 651 mortuus
922 615 1047 650 inisset
1078 618 1113 649 et
1137 624 1264 658 corpus
1290 614 1368 659 ejus
1393 613 1666 648 Altissiodorum

279 682 538 727 deportaretur,
574 687 707 717 etcum
738 681 888 716 fuissent
921 683 955 714 in
980 679 1129 725 quadam
1167 679 1274 723 villa,
1314 679 1411 713 nullo
1445 679 1547 713 modo
1582 678 1668 713 illud

279 747 359 781 inde
392 757 533 782 movere
567 751 772 792 potnerunt,
819 746 1047 791 quoadusque
1092 745 1232 790 quidam
1272 746 1508 780 incarceratus
1551 743 1667 778 subito

280 813 402 846 fractis
434 812 579 847 vinculis
612 812 703 847 liber
735 811 903 846 exsiliens
936 811 1029 845 venit
1061 809 1105 843 ad
1132 820 1260 854 eorpus
1294 814 1426 844 etcum
1453 810 1533 845 aliis
1557 820 1669 855 usque

279 877 326 912 ad
354 877 472 912 urbem
497 879 671 923 portavit,
708 877 767 912 ubi
799 878 834 911 in
871 875 1022 912 ecelesia
1053 876 1163 910 sancti
1199 874 1363 911 Germani
1399 875 1588 912 honorilice
1616 880 1670 912 est

281 943 453 989 sepultuS.

716 1262 842 1324 GAP.
879 1260 1043 1322 CXXX.
1089 1261 1244 1324 (125.)

566 1362 675 1406 De
724 1361 988 1405 sancto
1035 1358 1389 1414 Aegidio.

373 1468 545 1514 Aegidins
579 1469 705 1503 dieitur
737 1468 781 1503 ab
813 1479 853 1511 e,
888 1467 982 1514 quod
1007 1470 1182 1511 estsine,
1222 1472 1256 1502 et
1280 1477 1369 1513 geos
1393 1471 1489 1502 terra
1523 1470 1557 1501 et
1586 1467 1676 1512 dyan

284 1535 415 1568 clarum
449 1536 523 1569 sive
556 1534 719 1569 divinum.
767 1533 847 1579 lpse
877 1544 1027 1579 namque
1060 1534 1126 1568 suit
1152 1536 1227 1569 sine
1252 1538 1348 1568 terra
1373 1544 1435 1578 per
1460 1538 1675 1568 terrenorum

285 1599 564 1643 despectionem,
591 1600 707 1634 elarus
734 1612 798 1645 per
820 1601 988 1635 scientiae
1013 1600 1302 1642 illustrationem,
1328 1599 1465 1634 divinus
1491 1609 1555 1644 per
1578 1609 1674 1633 amo-

288 1675 376 1707 rem,
404 1665 463 1709 qui
488 1665 661 1699 assimilat
686 1670 856 1700 amantem
884 1670 1014 1703 amatO.

375 1730 546 1776 Aegidius
579 1730 727 1765 Athenis
763 1741 806 1765 ex
838 1732 938 1776 regia
969 1733 1079 1775 stirpe
1113 1732 1319 1776 progenitus
1355 1735 1389 1766 et
1412 1732 1523 1766 saeris
1550 1731 1676 1766 litteris

287 1797 330 1831 ab
357 1796 506 1830 infantia
531 1795 708 1838 eruditus,
734 1795 812 1830 dnm
839 1796 988 1841 quadam
1016 1796 1072 1830 die
1098 1796 1143 1830 ad
1171 1797 1353 1831 eeclesiam
1383 1802 1566 1841 pergeret,
1600 1798 1673 1830 eui-

289 1862 367 1896 dam
394 1872 503 1907 aegro
531 1863 562 1895 in
590 1862 708 1905 platea
729 1862 864 1906 Jaeenti
900 1866 934 1895 et
970 1861 1195 1896 elemosinam
1230 1863 1361 1905 petenti
1393 1862 1542 1894 tunicam
1578 1871 1675 1896 suam

288 1927 431 1969 tribuit,
469 1937 538 1972 qua
563 1926 702 1961 indutus
739 1928 924 1961 sanitatem
959 1928 1130 1972 integram
1163 1937 1243 1960 mox
1273 1928 1419 1971 recepit.
1474 1926 1558 1961 Post
1595 1928 1674 1969 hoe,

287 1993 494 2037 parentibus
526 1993 598 2026 suis
629 1993 662 2025 in
696 1992 835 2026 domino
869 1992 1141 2038 quiescentibus,
1178 1993 1377 2036 patrimonii
1415 1993 1468 2025 sui
1502 1992 1677 2026 Christum

290 2058 371 2092 serit
404 2057 582 2093 heredem.
631 2057 787 2096 Quadam
820 2059 893 2092 viee
926 2058 1003 2091 dnm
1030 2058 1073 2091 ab
1100 2057 1251 2092 ecelesia
1276 2057 1426 2100 rediret,
1460 2057 1598 2102 quidam
1626 2059 1678 2092 vir

288 2134 310 2158 a
335 2127 499 2167 serpente
524 2132 711 2167 percussus
738 2123 850 2158 eidem
877 2123 1002 2159 obvius
1029 2125 1184 2166 exstitit,
1217 2122 1280 2157 sed
1312 2124 1471 2158 oratione
1503 2124 1583 2158 susa
1606 2124 1677 2159 Ae—

288 2188 407 2234 gidius
440 2189 599 2232 protinus
636 2189 728 2222 virus
765 2189 911 2234 fugavit.
965 2189 1141 2229 Quendam
1174 2189 1435 2224 daemoniacum
1467 2190 1501 2222 in
1528 2188 1678 2224 ecelesia

286 2264 361 2287 eum
395 2255 545 2287 caeteris
579 2255 804 2289 exsistentem
840 2259 873 2289 et
899 2254 1019 2290 fideles
1051 2255 1263 2289 elamoribus
1289 2256 1362 2289 suis
1385 2254 1580 2289 turbantem
1605 2254 1676 2288 Ae-

286 2319 405 2364 gidius
440 2318 609 2353 daemone
644 2320 766 2365 fugato
800 2322 949 2354 sanavit.
997 2320 1124 2356 Verum
1156 2320 1297 2354 humani
1321 2321 1453 2355 favoris
1485 2319 1677 2355 formidans

286 2384 476 2428 periculum
500 2384 587 2418 clam
612 2384 708 2418 littus
735 2386 840 2419 maris
872 2387 973 2429 petiit
1006 2389 1041 2420 et
1064 2390 1190 2420 nautas
1217 2386 1385 2432 quosdam
1412 2387 1447 2420 in
1471 2387 1558 2420 mari
1583 2386 1675 2430 peri-

286 2450 446 2484 clitantes
478 2451 662 2494 conspexit
694 2454 729 2486 et
766 2450 859 2484 saeta
892 2452 1053 2486 oratione
1085 2455 1325 2497 tempestatem
1360 2462 1493 2486 omnem
1529 2450 1676 2486 sedavit.

288 2515 555 2560 Applirantibus
581 2520 695 2550 autem
721 2517 851 2558 nautis,
882 2516 1019 2559 andito,
1049 2517 1143 2562 quod
1167 2517 1308 2552 Romam
1337 2517 1515 2558 tenderet,
1543 2516 1678 2560 gratias

288 2581 365 2623 ejus
400 2581 533 2615 meritis
570 2587 717 2626 egerunt
752 2586 803 2624 et,
842 2582 935 2627 quod
970 2592 1045 2616 eum
1080 2593 1195 2617 seeum
1228 2584 1339 2629 gratis
1365 2581 1551 2623 veherent,
1596 2592 1677 2625 pro-

286 2645 462 2679 misi-runt.
513 2646 594 2680 (lum
633 2648 740 2692 igitur
774 2648 949 2682 Arelatem
984 2649 1141 2683 venisset
1185 2653 1219 2683 et
1263 2647 1403 2682 biennio
1443 2656 1517 2679 cum
1559 2650 1679 2680 saneto

288 2708 454 2742 Caesario
488 2711 643 2752 ejusdem
679 2713 831 2746 civitatis
867 2714 1034 2757 episcopo
1070 2714 1257 2747 mansisset
1290 2715 1323 2746 et
1353 2710 1480 2746 ibidem
1511 2711 1683 2756 quendam
