1742 3005
316 63 411 113 Cap.
443 63 541 99 Cvt.
600 62 659 99 De
689 62 827 98 sanetis
859 61 991 98 Abdon
1023 70 1060 98 et
1090 61 1257 101 Sennen.
1398 63 1478 104 447

93 176 188 206 mea,
220 166 264 201 ab
291 167 470 201 auditione
499 167 590 201 mala
626 179 694 202 non
727 167 862 202 timebit
887 169 920 201 tn
945 167 1002 202 dle
1031 169 1232 202 novissimo.
1283 168 1364 202 Cum
1397 179 1480 204 vero

93 231 247 267 codicem
270 233 481 273 revolveret,
507 235 639 267 eunctis
665 233 759 267 foliis
784 233 851 267 hoc
880 234 1011 278 reperit
1034 235 1208 278 scriptum.
1260 234 1341 268 Cum
1368 239 1480 270 autem

92 298 135 332 ad
163 299 240 343 ejus
266 298 487 343 sepulchrum
515 299 640 333 crebra
659 299 825 340 miracula
850 297 991 341 tierent,
1019 299 1216 334 clodoveus
1243 310 1303 334 rex
1328 299 1480 334 Franco—

91 375 163 398 rum
188 365 401 399 christianus
430 365 575 400 effeetus
611 374 633 398 a
666 351 788 398 saneto
814 363 973 409 Remigio
1002 363 1202 408 baptizatus
1239 375 1313 398 cum
1339 376 1481 411 gravem

90 441 210 465 renum
235 436 416 476 pateretur
442 430 619 471 dolorem,
655 429 699 463 ad
733 431 809 473 eJus
844 429 1010 462 tumulum
1042 431 1183 463 veniens
1218 432 1402 464 sanitatem
1430 434 1481 465 in-

91 500 226 541 tegrant
253 497 464 541 reportavit,
501 498 718 541 quapropter
752 494 845 528 illum
873 494 984 528 locum
1012 493 1138 528 ditavit
1164 498 1197 528 et
1224 496 1325 529 trium
1352 497 1480 530 millia-

93 563 219 596 riorum
253 563 368 606 spatio
403 563 438 594 in
463 561 541 606 giro
570 571 613 595 ex
639 564 788 604 utraque
821 563 920 604 parte
946 559 1106 594 Rhodani
1128 545 1289 601 terrams
1309 561 1411 595 villas
1448 566 1483 596 et

89 632 207 662 eastra
226 626 322 661 dedit
335 627 515 671 locumque
533 626 625 659 illum
647 625 793 659 liberum
813 626 906 659 fecit.
955 625 1114 660 Martilla
1140 636 1222 660 vero
1249 628 1325 672 ejus
1352 625 1482 663 famula

91 694 193 727 vitam
217 693 428 737 conscripsit
452 693 584 736 ipsius,
620 702 709 737 quae
745 691 963 735 postmodum
1000 693 1033 725 in
1069 692 1289 726 Sclavouiam
1327 705 1480 740 pergens

90 764 124 793 et
150 758 199 792 ibi
225 758 444 803 evangelium
472 757 533 791 Dei
560 757 768 801 praedicans
797 762 878 803 post
902 757 1070 792 decimum
1089 769 1213 793 annunt
1234 769 1256 793 a
1273 759 1481 795 dormitione

90 823 252 859 Marthae
277 825 310 857 in
338 834 424 868 pace
449 824 590 868 quievit.

555 1149 682 1210 GAP.
717 1148 822 1209 cvl.
869 1148 1013 1212 (101.)

260 1249 358 1292 De
390 1247 631 1292 sanctis
662 1248 891 1293 Abdon
926 1247 992 1290 et
1022 1246 1306 1294 sennen.

179 1354 305 1389 Abdon
339 1359 374 1390 et
407 1355 546 1390 Sennen
575 1355 639 1389 sub
674 1355 781 1390 Decio
814 1358 1024 1401 imperatore
1053 1359 1243 1392 martirium
1268 1360 1365 1403 passi
1391 1363 1481 1394 sunt.

90 1422 174 1455 Cum
210 1423 297 1455 enim
332 1421 461 1455 Decius
494 1423 686 1466 imperator
720 1422 947 1467 Babyloniam
987 1434 1061 1456 oum
1094 1424 1173 1457 aliis
1206 1426 1396 1469 provinciis
1423 1436 1482 1459 su-

91 1491 273 1533 perasset,
307 1486 475 1532 quosdam
515 1487 727 1522 christianos
764 1488 813 1521 ibi
848 1490 997 1530 invenit,
1035 1500 1122 1534 quos
1148 1500 1265 1524 secum
1292 1490 1336 1524 ad
1363 1490 1482 1525 urbem

92 1554 287 1590 Cordubam
305 1553 481 1588 deducens
498 1553 649 1588 diversis
666 1554 849 1598 suppliciis
876 1557 1139 1598 consummavit,
1165 1560 1199 1590 et
1223 1566 1285 1590 eos
1305 1556 1374 1591 duo
1397 1556 1480 1591 suh-

93 1620 207 1667 reguli
235 1622 427 1665 capientes,
456 1619 592 1653 scilic-et
617 1619 742 1654 Abdon
769 1625 803 1654 et
821 1620 972 1661 Sennen,
999 1622 1235 1666 sepelierunt,
1261 1622 1352 1656 unde
1377 1633 1482 1658 aecu-

92 1688 160 1722 sati
193 1690 228 1721 et
255 1686 363 1720 Decio
399 1686 617 1730 praesentati
643 1684 784 1719 Romam
812 1691 893 1731 post
919 1697 993 1720 eum
1019 1688 1124 1721 vincti
1153 1689 1286 1721 catenis
1313 1688 1485 1724 ducuntur

92 1757 127 1787 et
154 1755 187 1786 in
216 1755 407 1796 conspectu
432 1751 531 1785 Decii
556 1755 590 1785 et
609 1755 753 1786 senatus
780 1753 968 1787 introducti
994 1757 1054 1787 aut
1079 1753 1280 1789 sacrificare
1308 1760 1342 1789 et
1369 1767 1482 1791 rerum

90 1828 229 1853 suarum
245 1818 405 1862 recipere
419 1815 615 1851 libertatem
633 1822 692 1851 aut
711 1818 885 1852 morsibus
904 1819 1093 1854 bestiarum
1116 1820 1281 1855 devorari
1302 1822 1483 1867 jubentur.

91 1885 359 1920 contemnentes
381 1884 498 1928 itaque
519 1887 554 1917 et
576 1888 787 1928 exspuentes
812 1886 844 1918 in
864 1886 1050 1919 simulacra
1075 1885 1120 1919 ad
1145 1886 1319 1921 theatrum
1345 1893 1483 1933 pertra-

92 1950 219 1984 huntur
252 1954 286 1983 et
318 1948 363 1981 ad
389 1959 450 1983 eos
477 1948 545 1982 duo
571 1948 691 1983 leones
720 1954 753 1984 et
777 1951 850 1984 ursi
877 1956 1027 1996 quatuor
1052 1951 1288 1996 dimittuntur,
1326 1956 1383 1999 qui
1408 1965 1482 1989 cum

92 2018 235 2048 sanctos
262 2023 330 2046 non
355 2017 556 2058 tangerent,
590 2014 651 2048 sed
679 2016 782 2048 etiam
809 2016 1044 2057 custodirent,
1084 2019 1224 2062 injectis
1258 2021 1289 2052 in
1317 2030 1378 2054 eos
1403 2020 1482 2065 gla-

92 2080 159 2114 diis
193 2078 398 2113 occiduntur
433 2082 467 2112 et
499 2078 620 2122 ligatis
652 2079 801 2123 pedihus
827 2082 931 2114 tracti
956 2087 1037 2115 sunt
1061 2087 1096 2116 et
1116 2083 1243 2127 jactati
1268 2089 1349 2119 ante
1376 2087 1483 2120 simu-

93 2146 222 2180 lat-rum
250 2144 349 2178 solis.
400 2142 466 2182 Qui
491 2153 566 2177 cum
593 2143 642 2178 ibi
665 2144 782 2179 triduo
803 2147 1021 2190 Jacuissent‚
1050 2149 1214 2188 Quirinus
1238 2150 1483 2196 s11hd5ac0nus

94 2222 155 2246 eos
182 2210 327 2256 collegit
352 2212 386 2244 et
408 2210 443 2242 in
469 2208 570 2243 domo
597 2220 661 2245 sua
687 2211 863 2256 sepelivit.
911 2213 1011 2248 Passi
1031 2219 1111 2248 sunt
1130 2219 1242 2249 autem
1261 2218 1354 2251 circa
1371 2228 1481 2252 annos

94 2265 223 2311 domini
253 2273 444 2320 ¹)CCLllI.
482 2274 658 2320 Tempore
673 2281 785 2312 autem
807 2278 1025 2313 Constantini
1054 2281 1122 2324 ipsi
1150 2286 1299 2325 quatuor
1322 2287 1482 2320 martires

97 2352 213 2376 eorum
231 2350 382 2385 corpora
397 2340 640 2375 revelaverunt
664 2347 697 2377 et
719 2353 740 2377 a
759 2344 960 2379 christianis
984 2346 1156 2379 translata
1182 2352 1263 2387 sunt
1290 2350 1324 2383 in
1348 2351 1480 2386 cimite-

98 2409 182 2442 rium
201 2406 374 2448 Pontiani‚
391 2405 452 2440 ubi
468 2405 626 2440 dominus
641 2419 705 2452 per
721 2420 782 2443 eos
801 2411 907 2444 multa
927 2415 1086 2456 praestat
1101 2411 1270 2449 beneficia
1294 2416 1324 2460 2)
1337 2416 1477 2462 populo.

159 2530 186 2562 1)
207 2529 259 2556 Ed.
277 2533 320 2556 Pr.
341 2529 411 2561 legit
431 2532 490 2557 CC.
592 2530 622 2563 2)
642 2528 694 2558 Ed.
715 2533 756 2556 l'r.
777 2530 847 2562 legit
867 2533 1111 2568 populorum.
