1742 3005
300 89 383 137 930
596 88 694 136 Cap.
727 87 938 124 CCXVIII.
996 86 1209 125 De’coena
1241 89 1396 127 domini.

300 194 438 228 justificat
459 194 645 225 peccatorem
666 191 763 226 plene.
800 193 907 219 Jerem.
928 195 970 219 V:
997 192 1173 227 percussisti
1192 201 1244 221 eos
1263 197 1294 220 et
1317 202 1377 220 non
1402 193 1575 226 doluerunt,
1603 193 1686 220 attri-

303 239 371 264 visti
391 245 442 263 eos
461 240 490 262 et
509 236 674 262 renuebant
693 236 829 271 accipere
849 235 1050 271 disciplinam.
1087 237 1148 264 Alii
1173 242 1241 264 sunt
1261 237 1381 271 majoris
1400 238 1611 271 perfectionis,
1636 238 1688 271 qui

299 283 413 309 scilicet
431 289 491 308 non
510 280 608 307 solum
626 285 750 315 peccata
769 286 944 314 conterunt,
971 282 1026 309 sed
1045 282 1135 308 etiam
1155 283 1300 315 lacrymas
1318 282 1473 314 elnittunt3
1497 283 1549 311 isti
1567 287 1687 311 sumunt

299 337 407 359 agnum
426 335 493 353 cum
512 334 601 352 succo
621 325 820 358 lactucarum,
847 326 880 352 id
905 330 949 353 est
977 336 1044 353 cum
1071 326 1258 353 abnndantia
1275 326 1481 360 lacrymarum.
1517 330 1638 361 Gregor.
1658 328 1686 354 in

298 371 418 399 Mor-aL:
439 380 541 398 carnes
560 380 625 398 cnm
646 371 770 397 lactucis
789 371 957 403 agrestibus
976 376 1045 398 sunt
1063 371 1199 404 edenda,
1224 375 1270 403 ut,
1298 380 1364 397 cum
1384 379 1492 406 corpus
1511 372 1687 400 redemtoris

299 416 478 451 accipimus,
505 424 560 442 nos
588 423 642 450 pro
669 415 801 450 peccatis
827 415 938 442 nostris
966 416 997 442 iu
1023 417 1145 444 fletibus
1167 415 1344 448 affligamus.
1382 418 1478 451 Quare
1497 417 1563 451 ipsa
1582 418 1687 445 amari-

301 462 373 489 tudo
397 459 602 496 poenitentiae
627 461 771 493 abstergit
799 470 814 487 a
840 461 949 487 mentis
977 461 1131 487 stomacho
1161 469 1321 496 perversae
1351 459 1507 488 humorem
1536 462 1703 491 vitiorium*

301 510 413 541 Quarta
431 505 523 532 debet
542 505 659 532 comedi
678 515 745 532 cum
764 505 893 540 panibus
913 504 1035 537 azimis,
1065 504 1096 531 id
1115 510 1161 532 est
1180 515 1246 532 cum
1265 504 1395 540 panibus
1414 514 1474 532 non
1491 505 1688 535 fermentatis.

301 556 393 578 Panes
413 550 542 578 comedit
563 559 629 576 cuin
647 549 794 577 fermento
811 549 976 577 secundnm
989 549 1175 582 Gregorium,
1194 550 1246 583 qui
1262 551 1340 577 bona
1353 559 1405 577 sua
1420 560 1486 578 cum
1498 553 1688 588 corruptione

300 606 397 624 vanae.
417 596 527 628 gloriae
546 594 634 628 facit,
659 595 768 628 quibus
795 595 934 621 dominus
954 594 1041 621 dicit:
1071 594 1236 621 sacrificate
1255 594 1293 622 de
1311 595 1460 623 fermento
1480 596 1610 626 laudem.
1646 601 1688 624 De

300 642 448 669 fermento
473 648 601 672 nan-ique
626 639 779 672 immolat,
804 639 854 672 qui
880 642 943 666 Deo
970 639 1007 665 de
1032 639 1135 673 rapina
1160 644 1262 674 parat,
1295 640 1349 667 sed
1374 640 1427 667 ille
1451 640 1515 668 sine
1540 641 1689 668 fermento

301 685 450 717 custodit,
477 684 527 717 qui
546 693 579 710 se
598 693 614 710 a
632 684 710 710 mala
729 684 873 710 societate
892 683 1040 715 custodit,
1068 687 1089 710 l.
1117 683 1247 711 corinth.
1266 687 1308 711 V:
1335 684 1487 712 modicum
1510 685 1688 714 fermentum

299 736 395 757 totam
420 738 550 755 massam
577 728 750 762 corrumpit.
787 728 925 754 Secundo
961 729 1093 754 Christus
1127 729 1266 755 assumsit
1293 738 1453 764 personam
1479 730 1560 757 servi
1585 730 1616 757 in
1643 740 1688 762 eo,

299 775 381 809 quod
404 774 498 808 pedes
526 780 646 799 suorum
665 772 883 806 discipulorum
902 772 986 798 lavit.
1022 771 1109 798 Lavit
1128 777 1228 799 antem
1247 773 1340 807 pedes
1361 775 1531 808 corporales
1552 780 1580 802 et
1600 775 1688 810 spiri-

297 821 404 849 tuales,
441 818 538 845 I'rimo
557 816 633 844 lavit
652 816 823 851 corporales
843 817 874 843 in
892 815 1064 850 exemplum
1083 820 1111 842 et
1131 816 1359 849 documentum3
1382 818 1414 844 in
1432 819 1602 854 exemplum
1623 819 1689 853 qui—

299 866 368 892 dem
393 862 602 894 humanitatis,
636 866 670 888 ut
695 862 761 896 ipse
788 861 877 888 dicit:
914 860 1087 895 exemplum
1111 860 1182 887 dedi
1208 861 1316 894 vobis,
1350 865 1383 888 ut
1409 870 1465 889 vos
1491 864 1531 890 ita
1557 863 1687 891 faciatis.

298 915 390 937 Istam
415 914 517 935 tamen
541 906 741 933 humilitatem
764 910 867 933 Petrus
893 906 1049 932 abhorruit
1075 905 1192 932 dicens:
1220 914 1281 932 non
1307 906 1425 932 lavabis
1445 907 1519 934 mihi
1545 909 1638 942 pedes
1658 909 1688 935 111

299 961 462 982 aeternnm.
499 953 551 979 Cui
571 951 728 986 respondit
755 951 904 978 Cliristusz
935 951 1036 978 sinon
1057 950 1161 978 lavoro
1180 955 1225 983 te,
1252 959 1311 978 non
1337 951 1465 979 habebis
1491 958 1608 987 partem
1626 963 1690 980 me-

299 1011 374 1027 cum.
411 1003 497 1025 Tunc
515 1002 616 1024 Petrus
642 996 747 1022 timore
774 1005 808 1021 ac
835 1004 934 1022 amore
960 1004 1119 1029 percussus
1146 996 1256 1022 obtulit
1283 995 1430 1023 lavandos
1456 997 1569 1031 pedes,
1600 1002 1687 1032 caput

299 1050 327 1071 et
353 1052 476 1074 manus,
508 1042 562 1068 sed
590 1041 721 1067 Christus
749 1040 892 1074 corripuit
918 1050 985 1066 eum
1012 1049 1165 1072 asserens,
1199 1040 1282 1073 quod
1306 1049 1366 1067 non
1393 1041 1546 1074 indigebat
1576 1042 1687 1069 lotione

298 1088 405 1123 capitis
431 1096 486 1113 nec
511 1095 669 1117 manuum,
698 1086 752 1111 sed
779 1090 892 1111 tantum
920 1085 1041 1119 pedum.
1077 1089 1131 1111 I‘er
1157 1089 1246 1119 caput
1270 1084 1448 1117 intelligitur
1466 1087 1609 1119 intentio,
1636 1097 1688 1122 per

296 1142 401 1160 manus
421 1131 574 1166 operatio,
602 1140 654 1165 per
678 1130 771 1164 pedes
798 1128 927 1156 affectio.
964 1132 1029 1155 Duo
1058 1130 1171 1163 prima,
1199 1129 1313 1156 scilicet
1339 1130 1466 1157 intentio
1494 1135 1523 1157 et
1542 1131 1687 1165 operatio,

298 1179 327 1204 in
345 1182 430 1204 l‘etro
449 1176 560 1202 munda
581 1179 663 1202 erant
683 1179 712 1201 et
731 1174 801 1200 ideo
820 1173 934 1200 lotione
954 1173 1061 1208 capitis
1078 1179 1106 1200 et
1120 1184 1260 1201 manuum
1273 1183 1332 1201 non
1348 1175 1513 1207 indigebat.
1549 1176 1687 1202 Habebat

297 1228 395 1250 autem
420 1221 619 1248 intentionem
641 1220 671 1246 in
699 1218 841 1246 omnibus
866 1218 996 1251 bonam,
1028 1219 1234 1253 operationem
1259 1219 1410 1248 mundam,
1447 1220 1584 1247 Secundo
1612 1220 1686 1247 lavit

296 1268 390 1303 pedes
412 1268 443 1293 111
463 1266 675 1293 documentum
696 1264 734 1290 ad
754 1263 991 1296 ostendendum,
1019 1263 1101 1296 quod
1126 1263 1253 1298 praelati
1278 1263 1390 1290 debent
1416 1264 1517 1291 lavare
1537 1265 1685 1291 subditos<

295 1317 381 1339 Tunc
401 1316 578 1338 autemnon
598 1311 675 1336 bene
693 1309 828 1341 lavatur,
855 1312 906 1336 aut
933 1308 1003 1342 quia
1026 1317 1132 1335 luanus
1159 1312 1204 1335 est
1228 1307 1345 1341 iniqua,
1371 1313 1422 1336 ant
1448 1309 1517 1342 qnia
1543 1319 1620 1342 aqua
1641 1314 1686 1336 est

296 1357 451 1385 immunda
469 1361 497 1383 et
519 1355 654 1386 turbida,
673 1353 785 1381 Eccles.
803 1356 930 1380 XXXII:
950 1354 988 1380 ab
1008 1353 1163 1380 immundo
1183 1353 1249 1387 quis
1267 1353 1478 1380 mundabitur!
1515 1355 1685 1386 Gregorius:

296 1404 378 1437 prius
398 1405 517 1437 oportet
536 1405 566 1426 te
585 1399 740 1431 inundari,
769 1398 794 1425 si
821 1398 913 1425 alium
937 1400 984 1426 vis
1010 1399 1171 1430 inundare,
1199 1397 1366 1432 sapientem
1391 1398 1474 1432 prius
1498 1397 1562 1424 fieri
1589 1403 1618 1425 et
1643 1399 1685 1426 sic

296 1447 372 1475 alios
391 1447 490 1473 facere
510 1446 680 1480 sapientes,
707 1444 890 1471 lumen-fieri
909 1448 938 1471 et
957 1444 1000 1471 sic
1019 1444 1095 1471 alios
1116 1443 1301 1475 illuminare,
1327 1443 1469 1470 accedere
1488 1443 1527 1469 ad
1545 1446 1640 1471 Deum
1658 1448 1686 1470 et

295 1492 337 1519 sic
364 1492 438 1519 alios
465 1491 629 1524 adducere,
656 1489 835 1517 sanctificari
862 1494 889 1515 et
918 1489 961 1516 sic
989 1489 1065 1516 alios
1093 1488 1289 1516 sanctificare.
1324 1491 1415 1514 Item:
1443 1497 1548 1516 manns
1575 1489 1686 1515 habere

295 1542 390 1564 rectas
415 1541 443 1563 et
469 1537 512 1563 sic
538 1545 604 1563 esse
631 1535 703 1562 recti
731 1534 864 1566 consilii,
898 1538 946 1566 ut,
981 1539 1070 1568 puta,
1103 1538 1216 1560 rectum
1244 1533 1315 1560 dare
1343 1533 1511 1560 consilium.
1549 1534 1686 1561 Secundo

295 1581 415 1615 qnando
435 1586 479 1608 est
500 1590 575 1614 aqua
596 1579 761 1611 immunda3
782 1589 859 1612 aqna
878 1579 1031 1605 immunda
1051 1583 1095 1606 est
1115 1587 1198 1604 amor
1216 1577 1328 1610 mundi,
1348 1581 1456 1606 Jerem.
1476 1582 1516 1605 11:
1537 1578 1609 1612 quid
1630 1578 1686 1605 tibi

294 1628 323 1652 in
343 1626 392 1653 via
418 1625 563 1660 Aegypti,
588 1630 620 1651 ut
646 1625 734 1651 bibas
758 1634 866 1657 aquam
889 1623 1058 1650 turbidam!
1095 1623 1180 1650 Talis
1207 1623 1286 1649 enim
1313 1633 1389 1656 aqua
1414 1633 1475 1650 non
1498 1623 1596 1656 laxat,
1632 1624 1685 1651 sed

294 1670 475 1704 coinquinat,
510 1669 711 1702 Augustinus:
739 1669 876 1703 quisquis
896 1678 927 1695 es
948 1669 977 1695 iu
999 1668 1127 1700 mundo,
1148 1667 1187 1694 ad
1206 1672 1234 1694 te
1252 1668 1352 1701 venit,
1372 1668 1423 1701 qui
1442 1668 1514 1695 fecit
1532 1667 1686 1700 mundum,

295 1720 324 1741 nt
345 1715 454 1749 eripiat
475 1720 502 1740 te
521 1714 559 1740 de
578 1714 707 1746 mundo,
727 1714 812 1748 quia,
834 1714 860 1741 si
879 1714 978 1747 aliqua
1000 1713 1162 1740 delectatio
1181 1717 1209 1739 te
1229 1712 1358 1739 delectet
1377 1714 1408 1740 in
1426 1713 1548 1746 mundo,
1567 1722 1686 1748 semper

292 1761 339 1787 vis
357 1770 423 1787 esse
442 1760 629 1792 immundus,
649 1759 673 1786 si
692 1764 792 1786 tamen
811 1759 911 1792 aliqua
930 1758 1094 1785 necessitas
1115 1763 1143 1785 te
1162 1758 1279 1791 retinet,
1298 1758 1441 1791 mundus,
1461 1757 1575 1785 scilicet
1595 1761 1683 1788 Dens,

292 1806 407 1831 habitat
434 1805 465 1831 iu
490 1809 536 1836 te,
564 1805 615 1838 qui
640 1804 763 1832 mundat
783 1804 927 1835 mundos,
955 1807 983 1829 et
1003 1803 1061 1830 eris
1081 1804 1219 1830 mundus.
1234 1828 1239 1830 ,
1256 1803 1360 1830 Tertio
1379 1803 1520 1836 quoniam
1538 1803 1604 1837 ipsa
1621 1812 1684 1829 ma-

293 1850 359 1876 cula
378 1849 489 1884 pedum
508 1859 543 1876 ex
562 1850 653 1876 nimia
673 1848 914 1882 frequentatione
941 1846 1070 1874 efficitur
1095 1848 1183 1875 nimis
1205 1853 1292 1874 tenax
1311 1853 1341 1874 et
1360 1848 1544 1880 inveterata,
1571 1847 1683 1875 Eccles.

291 1897 433 1921 XXXIV:
463 1894 514 1927 qui
541 1894 712 1928 baptizatur
738 1902 754 1919 a
781 1897 915 1923 mortuo,
949 1892 980 1918 id
1008 1897 1069 1923 est,
1096 1892 1146 1925 qui
1173 1892 1291 1919 lavatur
1314 1902 1330 1918 a
1356 1892 1477 1918 mortali
1502 1897 1626 1926 peccato
1654 1898 1683 1918 et

290 1939 398 1965 iterum
422 1937 517 1969 tangit
542 1943 705 1970 mortuum,
735 1936 807 1970 quid
833 1936 946 1971 profuit
974 1935 1085 1962 lavatio
1110 1937 1192 1969 ejus!
1228 1936 1313 1963 Unde
1334 1940 1369 1963 11.
1388 1936 1482 1963 Petri:
1509 1936 1588 1963 sacta
1615 1942 1682 1963 sunt

291 1983 457 2017 posteriora
478 1982 624 2008 deteriora
647 1981 806 2016 prioribus.
845 1981 991 2007 Convenit
1010 1981 1071 2008 illis
1091 1981 1181 2008 illud:
1209 1981 1290 2007 canis
1319 1990 1457 2008 reversus
1477 1981 1516 2008 ad
1534 1981 1682 2009 vomitum

290 2038 376 2054 suum
404 2032 432 2053 et
461 2036 511 2053 sus
531 2027 605 2053 lotat
627 2026 733 2052 itm-um
754 2027 784 2052 in
803 2025 1023 2052 volutationem
1051 2026 1114 2055 luti.
1151 2026 1254 2053 Tertio
1281 2025 1355 2052 lavit
1374 2026 1468 2060 pedes
1488 2026 1683 2061 spiritualiter

288 2083 365 2105 aqua
384 2072 430 2099 sui
450 2071 618 2103 sanguinis,
646 2070 683 2096 de
702 2078 760 2103 qno
781 2069 890 2096 dicitur
908 2071 1031 2105 Apocal.
1051 2075 1093 2098 11:
1121 2071 1259 2097 laverunt
1290 2071 1383 2097 stolas
1403 2079 1471 2098 suas
1490 2071 1521 2098 iu
1540 2071 1683 2104 sanguine

288 2117 356 2149 agni
375 2121 405 2143 et
424 2116 641 2143 ‹leaIIJzu-erunt
661 2123 721 2141 eas.
758 2118 801 2141 Ex
820 2110 878 2148 quo
898 2115 991 2147 magis
1011 2115 1130 2149 sangnis
1151 2115 1259 2143 Christi
1282 2115 1424 2142 dealbare
1443 2115 1568 2149 dicitur,
1593 2116 1680 2144 vide-

287 2166 349 2193 tur,
369 2160 453 2194 quod
472 2161 564 2187 habet
582 2159 724 2186 virtutem
745 2159 830 2186 lactis
850 2164 880 2186 et
898 2160 1059 2192 sanguinis.
1096 2165 1154 2188 Lac
1180 2161 1259 2188 enim
1284 2165 1328 2188 est
1348 2161 1468 2194 sanguis
1487 2161 1518 2188 in
1535 2161 1680 2189 uberibus

288 2211 439 2233 excoctus.
477 2205 601 2238 Sanguis
621 2209 721 2230 autem
741 2203 848 2230 Christi
867 2204 925 2231 snit
944 2210 1084 2232 excoctus
1105 2206 1134 2232 in
1155 2214 1279 2241 corpore
1299 2214 1353 2233 suo
1374 2206 1447 2233 etin
1463 2206 1552 2233 corde
1567 2211 1680 2235 nostro.

286 2256 318 2277 In
338 2260 464 2286 corpore
484 2260 538 2278 suo
557 2250 611 2277 suit
633 2253 774 2277 excoctus
794 2249 861 2280 igne
887 2250 996 2277 amoris
1024 2250 1087 2283 sui,
1116 2250 1166 2284 qui
1193 2256 1254 2278 tam
1277 2251 1472 2278 veliementer
1496 2250 1527 2277 in
1555 2260 1686 2291 corpore·

288 2304 340 2323 sno
360 2295 484 2327 ebullit,
512 2296 581 2329 qnia
607 2299 711 2329 aperto
738 2293 831 2320 latere
858 2303 923 2320 cum
951 2294 1066 2329 impetu
1096 2296 1258 2324 emanavit.
1296 2301 1329 2323 tn
1349 2297 1438 2323 corde
1458 2300 1557 2322 autem
1576 2301 1679 2323 nostro

288 2345 355 2367 sunt
375 2341 435 2367 duo
454 2341 561 2373 ubera,
588 2340 703 2366 scilicet
728 2337 900 2365 intellectus
926 2343 953 2365 et
973 2338 1106 2367 all'ectns.
1143 2341 1257 2368 Dicitur
1275 2346 1375 2368 autem
1394 2340 1521 2373 excoqui
1538 2340 1569 2367 in
1587 2341 1679 2369 ubere

286 2386 455 2413 intellectus
475 2395 528 2420 per
546 2384 771 2411 meditationem
791 2387 821 2409 et
840 2383 869 2409 in
888 2383 980 2410 ubere
999 2383 1124 2412 affectus
1143 2395 1197 2420 per
1216 2386 1429 2421 devotionem,
1447 2390 1477 2412 et
1496 2385 1539 2412 sic
1558 2385 1677 2418 sanguis

287 2430 394 2457 Clu-isti
422 2430 451 2456 in
479 2438 533 2457 sno
560 2438 685 2463 corpore
714 2433 744 2454 et
770 2428 800 2454 111
824 2433 926 2456 nostro
954 2437 1079 2464 corpore
1105 2440 1160 2464 per
1184 2431 1411 2458 meditationem
1438 2434 1467 2456 et
1486 2428 1676 2458 affectionem

285 2475 413 2502 vertitur
432 2475 461 2501 in
481 2475 652 2502 albedinem
672 2478 698 2500 et
720 2472 834 2500 animas
854 2479 971 2501 nostras
991 2475 1113 2501 dealbat
1133 2480 1162 2502 et
1182 2476 1314 2505 inundat.
1351 2475 1532 2510 Apocalyps.
1553 2478 1581 2502 1:
1602 2475 1675 2502 lavit

287 2529 341 2547 nos
367 2530 383 2546 a
410 2520 542 2555 peccatis
568 2519 678 2546 nostris
703 2519 732 2545 111
759 2519 901 2551 sangnine
921 2528 985 2546 suo.
1022 2520 1125 2547 Tertio
1145 2520 1262 2555 accepit
1281 2520 1412 2548 ctu-istus
1430 2528 1590 2555 personam
1609 2521 1674 2555 epi-

286 2564 388 2598 scopi,
408 2565 528 2598 qtiando
548 2564 663 2591 scilicet
682 2573 790 2597 panem
810 2569 839 2591 et
858 2565 959 2591 vinum
980 2564 1011 2591 111
1029 2573 1137 2599 corpus
1156 2573 1242 2592 suum
1257 2564 1469 2592 transmutavit
1483 2568 1512 2592 et
1525 2565 1673 2599 apostolis

286 2614 467 2641 potestatem
486 2609 663 2636 conficiendi
683 2608 777 2637 dedit.
816 2612 847 2635 Et
866 2609 922 2636 ista
942 2614 988 2636 est
1007 2610 1101 2644 major
1119 2614 1271 2644 potestas,
1296 2619 1384 2643 quam
1410 2618 1538 2642 unquam
1558 2609 1672 2637 homini

287 2653 355 2679 «luta
376 2654 439 2683 suit.
477 2658 526 2681 Est
547 2653 624 2680 enim
645 2658 779 2687 potestas
799 2653 852 2680 Dei
872 2664 986 2687 magna,
1006 2653 1104 2680 facere
1123 2653 1236 2687 aliquid
1257 2655 1295 2681 de
1314 2655 1424 2688 aliquo,
1447 2654 1531 2685 sicut,
1550 2656 1670 2688 quando

286 2697 354 2723 seen
376 2698 490 2724 coelum
511 2703 538 2724 et
559 2703 676 2726 terram.
714 2702 761 2724 Est
783 2703 810 2725 1-1
831 2698 916 2725 tertia
937 2699 1063 2726 maxima
1085 2699 1160 2726 sicut
1177 2699 1214 2726 de
1227 2704 1361 2726 creatura
1375 2702 1546 2726 creatorem.
1579 2704 1668 2728 Istam
