1742 3005
244 74 326 113 370
448 74 544 124 Cap:
574 72 779 111 LXXXIX.
843 73 901 111 De
932 79 1061 110 sancto
1094 73 1207 112 Petro
1239 75 1426 125 apostolo.

245 182 313 214 mia
338 179 467 213 amoris
489 175 674 211 dulcedine
691 176 860 221 lacrymas
880 178 1059 212 continere
1080 188 1148 211 non
1167 181 1316 222 poterat.
1363 176 1512 217 Quando
1530 178 1634 212 etiam

246 246 380 288 eulpam
399 242 600 288 negationis
620 240 666 275 ad
685 241 885 276 memoriam
911 241 1115 283 reducebat,
1142 241 1291 276 ubertim
1310 242 1482 288 lacrymas
1499 245 1634 278 emitte-

246 311 326 351 bat,
362 307 454 342 unde
486 306 576 341 adeo
602 308 637 341 in
667 306 920 341 consuettuline
944 305 1068 340 habuit
1092 305 1197 349 flere,
1232 311 1270 341 ut
1302 309 1378 353 ejtts
1414 309 1525 344 facies
1560 313 1635 343 tota

245 374 372 408 adusta
396 374 557 418 lacrymis
582 372 777 413 videretur,
813 372 903 406 sicut
938 371 1023 406 dicit
1057 371 1230 406 Clemens.
1278 371 1372 407 Idem
1406 375 1510 408 etiam
1538 374 1636 416 dicit,

246 439 340 485 quod
367 438 487 473 audito
512 440 548 473 in
573 441 676 472 nocte
702 437 898 483 gallicantu
922 436 967 471 ad
993 438 1189 472 orationem
1216 448 1365 484 surgere
1394 443 1636 480 consueverat,

248 510 282 540 et
300 509 380 540 tunc
398 505 559 539 similiter
577 504 622 538 ad
641 504 757 539 fletum
776 513 1004 548 prorumpere
1026 504 1219 537 consuevit.
1254 502 1374 538 Refert
1395 514 1532 549 quoque
1557 504 1635 538 Cle-

247 581 355 612 mens,
381 569 569 605 seeundum
596 568 689 615 quod
718 570 751 602 in
777 568 935 614 hystoria
953 567 1198 603 ecclesiastica
1219 570 1404 611 invenitur,
1433 568 1538 614 quod,
1562 578 1636 602 cum

247 647 335 671 uxor
359 636 452 671 Petri
479 635 525 670 ad
549 636 751 680 passionem
776 634 980 676 duceretur,
1014 633 1137 668 Petrus
1161 635 1297 680 ingenti
1322 635 1454 680 gaudio
1481 634 1637 669 exsulta-

248 705 297 736 vit
323 712 365 736 ac
389 711 464 736 eam
490 701 634 745 proprio
672 709 800 733 vocans
834 700 993 740 nomine,
1027 703 1109 743 post
1135 710 1209 734 eam
1235 700 1417 734 clamavit:
1452 710 1471 733 ο
1497 700 1638 745 conjux,

247 771 416 801 memento
443 765 584 800 domini.
634 763 791 804 Quadam
818 765 891 798 vice
916 763 994 797 dum
1020 763 1145 798 Petrus
1171 765 1355 809 apostolus
1382 765 1470 800 duos
1496 765 1538 799 de
1564 765 1637 798 dis-
1692 760 1703 763 ’

249 832 375 876 ripulis
397 833 471 865 suis
497 832 654 865 misisset
678 829 723 864 ad
748 828 1031 874 praedicandum,
1058 828 1137 862 dum
1167 831 1292 875 viginti
1319 830 1455 865 diaetas
1479 832 1640 871 ivissent,

248 908 335 932 unus
362 897 500 931 illorum
527 896 712 931 defunctus
740 899 815 936 est,
853 895 944 929 alter
982 906 1064 930 vero
1094 894 1139 929 ad
1164 895 1303 930 Petrum
1329 896 1435 930 rediit
1460 900 1513 937 et,
1547 896 1639 941 quod

248 963 444 1005 acciderat,
473 963 657 998 nuntiavit.
704 961 767 995 Hic
792 960 919 994 dicitur
944 961 1054 995 fuisse
1079 960 1205 995 beatus
1231 960 1407 996 Martialis
1435 962 1488 996 vel
1515 972 1641 996 secun-

249 1030 328 1063 dum
356 1028 524 1073 quosdam
550 1028 744 1063 Maternus.
794 1026 889 1061 Alibi
923 1026 1075 1073 legitur,
1112 1027 1207 1071 quod
1244 1029 1375 1072 primus
1414 1027 1479 1062 suit
1514 1027 1642 1061 beatus

248 1093 394 1134 Fronto;
424 1094 554 1135 socius,
582 1095 640 1138 qui
667 1092 852 1127 defunctus
878 1097 944 1134 est,
969 1092 1144 1127 secundus
1163 1092 1228 1126 fuit
1251 1093 1428 1137 presbiter
1453 1092 1640 1138 Georgius.

250 1159 348 1193 Tunc
360 1159 485 1194 Petrus
495 1169 594 1193 suum
605 1158 766 1192 baculum
784 1157 1013 1192 sibitradidit
1025 1160 1258 1202 praecipiens,
1284 1163 1321 1192 ut
1343 1158 1387 1193 ad
1407 1160 1539 1192 socium
1561 1169 1639 1203 per<

250 1229 351 1271 geret
374 1229 408 1259 et
433 1235 508 1259 eum
537 1234 644 1269 super
669 1223 765 1257 illum
791 1228 949 1268 poneret.
1000 1223 1098 1263 Quod
1120 1234 1193 1258 cum
1222 1224 1366 1259 fecisset
1385 1224 1457 1267 ille,
1485 1225 1543 1269 qui
1566 1224 1640 1269 jann

247 1301 311 1335 per
344 1290 407 1324 XL
442 1290 519 1324 dies
551 1289 699 1335 jacebat
730 1293 908 1331 mortuus,
940 1290 1099 1334 protinus
1129 1291 1283 1324 surrexit
1319 1291 1428 1324 vivus.
1457 1311 1495 1316 —
1520 1294 1561 1328 2.
1586 1289 1640 1325 Eo

248 1361 404 1401 tempore
432 1360 508 1391 erat
532 1357 567 1389 in
587 1355 782 1391 Jerusalem
802 1354 940 1400 quidam
960 1365 1084 1401 magus
1104 1357 1243 1390 nomine
1263 1355 1402 1400 Spuon,
1429 1356 1488 1400 qni
1508 1366 1545 1390 se
1567 1357 1639 1399 pri-

249 1432 337 1456 mam
362 1423 543 1457 veritatem
570 1421 713 1457 dicebat
735 1426 772 1457 et
797 1421 868 1455 sibi
892 1420 1078 1456 credentes
1105 1426 1296 1466 perpetuos
1332 1421 1423 1456 ellici
1456 1420 1642 1455 asserebat

250 1492 284 1522 et
310 1487 406 1521 nulla
433 1487 503 1521 sibi
528 1488 765 1533 impossibilia
789 1486 941 1523 dicebat.
989 1486 1139 1533 Legitur
1158 1489 1262 1521 etiam
1284 1487 1423 1522 inlibro
1440 1486 1640 1527 Clementis,

250 1556 362 1598 ipsum
390 1553 544 1589 dixisse:
570 1553 760 1597 adorabor,
786 1558 824 1588 ut
844 1552 952 1595 Deus,
977 1553 1128 1598 publice,
1156 1553 1284 1588 divinis
1311 1553 1470 1588 donabor
1496 1552 1639 1586 lionori—

249 1619 315 1654 bus
343 1623 395 1661 et,
431 1620 605 1665 quidquid
637 1620 804 1663 voluero,
842 1619 962 1654 facere
997 1623 1132 1664 potero.
1182 1619 1382 1665 Aliquando
1420 1629 1495 1654 cum
1531 1622 1643 1653 mater

250 1695 326 1719 mea
348 1684 479 1720 Rachel
500 1685 645 1731 juberet
669 1696 722 1720 me
747 1687 845 1720 exire
870 1685 916 1719 ad
942 1695 1120 1729 campum,
1146 1690 1184 1719 ut
1207 1690 1391 1728 meterem,
1420 1696 1487 1731 ego
1516 1685 1640 1719 falcem

249 1750 372 1784 videns
398 1753 548 1795 positam
576 1753 743 1795 praecepi
768 1751 872 1791 salci,
905 1755 943 1785 ut
975 1761 1039 1795 per
1070 1760 1109 1784 se
1143 1754 1309 1793 meteret,
1343 1755 1376 1786 et
1406 1753 1553 1786 messuit
1577 1750 1638 1785 de-

250 1815 351 1859 cuplo
377 1816 526 1860 amplius
553 1818 715 1851 caeteris.
764 1816 912 1851 Addidit
939 1826 1089 1860 quoque,
1117 1815 1302 1850 secundum
1329 1816 1422 1861 quod
1448 1817 1534 1850 dicit
1557 1816 1638 1851 Hie-

251 1891 431 1925 ronymus:
458 1892 525 1927 ego
551 1892 625 1916 sum
650 1892 764 1917 sermo
790 1881 875 1923 Dei,
902 1892 969 1927 ego
995 1883 1203 1926 speciosus,
1230 1892 1297 1926 ego
1323 1882 1535 1926 paraclituS,
1571 1893 1638 1927 ego

250 1940 365 1980 onmia
390 1946 466 1981 Dei.
516 1947 706 1992 Serpentes
731 1958 870 1993 quoque
893 1958 1024 1982 aeneos
1059 1947 1214 1981 faciebat
1242 1957 1281 1981 se
1315 1957 1475 1989 movere,
1503 1951 1638 1982 statuas

249 2022 377 2046 aeneas
404 2017 438 2047 et
464 2013 625 2057 lapideas
653 2014 787 2057 ridere,
826 2018 990 2059 etlcanes
1014 2018 1167 2048 cantare.
1217 2013 1278 2047 llic
1301 2014 1431 2059 igitur,
1470 2017 1507 2048 ut
1530 2012 1639 2048 Linus

248 2078 316 2117 ait,
356 2078 478 2113 volens
514 2078 696 2123 disputare
732 2090 807 2113 cum
835 2079 940 2114 Petro
971 2083 1005 2114 et
1038 2078 1244 2121 ostendere,
1282 2079 1373 2124 quod
1398 2079 1492 2115 Deus
1530 2085 1638 2122 esset,

249 2147 380 2178 statuta
405 2143 463 2178 die
489 2146 582 2179 venit
606 2145 730 2180 Petrus
756 2145 802 2180 ad
823 2145 935 2180 locum
961 2146 1159 2179 certaminis
1193 2149 1228 2179 et
1260 2145 1482 2180 adstantibus
1515 2147 1638 2182 Petrus

247 2208 355 2242 dixit:
390 2219 458 2253 pax
484 2209 605 2253 vobis,
642 2210 789 2254 fratres,
826 2213 885 2256 qui
911 2213 1090 2246 veritatem
1120 2212 1258 2244 amatis.
1306 2212 1369 2245 Cui
1396 2212 1542 2256 Symon:
1572 2224 1637 2248 nos

247 2279 307 2307 tua
329 2284 415 2318 pace
441 2284 529 2319 opus
556 2286 624 2309 non
649 2275 839 2319 babemus,
881 2278 913 2310 si
940 2278 1028 2311 enim
1054 2286 1123 2320 pax
1149 2277 1196 2310 sit
1220 2281 1255 2311 et
1282 2277 1484 2320 concordia,
1511 2279 1556 2314 ad
1582 2281 1635 2314 in—

245 2339 451 2374 veniendam
485 2341 665 2376 veritatem
699 2341 787 2376 nihil
821 2342 994 2387 proficere
1026 2343 1226 2387 poterimus.
1274 2342 1409 2378 Habent
1433 2345 1522 2379 enim
1547 2347 1638 2379 intra

245 2414 284 2438 se
310 2415 431 2449 pacem
457 2405 625 2449 latrones,
651 2411 796 2452 propter
821 2407 914 2453 quod
940 2407 1013 2442 noli
1038 2410 1203 2444 invocare
1224 2418 1355 2454 pacem,
1382 2409 1445 2445 sed
1467 2420 1634 2456 pugnam:

244 2469 380 2504 duobus
406 2472 496 2506 enim
524 2471 770 2508 dimicantibus
795 2477 875 2508 tunc
900 2476 966 2509 erit
991 2485 1072 2519 pax,
1100 2486 1175 2510 cum
1200 2475 1291 2511 alter
1314 2476 1420 2512 suerit
1437 2479 1633 2520 superatus.

244 2533 286 2567 Εἰ
310 2535 454 2571 Petrus:
496 2548 558 2572 our
581 2539 683 2574 times
709 2539 832 2575 audire
860 2541 1006 2584 pacem?
1053 2538 1104 2576 Ex
1137 2543 1295 2587 peccatis
1321 2543 1410 2576 enim
1434 2540 1528 2575 bella
1551 2550 1634 2575 nas-

243 2603 387 2641 cuntur,
416 2602 475 2636 ubi
508 2609 624 2639 antem
651 2609 828 2650 peccatum
862 2616 932 2640 non
957 2605 1015 2649 fit,
1053 2616 1122 2651 pax
1157 2611 1230 2648 est;
1267 2607 1301 2640 in
1335 2605 1632 2649 disputationibus

244 2665 391 2705 veritas,
421 2667 453 2700 in
480 2669 646 2711 operibus
668 2671 811 2715 justitia
836 2673 1020 2713 invenitur.
1074 2671 1117 2706 Et
1144 2671 1287 2716 Symon:
1316 2670 1401 2705 nihil
1427 2670 1537 2715 dieis',
1568 2672 1631 2708 sed
