1742 3005
195 109 291 158 Cap.
326 107 509 143 CLXXX.
569 108 625 144 De
664 109 801 144 sanctis
834 108 1006 143 Barlaain
1039 115 1075 145 et
1104 110 1297 159 Josaphat.
1356 111 1436 150 813

56 211 210 246 laudavit
247 215 282 246 et
319 213 506 246 vanitatem
548 211 661 245 mundi
705 222 937 246 rememorans
982 214 1186 257 quantocius
1222 213 1285 248 hoe
1326 216 1435 251 adim-

55 277 214 322 plendum
242 278 426 312 consuluit.
477 277 576 317 Quod
603 288 662 312 rex
683 277 826 311 audiens
846 282 880 311 et
897 288 1011 312 verum
1034 288 1123 315 esse,
1151 279 1241 323 quod
1263 280 1435 325 dixerant,

54 341 200 376 eredens
228 341 345 377 surore
371 343 524 387 repletus
551 347 624 384 est,
657 343 743 376 nihil
769 346 882 376 tamen
916 342 984 375 sibi
1011 343 1210 387 respondit,
1249 347 1300 379 vir
1322 351 1434 383 autem

53 407 285 451 perpendens,
305 407 396 453 quod
418 418 477 442 rex
500 408 657 453 graviter
676 407 781 441 verba
798 417 861 440 sna
879 412 1075 449 acceperat,
1096 412 1244 442 tremens
1263 411 1435 449 abscessit

52 475 85 506 et
111 472 278 507 medicum
305 473 486 507 verborum
517 483 554 507 se
579 472 711 506 habere
735 472 894 505 recolens
923 473 1036 504 onmia
1063 471 1129 505 sibi
1156 477 1320 510 narravit.
1372 478 1433 512 Cui

51 537 130 572 ille:
164 542 278 572 notum
305 540 349 572 sit
375 538 460 579 tibi,
497 537 589 581 quod
627 547 686 570 rex
713 537 929 581 suspicatur,
965 540 1001 569 ut
1027 541 1171 580 propter
1196 537 1263 572 hoc
1289 540 1432 585 dixeris,

51 603 143 647 quod
180 604 256 648 ejus
290 613 432 648 regnum
467 602 552 636 velis
596 601 781 643 invadere3
826 612 932 646 surge
967 603 1074 647 igitur
1109 606 1142 636 et
1177 613 1307 639 comam
1341 612 1431 643 tuam

48 668 154 703 tonde
189 672 223 703 et
248 669 452 703 vestimenta
477 666 647 712 abjiciens
677 667 825 701 eilieium
853 667 955 701 indue
990 671 1023 701 et
1051 677 1181 702 summo
1208 670 1361 706 diluculo
1387 675 1431 707 ad

51 723 166 778 r'egem
192 732 399 779 ingredere,
425 743 570 778 eumque
599 743 677 773 rex,
711 732 794 777 quid
821 732 889 766 sibi
915 733 980 766 hoc
1015 732 1115 775 velit,
1147 736 1431 783 interrogaverit,

49 797 297 842 respondebis:
330 808 433 840 eeee,
467 809 545 839 rex,
581 802 723 842 paratus
749 808 821 831 suin
848 800 947 843 sequi
973 803 1028 841 te,
1065 809 1140 833 nam
1168 802 1231 834 etsi
1259 804 1336 845 via,
1370 816 1432 848 per

48 872 148 908 quain
173 865 270 908 cupis
296 866 368 906 ire,
406 863 558 897 difficilis
587 865 652 906 sit,
688 867 798 897 tecum
832 868 944 898 tamen
984 866 1164 898 exsistenti
1200 866 1311 901 facilis
1348 869 1430 903 inihi

47 930 133 970 erit,
167 930 258 963 sieut
282 932 368 964 enim
399 931 530 963 socium
556 939 608 963 ine
636 928 791 963 habuisti
817 930 850 962 in
876 931 1079 973 prosperis,
1115 931 1164 963 sic
1190 930 1337 966 habebis
1366 944 1428 978 pa-

47 996 132 1028 riter
156 996 190 1028 in
215 995 395 1036 adversis;
432 1004 520 1028 nnnc
552 996 659 1039 igitur
693 998 833 1039 praesto
859 1005 952 1037 suin,
990 994 1071 1039 quid
1107 998 1282 1033 morai-is?
1330 999 1428 1038 Quod

45 1069 119 1093 enm
144 1060 204 1094 ille
229 1070 291 1104 per
315 1060 469 1094 ordinem
503 1060 665 1102 fecisset,
701 1071 761 1094 rex
797 1060 977 1103 obstupuit
1009 1064 1043 1093 et
1075 1060 1240 1096 falsarios
1276 1074 1429 1109 arguens

46 1126 154 1159 virum
179 1125 349 1170 ampliore
375 1124 509 1160 honore
536 1126 671 1159 ditavit.
722 1125 829 1159 Filius
855 1129 968 1159 antem
1003 1126 1078 1169 ejus
1116 1127 1149 1159 in
1186 1129 1316 1171 palatio
1343 1130 1428 1164 edu-

46 1194 145 1224 catus
177 1189 221 1224 ad
255 1194 403 1225 aetatem
441 1191 594 1225 adultam
633 1192 793 1235 pervenit
835 1195 868 1226 et
900 1192 934 1224 in
977 1192 1069 1224 omni
1112 1195 1286 1237 sapientia
1327 1196 1429 1239 plene

44 1255 188 1290 edoctus
215 1255 289 1290 suit.
337 1256 523 1291 Admirans
547 1260 673 1298 autem,
699 1267 760 1290 cur
786 1262 885 1301 pater
910 1258 959 1290 sie
986 1268 1059 1291 euin
1088 1259 1302 1302 reclusisset,
1326 1272 1427 1295 unuin

43 1320 85 1355 de
112 1321 224 1355 servis
251 1321 318 1355 sibi
345 1321 606 1356 familiariorem
635 1326 773 1356 secreto
806 1322 847 1357 de
874 1323 939 1358 hae
966 1336 1001 1359 re
1028 1326 1258 1370 interrogavit
1295 1326 1426 1368 dicens,

44 1396 82 1421 se
108 1387 143 1420 in
167 1386 274 1420 multa
298 1389 475 1421 moestitia
499 1388 649 1432 positum
676 1398 738 1432 pro
766 1399 828 1429 eo,
864 1389 956 1433 quod
988 1390 1055 1423 sibi
1089 1390 1185 1424 foras
1213 1392 1333 1436 egredi
1360 1403 1426 1426 non

40 1451 183 1493 liceret,
227 1451 317 1486 adeo
349 1457 386 1486 ut
419 1462 480 1486 nee
513 1452 612 1486 cibus
650 1454 719 1487 sibi
753 1460 894 1498 saperet
928 1465 990 1489 nee
1023 1460 1139 1499 potus.
1197 1455 1294 1495 Quod
1328 1462 1428 1500 pater

41 1516 187 1551 audiens
223 1520 257 1552 et
289 1517 412 1552 dolens
445 1528 553 1563 equos
582 1518 728 1565 idoneos
756 1522 871 1563 parari
900 1520 983 1554 feeit
1010 1525 1043 1554 et
1068 1520 1193 1554 choros
1220 1521 1425 1565 plaudentes

41 1585 121 1617 ante
147 1592 222 1617 eum
249 1583 405 1625 mittens,
433 1593 474 1617 ne
503 1584 585 1628 quid
611 1583 678 1617 sibi
707 1583 843 1618 foedum
871 1590 1090 1627 occurreret,
1128 1585 1319 1631 diligenter
1343 1598 1425 1631 pro-

41 1646 166 1682 hibuit.
232 1647 418 1682 Praedieto
463 1650 572 1694 igitur
608 1651 736 1694 juvene
771 1650 890 1684 taliter
924 1650 1136 1695 procedente
1168 1652 1315 1696 quadani
1352 1654 1425 1687 viee

41 1722 128 1747 nnus
166 1712 328 1757 leprosus
363 1717 396 1747 et
431 1724 517 1748 unns
553 1725 680 1749 caecus
706 1714 774 1748 sibi
803 1714 1045 1750 obviaverunt.
1097 1716 1191 1756 Quos
1217 1717 1276 1750 ille
1304 1717 1424 1752 videns

40 1781 74 1812 et
108 1781 271 1822 stupens,
316 1779 374 1823 qui
405 1780 476 1812 sint
510 1783 542 1814 et
579 1779 741 1824 quidnam
776 1780 951 1824 habeant,
994 1783 1174 1826 inquisivit
1209 1786 1242 1816 et
1275 1784 1423 1816 ministri

39 1842 224 1877 dixerunt:
257 1844 442 1887 passiones
471 1845 562 1879 istae
592 1849 688 1887 sunt,
722 1855 810 1890 quae
843 1846 1040 1880 hominibus
1065 1847 1237 1881 accidunt.
1279 1846 1321 1881 Et
1345 1848 1424 1882 ille:

39 1907 197 1941 omnibus
222 1907 420 1943 hominibus
446 1908 513 1943 hoc
537 1912 741 1956 contingere
767 1911 885 1945 solet?
933 1911 1151 1957 Negantibus
1178 1913 1247 1946 illis
1274 1923 1422 1957 respon-

39 1972 113 2017 det:
147 1973 222 2006 noti
253 1977 333 2007 sunt
365 1975 494 2020 igitur,
537 1978 594 2021 qui
634 1976 701 2010 hoe
743 1978 817 2021 pati
858 1977 1030 2019 debeant,
1073 1988 1116 2012 an
1157 1980 1206 2012 sie
1243 1978 1422 2013 indefinite

37 2037 275 2081 proveniunt?
315 2036 360 2072 Et
376 2039 446 2072 illi:
467 2039 552 2084 'quis
580 2040 753 2075 hominum
779 2042 895 2075 sutura
913 2043 1003 2076 seire
1025 2042 1145 2077 valet?
1179 2043 1290 2077 Valde
1316 2045 1423 2088 igitur

38 2103 163 2136 anxius
189 2111 268 2137 esse
291 2104 408 2148 eoepit
435 2114 497 2148 pro
526 2105 812 2139 inconsuetudine
845 2107 907 2140 rei.
957 2106 1037 2140 Atia
1061 2110 1173 2140 autem
1202 2108 1277 2141 viee
1311 2117 1420 2151 quen-

38 2166 116 2201 dam
141 2166 243 2202 valde
267 2177 404 2211 senem,
432 2178 595 2215 rugosam
621 2169 805 2204 habentem
834 2170 956 2205 faciem
984 2174 1016 2204 et
1041 2171 1180 2205 dorsum
1206 2172 1419 2205 incurvatum

38 2235 72 2266 et
99 2231 328 2267 candentibus
353 2233 516 2269 dentibus
540 2234 768 2269 balbutiendo
787 2235 982 2280 loquentem
1006 2237 1145 2270 invenit.
1195 2236 1420 2282 Stupesaetus

38 2298 146 2342 igitur
178 2297 314 2333 discere
347 2299 443 2344 eupit
474 2300 618 2334 visionis
654 2300 874 2342 mii-aenium,
909 2310 1053 2346 eumque
1086 2301 1291 2344 didicisset,
1326 2301 1418 2346 quod

36 2365 182 2406 propter
197 2372 363 2398 annorum
388 2364 638 2399 multitudinem
658 2364 702 2399 ad
721 2365 825 2400 talem
847 2369 974 2400 statum
994 2368 1158 2409 venisset,
1188 2368 1259 2401 ait:
1289 2370 1322 2401 et
1342 2368 1418 2410 quis

37 2431 92 2461 est
109 2426 212 2472 hujus
239 2426 345 2462 finis?
390 2428 517 2463 Dicunt
543 2431 591 2464 ei:
618 2441 723 2464 mors.
770 2429 814 2465 Et
838 2431 914 2465 ille:
943 2433 1139 2466 omniumne
1160 2442 1252 2466 mors
1277 2432 1330 2466 vel
1352 2431 1418 2464 ali-

39 2492 212 2536 quorum?
259 2490 410 2537 Cumque
436 2493 633 2536 didicisset,
660 2505 778 2534 omnes
805 2498 893 2530 mori
920 2496 1072 2539 debere,
1100 2497 1350 2542 interrogavit:
1384 2499 1418 2530 et

38 2559 122 2601 quot
151 2557 251 2590 annis
283 2556 370 2591 haec
403 2559 681 2601 superveniunt?
730 2558 774 2594 Et
801 2560 880 2596 ille:
913 2563 947 2595 in
982 2562 1161 2606 octoginta
1194 2561 1249 2596 vel
1282 2564 1415 2595 eentum

37 2621 136 2655 annis
172 2625 335 2656 senectus
374 2621 566 2664 inducitur,
614 2622 739 2658 deinde
780 2634 872 2658 mors
914 2627 993 2670 ipsa
1031 2626 1267 2671 subsequitur.
1323 2625 1416 2660 Haec

36 2685 144 2730 igitur
172 2685 313 2730 juvenis
349 2686 549 2733 frequenter
573 2689 606 2722 in
631 2688 736 2724 corde
759 2698 822 2724 suo
851 2691 1052 2737 recogitans
1085 2691 1118 2726 in
1143 2691 1248 2727 multa
1274 2690 1413 2727 desola-
