1742 3005
313 104 410 155 Cap.
443 104 589 141 CXLll.
648 102 708 140 De
748 108 876 140 sancta
905 95 1238 151 Justina‘virgine.
1390 100 1472 140 635

86 209 172 244 dens
206 211 240 244 et
272 207 443 244 Justinam
475 220 554 245 esse
583 209 730 245 credens
764 207 894 254 gaudio
920 206 1077 252 repletus
1102 207 1170 241 ait:
1204 205 1292 241 bene
1331 208 1471 251 venisti,

84 274 223 310 ,lustina
247 276 395 309 omnium
423 275 626 309 seminarum
654 274 795 309 decora.
844 273 930 308 Mox
947 278 984 307 ut
1002 272 1196 318 Cyprianus
1219 283 1343 307 nomen
1364 272 1474 308 Justi-

85 349 153 375 nae
176 341 385 383 nominavit,
414 341 586 386 dyabolus
612 351 735 375 nomen
761 339 846 374 illud
874 339 967 373 l'erre
992 349 1060 372 non
1087 339 1212 382 potuit,
1238 337 1300 373 sed
1327 336 1371 372 ad
1398 338 1474 382 ejus

86 406 317 450 prolationem
334 407 446 441 instar
464 406 673 440 fumistatim
685 406 835 440 evanuit.
865 405 1088 449 Quapropter
1100 404 1294 447 Cyprianus
1317 403 1475 437 delusum

89 480 128 506 se
160 470 284 506 videns
316 472 429 506 tristis
461 473 648 514 remansit,
688 470 779 504 unde
813 473 847 504 et
881 469 1030 513 amplius
1064 469 1099 501 in
1133 477 1286 502 amorem
1317 468 1476 503 Justinae

90 541 254 572 aestuans
280 537 325 571 ad
351 538 475 571 ostium
502 537 649 582 virginis
676 535 734 569 diu
760 534 923 580 vigilavit
960 537 994 568 et
1019 532 1231 578 quandoque
1256 534 1290 566 in
1314 532 1476 567 feminam

90 602 299 648 quandoque
325 603 358 636 in
384 610 493 644 avem,
521 605 558 635 ut
584 600 788 643 videbatur,
817 604 892 634 arte
917 601 1055 645 magica
1082 609 1121 634 se
1151 602 1378 640 commutans,
1403 608 1478 632 eum

90 668 247 702 venisset
280 665 325 701 ad
357 668 483 701 ostium
520 667 688 712 virginis,
722 676 835 711 neque
871 665 1000 700 semina
1029 675 1144 710 neque
1177 666 1277 706 avis,
1316 663 1379 698 sed
1411 664 1479 709 Cy-

92 734 234 778 prianus
269 733 430 777 protinus
463 731 671 777 apparebat.
721 731 889 767 Acladius
920 741 1061 776 quoque
1092 735 1167 766 arte
1195 729 1380 775 dyabolica
1405 740 1479 765 mu-

91 802 184 833 tatus
218 799 253 832 in
287 808 467 843 passerem
505 808 579 832 cum
620 797 665 831 ad
697 796 885 832 fenestram
917 797 1076 832 Justinae
1109 797 1286 838 volasset,
1334 806 1411 830 mox
1444 800 1483 830 ut

92 865 192 910 virgo
211 875 286 899 eum
309 863 486 909 adspexit,
514 874 581 897 non
601 873 738 908 passer,
765 863 829 897 sed
846 862 1014 897 Aeladius
1035 863 1199 907 apparuit
1215 863 1482 908 angustiarique

92 930 193 964 nimis
220 931 337 974 coepit
363 939 404 964 ac
428 933 599 971 tremere,
637 930 720 974 quia
744 938 807 963 nec
834 928 957 974 sugere
986 931 1126 972 poterat
1158 938 1221 963 nec
1248 928 1367 963 salire.
1417 927 1482 962 Ti-

94 1006 188 1031 mens
222 1005 306 1030 vero
339 994 496 1037 Justina,
530 1005 573 1029 ne
607 993 750 1028 caderet
786 998 820 1028 et
857 998 1038 1039 creparet,
1075 1004 1150 1028 enm
1176 1005 1240 1039 per
1267 994 1394 1028 scalam
1421 994 1482 1028 de-

94 1063 176 1107 poni
205 1061 288 1096 fecit
311 1064 347 1096 et
369 1060 581 1102 admonens,
615 1064 654 1094 ut
677 1070 697 1095 a
722 1070 785 1095 sua
810 1062 956 1095 vesania
981 1064 1161 1103 cessaret,
1193 1070 1237 1094 ne
1258 1060 1360 1105 juxta
1384 1059 1485 1105 leges

93 1131 267 1172 tamquam
292 1124 469 1160 maleficus
497 1127 690 1171 puniretur.
739 1125 811 1161 lsta
845 1128 961 1161 omnia
995 1126 1181 1161 seeundum
1210 1125 1373 1171 figmenta
1399 1124 1484 1169 dya-

92 1192 210 1227 bolica
243 1192 288 1227 ad
319 1191 491 1238 quandam
527 1194 769 1237 apparentiam
800 1192 940 1227 fiebant.
991 1192 1110 1227 Victus
1145 1194 1255 1238 igitur
1283 1201 1345 1236 per
1370 1192 1486 1225 omnia

94 1258 265 1304 dyabolus
304 1258 349 1293 ad
382 1257 588 1303 Cyprianum
629 1257 735 1292 rediit
769 1262 803 1293 et
834 1262 914 1293 ante
949 1268 1024 1292 euin
1060 1258 1226 1292 confusus
1263 1259 1373 1293 stetit.
1422 1257 1486 1291 Cui

95 1325 183 1360 dixit
203 1324 416 1370 Cyprianus:
442 1324 606 1369 numquid
634 1328 669 1358 et
692 1328 729 1358 tu
757 1325 868 1358 vic-tus
898 1325 962 1359 es?
1011 1324 1106 1364 Quae
1133 1328 1208 1367 est,
1235 1325 1352 1366 miser,
1377 1324 1486 1357 virtus

96 1395 234 1433 vestra,
267 1396 305 1424 ut
338 1399 440 1423 unam
468 1389 618 1433 puellam
644 1400 713 1423 non
739 1391 885 1436 possitis
911 1391 1050 1424 vincere
1077 1400 1139 1424 nec
1165 1392 1198 1424 in
1225 1400 1298 1425 eain
1329 1392 1487 1434 potesta-

95 1460 162 1491 tem
193 1455 348 1497 habere,
387 1454 449 1489 sed
483 1465 500 1489 e
533 1465 704 1489 converso
736 1457 815 1500 ipsa
848 1465 910 1489 vos
946 1457 1060 1490 vincat
1085 1460 1119 1491 et
1144 1460 1212 1490 tam
1240 1455 1489 1490 miserabiliter

99 1532 161 1556 vos
186 1521 415 1566 prosternat?
463 1520 526 1555 Dic
558 1524 672 1556 tamen
704 1520 808 1563 milii,
845 1521 1014 1564 obsecro,
1051 1523 1084 1555 in
1119 1532 1187 1567 quo
1220 1526 1273 1557 est
1307 1522 1383 1566 ejus
1419 1523 1486 1554 tam

98 1588 247 1622 maxima
282 1586 481 1620 fortitudo?
529 1586 591 1621 Cui
625 1586 772 1621 daemon
802 1588 873 1621 ait:
909 1588 938 1620 si
971 1587 1053 1621 mihi
1083 1589 1280 1632 juraveris,
1318 1590 1356 1620 ut
1389 1596 1410 1620 a
1436 1596 1489 1620 me

99 1662 318 1698 nequaquam
363 1651 529 1694 recedaS,
574 1653 735 1687 virtutem
777 1653 854 1698 ejus
901 1653 1071 1688 victoriae
1111 1653 1176 1687 tibi
1213 1652 1375 1698 pandam.
1427 1651 1489 1685 Cui

100 1718 312 1764 Cyprianus:
338 1727 401 1762 per
425 1717 507 1762 quid
533 1717 598 1751 tibi
620 1717 782 1762 jurabo?
831 1718 893 1752 Cui
920 1718 1086 1753 daemon:
1110 1720 1193 1764 jura
1217 1720 1299 1753 milii
1328 1729 1391 1763 per
1418 1719 1488 1752 vir-

99 1788 191 1819 tutes
225 1793 318 1817 nteas
356 1792 523 1828 magnas,
558 1783 651 1828 quod
684 1793 705 1817 a
738 1794 790 1819 ine
820 1794 992 1830 iiunquam
1021 1784 1199 1819 discedas.
1248 1784 1341 1818 Dicit
1366 1785 1397 1818 ei
1425 1783 1489 1828 Cy-

100 1851 265 1895 prianus:
303 1859 367 1893 per
401 1849 548 1883 virtutes
584 1854 662 1883 tuas
697 1860 843 1896 magnas
869 1851 934 1885 tibi
957 1852 1059 1895 Juro,
1094 1850 1185 1895 quod
1213 1860 1233 1884 a
1258 1854 1291 1884 te
1317 1859 1489 1894 nunquam

100 1915 292 1951 discedam.
341 1914 441 1949 Tunc
467 1914 638 1959 dyabolus
665 1917 765 1960 quasi
785 1926 930 1951 securus
951 1918 982 1951 ei
1003 1916 1110 1950 dixit:
1137 1915 1255 1960 puella
1275 1915 1336 1949 illa
1353 1916 1490 1960 signum

101 1979 257 2014 crucifixi
281 1979 392 2014 edidit
416 1983 450 2014 et
476 1981 591 2014 statim
621 1981 785 2015 contabui
812 1986 846 2016 et
870 1992 1001 2016 omnem
1029 1983 1188 2015 virtutem
1215 1981 1316 2015 amisi
1339 1984 1373 2014 et
1389 1981 1491 2024 quasi

101 2054 183 2079 cera
227 2053 249 2077 a
280 2044 370 2078 facie
414 2045 508 2089 ignis
547 2045 679 2080 effluxi.
728 2047 821 2081 Dicit
857 2048 890 2080 ei
927 2044 1141 2091 Cyprianus:
1188 2056 1274 2091 ergo
1306 2044 1491 2079 crucifixus

104 2111 217 2155 maj0r
240 2112 276 2142 te
302 2109 384 2142 est?
431 2106 475 2142 Et
501 2107 670 2141 daemon:
699 2111 819 2154 utique
845 2111 957 2155 major
977 2110 1136 2144 omnibus
1156 2114 1210 2144 est
1231 2114 1265 2143 et
1282 2119 1345 2142 nos
1365 2113 1398 2143 et
1417 2119 1490 2142 om-

104 2186 179 2218 nes,
206 2184 294 2220 quos
320 2173 377 2208 hic
395 2173 601 2217 decipimus,
626 2173 746 2208 tradet
770 2175 845 2220 igni
873 2174 1133 2220 inextinguibili
1159 2174 1380 2209 cruciandos,
1430 2173 1493 2208 Cui

71 2226 318 2286 *cyprianum
356 2249 443 2285 ergo
476 2243 511 2274 et
547 2249 615 2286 ego
648 2240 779 2273 amicus
816 2239 928 2275 debeo
963 2240 1038 2274 fieri
1075 2239 1251 2282 crucifixi,
1286 2250 1328 2274 ne
1361 2243 1492 2275 tantam

106 2305 295 2351 aliquando
327 2314 476 2350 poenam
510 2305 692 2340 incurrant.
741 2305 805 2340 Cui
831 2304 1020 2350 dyabolus:
1045 2306 1175 2352 jurasti
1208 2305 1290 2340 milii
1324 2317 1388 2351 per
1422 2307 1492 2340 vir-

106 2375 200 2406 tutes
234 2372 301 2405 mei
331 2372 527 2413 exereitus,
562 2382 625 2416 per
659 2381 747 2416 quas
782 2382 883 2406 nemo
916 2373 1098 2417 perjtirare
1124 2371 1237 2414 valet,
1274 2371 1365 2417 quod
1392 2381 1414 2405 a
1441 2381 1494 2406 me

107 2446 279 2482 nunquam
307 2435 521 2471 discederes.
571 2437 622 2472 Ad
651 2448 750 2482 quem
779 2437 990 2482 Cyprianus:
1016 2442 1050 2472 te
1075 2440 1109 2472 et
1137 2448 1254 2472 omnes
1281 2436 1493 2483 fumigantes

107 2507 185 2538 tuas
215 2503 360 2537 virtutes
388 2506 568 2537 contemno
596 2506 630 2537 et
656 2502 721 2536 tibi
747 2507 782 2537 et
815 2503 974 2537 omnibus
1001 2502 1162 2546 dyabolis
1188 2503 1257 2536 tuis
1284 2502 1493 2537 abrenuntio

109 2573 144 2604 et
179 2567 336 2602 crucifixi
369 2568 516 2602 salutari
553 2577 606 2603 me
640 2569 742 2613 signo
779 2569 904 2602 niunio.
954 2568 1147 2612 Statimque
1181 2567 1225 2602 ab
1253 2578 1294 2603 eo
1320 2566 1493 2613 dyabolus

111 2633 276 2668 contusus
312 2632 488 2681 discessit.
537 2633 636 2667 Tunc
663 2632 856 2678 Cyprianus
885 2633 927 2667 ad
953 2634 1155 2678 episcopum
1182 2634 1255 2668 ivit.
1306 2634 1411 2674 Quem
1442 2635 1493 2668 vi<

110 2700 194 2734 dens
221 2700 408 2745 episcopus
435 2704 467 2734 et
496 2698 665 2742 credens,
694 2709 767 2734 eum
795 2699 952 2740 venisse,
981 2702 1017 2733 ut
1041 2697 1251 2734 christianos
1280 2700 1312 2734 iu
1340 2709 1493 2735 errorem
