1742 3005
217 67 310 116 Cap.
348 67 540 105 CLXXX.
604 68 664 106 De
696 72 838 107 sanctis
871 71 1048 107 Barlaam
1080 78 1116 109 et
1144 73 1343 123 Josaphat.
1402 73 1482 111 823

104 170 272 204 foetidior
305 172 335 204 ei
370 170 565 208 videbatur.
613 171 737 208 Verum
770 184 844 208 cum
880 175 1024 221 maligni
1063 178 1208 221 spiritus
1233 177 1278 212 ad
1303 177 1484 213 Theodam

101 236 291 271 rediissent
333 240 367 270 et
409 237 486 281 ipse
527 248 588 272 eos
622 238 872 283 exprobraret,
917 240 1099 275 dixerunt:
1143 244 1344 288 priusquam
1380 245 1483 289 signo

100 303 214 336 erneis
252 303 473 347 signaretur,
507 312 614 348 super
647 305 758 348 ipsum
791 306 962 340 irruentes
997 307 1136 341 fortiter
1159 309 1269 352 ipsum
1295 308 1484 343 conturba-

101 369 228 409 vimus;
256 371 292 401 ut
316 371 428 402 autem
455 378 494 402 se
519 370 629 413 ipsum
656 371 758 415 signo
785 372 897 404 erucis
921 374 1082 413 munivit,
1108 384 1171 407 nos
1196 378 1402 418 persecutus
1429 379 1483 408 est

97 443 173 467 cum
199 434 260 467 ira.
311 431 412 467 Tunc
436 432 605 468 Theodas
633 445 706 468 eum
734 446 818 480 rege
843 435 887 469 ad
912 446 987 470 eum
1013 437 1155 471 intravit
1186 448 1350 481 sperans,
1388 440 1480 483 quod

98 500 132 533 ei
163 498 378 543 persuadere
414 503 545 543 posset.
595 499 664 533 Sed
700 500 903 543 praedictus
935 511 1059 547 magus
1102 506 1225 547 eaptus
1261 507 1315 537 est
1347 503 1390 537 ab
1425 516 1479 543 eo,

98 575 198 609 quem
223 574 350 609 capere
375 564 504 605 voluit,
540 568 574 598 et
604 563 648 597 ab
675 575 716 599 eo
742 574 933 600 conversus
959 566 1134 612 baptisma
1161 570 1317 613 suscepit
1344 574 1379 603 et
1403 569 1479 603 lau-

96 629 248 664 dabilem
283 630 385 663 vitam
418 628 529 666 duxit.
575 628 650 664 Rex
682 631 792 674 igitur
823 630 1017 675 desperans
1053 632 1183 667 dimisit
1207 636 1240 668 ei
1266 633 1308 668 de
1333 634 1481 668 consilio

93 696 283 728 amicorum
308 693 455 729 medium
480 696 581 741 regui
606 697 671 730 sui.
719 694 782 730 Ille
815 701 929 731 autem
960 698 1043 732 licet
1067 698 1242 734 desertum
1269 703 1344 733 tota
1368 703 1481 734 mente

92 759 328 802 desideraret,
348 764 463 794 tamen
478 765 624 805 propter
639 760 719 795 fidei
738 761 978 798 dilatationem
994 763 1038 798 ad
1058 768 1192 810 tempus
1208 767 1321 810 ipsum
1337 776 1480 811 regnum

92 827 250 871 suscepit
273 835 316 860 ae
340 827 375 860 in
401 827 474 860 suis
501 826 703 861 civitatibus
730 828 859 872 templa
884 833 918 862 et
944 839 1064 864 eruces
1092 832 1203 864 erexit
1228 835 1262 865 et
1287 842 1406 865 omnes
1434 831 1480 865 ad

93 890 269 926 Christum
294 893 478 927 convertit.
527 891 632 927 Pater
662 897 775 926 autem
809 893 947 927 tandem
971 893 1034 927 filii
1059 895 1253 929 rationibus
1279 901 1313 930 et
1339 897 1478 940 praedi-

90 957 289 992 cationibus
320 967 503 992 assensum
536 957 710 1002 praebens
745 958 844 993 fidem
874 958 1007 993 Christi
1040 961 1174 1005 recepit
1206 964 1240 994 et
1269 961 1478 1006 baptismum

92 1024 289 1068 suscipiens
330 1028 364 1058 et
398 1028 506 1058 totum
541 1033 683 1069 regnum
715 1023 786 1058 lilio
821 1034 885 1059 suo
913 1024 1089 1060 dimittens
1113 1026 1190 1070 ipse
1215 1028 1479 1063 misericordiae

91 1087 260 1133 operibus
288 1090 439 1124 vacabat
476 1093 510 1124 et
543 1088 713 1134 posthoc
738 1089 964 1125 laudabiliter
999 1092 1101 1124 vitam
1136 1090 1256 1126 linivit.
1304 1093 1480 1138 Josaphat

89 1157 206 1188 autem
239 1153 448 1189 Barachiam
484 1165 602 1201 regem
637 1157 866 1199 pronuntians
908 1155 1040 1201 pluries
1075 1156 1199 1202 sugere
1243 1158 1371 1201 voluit,
1414 1160 1477 1194 sed

89 1229 228 1264 semper
252 1229 273 1254 a
298 1211 428 1266 pop‘ulo
453 1226 577 1266 captus
603 1222 659 1255 vix
685 1220 824 1256 tandem
843 1223 967 1256 evasit.
1017 1222 1098 1256 Cum
1115 1233 1201 1268 ergo
1218 1234 1281 1268 per
1301 1224 1477 1259 desertum

89 1289 279 1331 pergeret,
312 1286 449 1320 cuidam
482 1288 630 1331 pauperi
663 1286 819 1331 regalem
850 1286 1005 1321 habitum
1042 1288 1139 1323 dedit
1165 1293 1199 1323 et
1225 1291 1360 1333 ipsein
1388 1300 1475 1334 pau-

90 1352 244 1395 perrima
269 1356 366 1386 veste
392 1353 578 1394 remansit,
604 1352 774 1397 dyabolus
801 1357 915 1387 autem
940 1354 1066 1388 multas
1094 1357 1125 1389 ei
1151 1355 1298 1389 insidias
1315 1359 1475 1400 parabat.

88 1416 288 1461 Aliquando
318 1419 405 1452 enim
431 1417 552 1463 gladio
584 1419 772 1463 evaginato
800 1419 834 1452 in
860 1428 934 1453 eum
964 1419 1122 1454 irruebat
1143 1425 1177 1455 et
1196 1432 1269 1456 eum
1291 1426 1475 1465 pereutere

88 1482 299 1525 minabatur,
314 1485 382 1517 nisi
401 1483 603 1525 desisteret,
627 1483 816 1528 aliquando
837 1485 870 1518 in
895 1484 1006 1518 forma
1027 1485 1176 1520 serarum
1196 1487 1264 1520 sibi
1280 1486 1476 1531 apparebat

89 1548 255 1584 trendens
282 1554 317 1584 et
342 1548 452 1584 dirum
478 1550 644 1595 mugitum
672 1551 842 1584 emittens.
890 1549 953 1584 llle
978 1555 1090 1584 autem
1125 1551 1283 1586 dicebat:
1315 1552 1474 1586 dominus

88 1615 172 1649 mihi
192 1615 335 1659 adjutor
352 1619 419 1657 est,
447 1626 516 1649 non
534 1615 662 1650 timebo
678 1643 686 1657 ‚
715 1614 797 1660 quid
817 1615 924 1649 faciat
943 1615 1026 1649 mihi
1047 1615 1161 1652 bomo.
1205 1617 1348 1652 Duobus
1368 1619 1476 1663 igitur

88 1682 190 1716 annis
201 1682 234 1715 in
247 1691 362 1715 eremo
372 1680 546 1725 Josaphat
559 1680 789 1726 vagabundus
802 1682 998 1716 mansitnee
1008 1681 1170 1716 Barlaam
1183 1684 1338 1718 invenire
1349 1685 1473 1727 potuit,

85 1746 224 1781 tandem
242 1750 356 1781 autem
377 1747 579 1791 speluncam
599 1747 729 1780 invenit
747 1749 873 1781 etante
886 1748 1010 1781 ostium
1026 1752 1123 1782 stans
1135 1748 1296 1783 dicebat:
1315 1748 1473 1789 benedic,

87 1816 200 1857 pater,
227 1812 390 1853 benedic.
438 1812 545 1857 CuJ'us
566 1822 685 1847 vocem
702 1811 865 1846 Barlaam
883 1812 1030 1847 audiens
1053 1813 1149 1848 soras
1167 1814 1301 1849 exsiliit
1321 1818 1354 1848 et
1372 1824 1475 1848 oseu-

85 1878 200 1913 lantes
238 1877 495 1913 ferventissime
520 1888 601 1912 sese
627 1878 832 1912 alterutrum
857 1878 1074 1922 amplexibus
1100 1879 1390 1926 constringebant
1413 1890 1477 1914 nee

85 1944 214 1979 satiari
239 1947 413 1989 poterant.
461 1943 594 1978 Retulit
616 1948 730 1978 autem
755 1943 929 1988 Josaphat
953 1944 1116 1980 Barlaam
1150 1947 1283 1988 omnia,
1320 1955 1409 1990 quae
1443 1947 1474 1979 ei

85 2008 299 2050 acciderant,
323 2013 359 2044 et
374 2009 434 2043 ille
453 2010 637 2044 immensas
657 2010 793 2053 gratias
815 2011 889 2055 egit
907 2009 994 2044 Deo.
1021 2010 1156 2045 Mansit
1175 2016 1289 2045 antem
1301 2011 1475 2054 Josaphat

87 2073 216 2108 ibidem
243 2073 360 2108 multis
389 2075 490 2108 annis
517 2075 550 2106 in
576 2073 790 2108 abstinentia
814 2074 966 2108 mirabili
993 2079 1028 2108 et
1052 2076 1189 2115 virtute,
1216 2075 1355 2109 tandem
1380 2085 1473 2108 com-

87 2139 192 2185 pletis
219 2139 342 2174 diebus
367 2139 529 2173 Barlaam
546 2140 580 2172 in
598 2149 685 2183 paee
706 2139 837 2183 quievit
854 2139 947 2172 eirea
965 2149 1076 2173 annos
1094 2139 1223 2173 domini
1243 2139 1474 2175 CCCLXXX.

84 2204 259 2250 Josaphat
290 2206 402 2251 igitur
436 2206 470 2238 in
502 2214 592 2238 anuo
628 2203 727 2238 XXV
765 2215 908 2249 regnum
946 2204 1113 2239 deserens
1152 2207 1299 2252 triginta
1324 2207 1474 2250 quinque

85 2271 188 2306 annis
224 2272 438 2306 eremiticum
475 2270 631 2305 laborem
665 2269 774 2304 subiit
810 2274 843 2304 et
868 2271 918 2304 sic
944 2270 1060 2304 multis
1089 2271 1204 2305 clarus
1232 2270 1416 2305 virtutibus
1443 2272 1475 2304 in

88 2345 174 2381 pace
209 2338 344 2382 quievit
376 2342 411 2372 et
445 2347 520 2371 eum
551 2346 699 2380 corpore
728 2335 889 2370 Bai-laam
916 2338 1051 2380 positus
1081 2336 1155 2371 l'uit.
1206 2337 1304 2377 Quod
1330 2336 1476 2369 audiens

88 2412 150 2436 rex
175 2400 369 2437 Baracmas
394 2403 476 2437 illue
500 2413 575 2436 cum
601 2403 706 2436 multo
734 2403 890 2436 exercitu
920 2404 1014 2437 venit
1039 2408 1074 2436 et
1099 2413 1250 2446 eoi-pora
1278 2405 1477 2436 reserentei·

87 2477 269 2502 assumens
297 2468 331 2502 in
354 2469 530 2505 civitatem
557 2478 653 2503 suam
678 2468 869 2510 transtulit,
897 2468 939 2501 ad
962 2478 1106 2513 quornm
1128 2467 1290 2502 tumulum
1309 2466 1475 2501 miraoula

88 2533 195 2569 multa
221 2533 317 2569 fiunt.
