1742 3005
217 100 299 140 520
357 103 451 152 Cap.
486 102 622 138 CXlX.
666 101 722 137 De
755 101 986 138 assumtione
1016 109 1168 139 sanctae
1202 102 1345 139 Mariae
1379 103 1569 152 virginis.-

215 206 400 248 honorem,
436 207 493 250 qui
530 216 570 239 ex
606 206 649 238 iis
683 205 749 238 tibi
784 204 1046 240 administratus
1081 210 1153 248 est,
1191 207 1309 252 angeli
1348 207 1473 243 sactum
1510 210 1541 242 in
1571 213 1605 242 te

215 271 421 316 obsequium
453 270 678 315 praedicant,
713 281 781 315 quo
817 270 981 305 videlieet
1004 271 1157 316 apostoli
1191 272 1235 305 ad
1269 276 1304 307 te
1340 274 1374 307 in
1408 273 1604 309 Jerusalem

214 339 459 370 convenerunt.
508 335 661 381 Magnus
684 346 822 381 quoque
849 336 1033 381 Dionysius
1058 336 1278 382 Areopa-gita
1296 336 1363 371 hoc
1385 338 1473 372 idem
1493 343 1603 373 testa-

215 406 271 436 tur
297 401 436 436 dicens:
471 411 553 444 nos,
579 405 617 435 ut
642 402 734 435 nosti
769 405 803 435 et
832 402 928 446 ipse,
959 406 993 437 et
1020 402 1116 436 multi
1143 413 1185 437 ex
1211 402 1379 436 fratribus
1406 406 1535 437 nostris
1561 404 1604 437 ad

214 469 384 502 visionem
416 468 597 512 corporis,
633 466 725 512 quod
754 467 926 501 dominum
963 470 1138 513 suscepit,
1179 471 1424 511 convenimus,
1462 473 1606 513 praesto

214 539 329 569 autem
367 538 443 568 erat
476 532 629 568 ,lacobus
666 532 775 566 frater
798 532 863 566 Dei
899 536 932 567 et
958 532 1083 567 Petrus
1121 535 1249 569 eximia
1274 539 1308 569 et
1333 536 1481 569 maxima
1504 534 1605 569 theo-

215 600 375 646 logorum
401 601 592 634 summitas
642 598 776 633 Deinde
802 598 945 642 placuit,
973 599 1066 644 quod
1094 604 1174 644 post
1198 601 1367 635 visionem
1394 605 1427 636 ot
1451 602 1608 635 universi

215 667 338 700 summi
362 665 567 700 sacerdotes
594 664 851 708 hymnizarent,
882 669 985 708 prout
1016 667 1256 710 unusquisque
1292 670 1388 700 esset
1421 668 1607 701 immensae

216 732 366 771 virtutis,
394 731 563 764 bonitatis
591 729 750 763 vivificae
769 732 801 761 et
824 728 1044 763 infirmitatis.
1094 730 1308 765 Subsecutus
1330 736 1443 766 autem
1465 736 1608 765 sanctus

216 797 363 830 Cosmas
389 805 485 830 suam
512 796 748 829 narrationem
775 795 841 827 ait:
875 799 955 838 post
990 794 1059 828 hoe
1090 798 1279 830 tonitruum
1315 807 1475 842 magnum
1500 800 1608 830 totam

216 860 352 895 domum
390 862 569 895 concussit
602 864 636 895 et
670 861 814 904 spiritus
849 858 1013 905 fragrans
1053 860 1189 895 domum
1222 866 1320 895 tanta
1352 863 1525 896 suavitate
1551 872 1607 896 re-

217 927 347 972 plevit,
382 931 419 960 ut
450 930 613 968 cumtos,
651 927 709 970 qui
743 925 909 967 aderant,
948 927 1104 971 exceptis
1139 927 1313 972 apostolis
1339 931 1374 961 et
1399 927 1513 960 tribus
1540 928 1609 961 vir-

216 991 360 1038 ginibus
397 991 559 1026 lucernas
595 990 837 1037 gestantibus,
872 992 996 1036 ingens
1029 1002 1137 1036 sopor
1168 994 1393 1037 opprimeret.
1442 992 1610 1026 Dominus

218 1058 307 1092 enim
341 1068 415 1091 cum
449 1057 670 1091 multitudine
706 1056 911 1102 angelorum
947 1056 1166 1093 descendens
1204 1060 1351 1092 animam
1378 1060 1498 1092 matris
1524 1067 1611 1092 suae

219 1124 396 1156 assumsit.
447 1122 563 1156 Tanta
587 1127 701 1157 autem
727 1123 802 1167 ejus
828 1124 943 1156 anima
969 1122 1131 1158 claritate
1157 1124 1397 1169 resplenduit,
1433 1128 1471 1158 ut
1496 1124 1611 1158 nullus

220 1188 461 1233 apostolorum
499 1190 532 1222 in
570 1198 645 1222 eam
683 1188 861 1231 respicere
904 1192 1046 1232 posset,
1088 1189 1245 1235 dixitque
1288 1189 1446 1223 dominus
1486 1190 1610 1224 Petro:

222 1264 350 1299 corpus
388 1255 509 1288 matris
543 1263 640 1288 meae
673 1263 746 1287 cum
777 1254 867 1287 omni
894 1256 1092 1289 reverentia
1115 1255 1264 1299 sepelite
1290 1260 1323 1290 et
1346 1256 1459 1290 tribus
1486 1255 1610 1289 diebus

219 1320 306 1354 illud
331 1331 406 1354 cum
431 1320 618 1366 diligentia
640 1319 835 1361 custodite,
870 1330 938 1366 ego
966 1322 1096 1366 quippe
1123 1325 1204 1356 tune
1230 1322 1365 1355 veniam
1395 1326 1428 1356 et
1452 1321 1538 1355 illud
1564 1321 1611 1355 ad

221 1388 526 1431 incorruptionem
543 1385 755 1421 transferam
781 1390 816 1420 et
840 1386 945 1419 simili
972 1397 1101 1421 mecum
1128 1387 1287 1422 claritate
1316 1387 1469 1429 induam,
1496 1392 1534 1421 ut
1561 1387 1610 1429 id,

221 1453 314 1498 quod
341 1458 520 1497 acceptum
547 1456 613 1496 est,
640 1456 673 1486 et
699 1451 753 1494 id,
781 1451 873 1497 quod
901 1454 1048 1497 aceepit,
1076 1455 1210 1498 pariter
1234 1455 1443 1488 conveniant
1469 1458 1502 1488 et
1526 1463 1610 1487 con-

222 1518 377 1552 cordent.
425 1517 546 1552 Refert
572 1529 712 1564 quoque
748 1522 783 1553 et
806 1518 895 1553 idem
922 1523 1064 1553 sanctus
1093 1519 1236 1554 Cosmas
1262 1520 1422 1555 terribile
1448 1524 1482 1554 et
1506 1521 1611 1554 mira-

220 1584 292 1618 bile
318 1585 535 1628 mysterium,
572 1583 665 1628 quod
690 1595 758 1618 non
783 1584 919 1630 indiget
947 1585 1102 1619 naturali
1134 1585 1356 1620 discussione
1381 1596 1445 1621 nee
1471 1587 1613 1620 curiosa

221 1651 515 1694 investigatione,
551 1659 625 1682 cum
660 1651 795 1691 omnia,
829 1659 919 1695 quae
954 1650 996 1685 de
1030 1650 1095 1685 Ilei
1130 1652 1301 1697 genitrice
1328 1651 1509 1694 dicuntur,
1544 1653 1615 1686 sint

221 1714 504 1760 supernaturalia
534 1718 569 1749 et
599 1714 804 1748 admiranda
834 1719 868 1749 et
893 1716 1073 1750 tremenda
1101 1718 1218 1761 potius
1238 1727 1339 1762 quam
1358 1717 1615 1763 investiganda.

222 1780 390 1827 Egi-essa,
415 1784 451 1814 ut
478 1781 538 1822 ait,
565 1780 608 1815 de
633 1790 782 1825 corpore
810 1782 886 1825 ejus
915 1783 1032 1815 anima
1057 1781 1143 1816 haec
1165 1782 1272 1816 verba
1297 1783 1442 1826 protulit
1465 1793 1613 1827 corpus:

222 1847 360 1891 gratias
395 1845 460 1878 tibi
492 1855 583 1890 ago,
620 1845 780 1888 domine,
819 1856 908 1891 quae
940 1852 1000 1881 tua
1032 1847 1141 1891 digna
1169 1858 1242 1880 suin
1268 1847 1407 1892 gloria,
1445 1852 1614 1882 memento

223 1912 308 1952 mei,
350 1911 511 1955 quoniam
554 1915 647 1945 tuum
691 1922 764 1945 sum
800 1912 998 1957 figmentum
1035 1917 1069 1947 et
1104 1917 1197 1946 tuum
1233 1914 1369 1947 servavi
1403 1912 1613 1957 depositum.

222 1975 470 2021 Expergesacti
495 1977 614 2021 igitur,
645 1981 681 2010 ut
700 1979 763 2019 ait,
789 1981 922 2012 caeteri
944 1978 1102 2012 videntes
1123 1989 1249 2022 corpus
1271 1979 1417 2023 virginis
1444 1980 1614 2019 exanime.

224 2042 427 2075 contristari
453 2042 633 2086 plurimum
661 2052 703 2076 ac
720 2053 860 2087 gemere
886 2048 1087 2087 coeperunt.
1137 2044 1320 2078 Tollentes
1337 2045 1446 2088 igitur
1462 2045 1616 2089 apostoli

223 2117 350 2150 corpus
375 2106 419 2140 ad
445 2112 699 2141 monumentum
726 2100 887 2142 serebant
913 2110 1100 2153 incipiente
1123 2109 1228 2144 Petro
1251 2111 1438 2154 psalmum:
1467 2112 1501 2144 in
1522 2112 1617 2145 exitu

222 2171 334 2206 Israel
363 2172 406 2207 de
432 2173 607 2217 Aegypto.
658 2173 764 2207 Cliori
792 2184 930 2219 quoque
956 2175 1160 2220 angelorum
1190 2177 1359 2221 virginem
1387 2176 1531 2210 laudant
1555 2178 1615 2218 ita,

223 2237 316 2283 quod
341 2238 534 2273 Jerusalem
562 2238 604 2272 ad
631 2242 761 2273 tantam
787 2240 935 2285 gloriam
965 2245 1018 2274 est
1048 2251 1233 2275 concussa.
1283 2241 1380 2275 Τιιιιο
1409 2243 1529 2276 summi
1556 2252 1614 2276 sa-

222 2303 384 2338 cerdotes
411 2314 484 2337 cum
511 2303 642 2348 gladiis
669 2309 703 2338 et
729 2305 880 2340 fustibus
913 2306 1164 2341 multitudinem
1191 2308 1348 2349 mittunt,
1386 2318 1474 2341 unus
1502 2312 1615 2342 autem

223 2372 385 2414 impetum
402 2369 536 2403 faciens
552 2369 595 2402 ad
611 2369 796 2415 grabatum
813 2373 974 2413 accessit,
996 2374 1140 2416 cupiens
1157 2373 1200 2406 ad
1223 2377 1350 2407 terram
1370 2373 1510 2408 trahere
1535 2384 1614 2408 cor-

222 2445 287 2479 pus
306 2434 561 2479 genitricisl)ei
576 2435 722 2472 Mariae.
750 2436 815 2476 Qui
837 2438 919 2481 quia
940 2437 1082 2482 indigne
1103 2443 1250 2483 tangere
1268 2440 1399 2481 nititur,
1428 2440 1503 2485 ejus
1520 2442 1613 2472 tactu

225 2500 381 2534 manibus
419 2502 541 2535 merito
578 2503 755 2545 privatur,
792 2506 938 2547 utraque
974 2514 1120 2548 namque
1148 2514 1268 2538 manus
1293 2515 1313 2538 a
1343 2504 1467 2539 cubitis
1493 2504 1615 2538 evulsa

225 2565 417 2600 absciditur
440 2567 579 2613 illisque
596 2567 641 2601 ad
660 2567 844 2612 grabatum
866 2568 1099 2612 pendentibus
1120 2569 1242 2605 dolore
1257 2569 1611 2603 horribilicruciatur.

225 2629 389 2674 lmplorat
423 2637 537 2666 autem
572 2634 706 2667 veniam
742 2637 775 2668 et
800 2635 970 2678 promittit
996 2634 1184 2669 emendam.
1236 2634 1297 2668 (lui
1322 2634 1463 2668 Petrus:
1502 2635 1613 2669 nulla-

225 2699 324 2728 tenus
353 2697 482 2729 reniam
509 2700 675 2742 consequi
704 2701 858 2743 poteris,
894 2701 959 2735 nisi
999 2711 1124 2745 corpus
1160 2703 1348 2744 perpetuae
1377 2700 1523 2745 virginis
1553 2711 1612 2734 os-
