1742 3005
386 125 483 175 Cap.
517 123 685 162 CXLIX.
752 125 810 162 De
841 129 970 161 saneto
1000 124 1212 161 Franciseo.
1410 122 1490 162 665

110 228 300 272 inquisivit.
347 226 389 264 Et
424 230 502 264 illa:
536 240 598 264 ora
626 241 688 275 pro
722 241 793 273 me,
832 234 950 275 pater,
985 231 1067 275 quia
1094 229 1236 264 salubre
1262 231 1490 275 propositum,

108 293 200 337 quod
247 299 416 341 concepi,
458 299 532 332 viro
573 296 783 343 impediente
823 307 890 330 non
928 306 1124 341 exsequor,
1168 295 1230 330 sed
1271 296 1303 330 in
1347 297 1490 330 servitio

109 357 238 393 Christi
265 360 346 395 milii
383 363 564 408 plurimum
592 363 812 397 adversatur.
863 362 924 396 (lui
951 362 1030 396 ille:
1057 362 1165 404 vade,
1192 361 1283 404 filia,
1316 363 1399 407 quia
1423 363 1491 396 cito

110 424 154 458 de
181 435 222 459 eo
250 428 523 464 sonsolationem
551 430 713 473 recipies,
741 432 774 461 et
800 438 841 462 ex
867 431 966 471 parte
991 427 1054 461 Dei
1083 429 1332 470 omnipotentis
1358 431 1392 462 et
1417 437 1493 462 mea

109 489 177 523 sibi
202 490 397 537 denunties,
427 495 517 541 quod
536 504 625 528 nunc
646 497 700 528 est
724 496 858 536 tempus
879 491 1017 534 salutis,
1044 491 1262 535 postmodum
1289 494 1490 537 aequitatis.

109 556 184 595 Qua
220 557 446 594 denuntiante
481 561 532 593 vir
566 558 682 593 subito
717 559 915 591 innnntatur
948 561 982 591 et
1016 557 1261 591 continentiam
1294 557 1490 600 pollicetur.

109 622 251 656 Cuidam
283 625 414 658 rustico
447 626 482 658 in
515 623 664 669 quadam
694 622 883 657 solitudine
918 623 978 656 siti
1007 622 1182 657 deficienti
1217 622 1348 657 fontem
1379 633 1492 668 aquae

107 687 234 722 ibidem
268 690 342 723 suis
376 689 597 724 orationibus
633 690 841 733 impetravit.
891 687 1034 723 Cuidam
1074 687 1173 722 fratri
1208 688 1277 722 sibi
1308 688 1491 722 admodum

107 752 270 787 familiari
297 758 468 790 secretum
494 754 562 789 hoc
586 758 705 789 saneto
726 756 915 800 instigante
936 755 1062 799 spiritu
1082 754 1200 789 retulit
1222 753 1361 789 dicens:
1388 754 1492 788 hodie

107 822 161 852 est
202 819 330 866 aliquis
370 831 493 856 servus
530 820 593 855 Dei
635 830 742 865 super
780 824 929 862 terram,
970 824 1117 865 propter
1163 831 1286 865 quem,
1329 820 1492 865 quamdiu

107 885 251 928 vixerit,
286 896 354 920 non
388 888 565 932 permittet
598 886 757 920 dominus
793 885 914 920 samem
955 896 1062 929 super
1101 885 1259 920 homines
1295 885 1491 921 desaevire.

106 949 176 984 Sed
201 952 252 985 sic
279 952 400 996 procul
426 952 531 987 dubio
559 952 670 987 fuisse
694 955 868 986 narratur.
903 950 974 984 Sed
999 950 1059 983 illo
1085 949 1224 985 sublato
1250 956 1324 987 tota
1350 953 1383 985 in
1411 963 1493 986 con-

107 1018 247 1051 trarium
274 1018 429 1052 conditio
456 1021 682 1063 permutatur,
709 1026 784 1050 nam
810 1020 893 1061 post
918 1016 995 1061 ejus
1024 1015 1157 1050 felicem
1182 1019 1364 1052 transitum
1387 1029 1491 1063 prae-

107 1082 338 1122 dietoiratri
371 1084 535 1129 apparuit
558 1083 697 1117 dicens:
731 1093 812 1118 eece
843 1084 914 1127 jam
945 1083 1036 1116 venit
1061 1081 1189 1124 sames,
1228 1093 1351 1128 quam,
1384 1084 1493 1118 donee

107 1150 258 1183 viverem
284 1159 375 1195 ego,
413 1150 532 1184 venire
559 1159 667 1194 super
689 1152 817 1183 terram
844 1147 1002 1181 dominus
1029 1158 1096 1181 non
1124 1150 1291 1192 permisit.
1340 1148 1376 1183 ln
1403 1149 1492 1183 sesto

106 1214 260 1258 paschae
291 1224 366 1249 cum
400 1214 527 1250 fratres
565 1216 598 1248 in
632 1225 746 1250 eremo
787 1214 954 1259 ¹)graeci
989 1223 1140 1247 mensam
1167 1216 1361 1249 accuratius
1387 1215 1493 1249 solito

105 1280 196 1314 albis
222 1284 256 1314 et
279 1281 399 1315 vitreis
428 1284 683 1326 praepararent
717 1284 751 1315 et
776 1282 828 1314 vir
851 1280 915 1314 Dei
942 1278 1009 1313 hoe
1035 1281 1297 1324 conspexisset,
1333 1282 1492 1325 protinus

106 1356 265 1392 gressum
297 1346 480 1382 retrahens
516 1347 686 1392 capellum
723 1346 902 1391 cujusdam
937 1346 1126 1390 pauperi-²1,
1160 1347 1219 1391 qui
1250 1350 1330 1381 tune
1355 1346 1493 1387 aderat,

105 1413 212 1456 capiti
247 1423 310 1446 suo
337 1413 483 1457 imponit
517 1416 551 1447 et
574 1412 736 1446 haculum
763 1422 863 1446 manu
889 1416 1034 1457 gestans
1062 1411 1157 1445 foras
1185 1411 1367 1457 egreditur
1393 1416 1426 1446 et
1450 1412 1495 1446 ad

108 1478 234 1511 ostium
270 1477 523 1522 praestolatur.
569 1477 866 1514 Manducantibus
901 1478 1012 1522 igitur
1046 1476 1215 1511 iratribus
1251 1477 1424 1512 clamabat
1449 1478 1493 1511 ad

107 1544 251 1585 ostium,
294 1546 332 1577 ut
374 1553 492 1578 amore
525 1543 588 1578 Dei
631 1545 819 1589 peregrino
856 1544 1002 1587 pauperi
1036 1547 1069 1577 et
1103 1542 1235 1576 infirmo
1269 1543 1494 1577 elemosinam

107 1609 315 1654 largiantur.
363 1609 517 1645 Vocatus
542 1620 676 1654 pauper
703 1608 900 1654 ingreditur
928 1612 962 1642 et
988 1609 1021 1641 in
1046 1612 1142 1643 terra
1164 1608 1261 1642 solus
1288 1609 1494 1643 recumbens

108 1674 238 1709 discum
266 1676 364 1720 ponit
388 1677 421 1709 in
448 1676 576 1710 cinere.
626 1674 726 1715 Quod
757 1674 918 1708 videntes
947 1673 1072 1708 fratres
1100 1678 1242 1719 stupore
1275 1675 1380 1708 nimio
1416 1679 1495 1708 sunt

108 1740 245 1785 repleti.
296 1740 429 1780 Quibus
455 1741 514 1775 ille
541 1742 606 1775 ait:
641 1748 792 1774 mensam
825 1739 895 1774 vidi
921 1744 1079 1784 paratam
1106 1744 1140 1775 et
1165 1743 1322 1774 ornatam
1348 1744 1382 1775 et
1407 1751 1493 1785 pau-

108 1816 226 1850 perum
249 1807 402 1840 ostiatim
422 1807 572 1840 euntium
595 1807 730 1840 unicum
751 1816 819 1840 non
840 1816 918 1841 esse
935 1807 1098 1851 cognovi.
1146 1805 1391 1850 Paupertatem
1409 1807 1442 1839 in
1457 1816 1495 1840 se

108 1876 143 1906 et
169 1872 250 1906 aliis
275 1871 364 1906 adeo
395 1871 588 1918 diligebat,
614 1876 652 1906 ut
677 1876 919 1917 paupertatem
945 1872 1119 1906 dominam
1148 1882 1244 1906 suam
1271 1883 1409 1918 semper
1435 1884 1477 1907 vo

108 1942 224 1981 earet,
250 1937 312 1973 sed
339 1937 479 1983 quando
505 1939 747 1983 pauperiorem
775 1949 814 1973 se
839 1940 917 1983 ipso
944 1938 1100 1981 videret,
1134 1940 1292 1984 protinus
1317 1939 1496 1974 invidebat

108 2007 143 2037 et
169 2013 207 2038 se
231 2003 274 2037 ab
300 2003 371 2037 alio
396 2004 488 2038 vinci
512 2003 667 2038 timebat.
715 2003 800 2038 Nam
826 2008 860 2039 et
885 2014 958 2039 cum
983 2004 1040 2040 die
1069 2004 1218 2049 quadam
1247 2005 1494 2050 pauperculum

109 2067 279 2113 quendam
313 2067 451 2102 obviam
486 2068 691 2111 habuisset,
726 2070 776 2103 ait
805 2070 903 2103 socio
940 2079 1024 2104 suo:
1066 2080 1225 2114 magnam
1251 2069 1494 2104 verecundiam

109 2133 225 2168 intulit
249 2133 352 2167 nobis
380 2131 485 2178 hujus
510 2134 630 2178 inopia
665 2138 699 2169 et
722 2138 876 2169 nostram
901 2137 1142 2179 paupertatem
1167 2134 1348 2178 plurimum
1374 2144 1495 2179 repre-

110 2199 240 2234 hendit.
288 2198 374 2233 Nam
406 2209 469 2244 pro
501 2201 586 2234 meis
623 2200 754 2235 divitiis
790 2209 901 2234 meam
935 2199 1105 2233 dominam
1133 2204 1374 2244 paupertatem
1403 2200 1496 2246 elegi

109 2268 145 2299 et
176 2274 257 2299 eece
288 2264 436 2310 amplius
469 2265 602 2300 relucet
636 2267 671 2299 in
702 2267 782 2301 isto.
831 2265 916 2300 Dum
957 2264 1096 2310 quidam
1132 2274 1269 2310 pauper
1301 2275 1418 2300 eoram
1454 2276 1495 2300 eo

108 2331 276 2365 transiret
301 2334 336 2365 et
359 2332 414 2366 vir
436 2330 500 2365 Dei
525 2332 646 2366 intima
672 2330 799 2366 suisset
822 2333 1067 2375 compassione
1100 2335 1309 2375 commotus,
1344 2332 1431 2366 dixit
1464 2334 1496 2366 ei

110 2396 248 2430 socius:
282 2397 349 2431 etsi
379 2395 437 2430 hie
461 2398 507 2431 sit
531 2407 684 2442 pauper,
720 2396 784 2432 sed
810 2397 958 2431 forsitan
992 2397 1026 2430 in
1051 2399 1126 2430 tota
1147 2399 1328 2441 provincia
1351 2408 1419 2431 non
1443 2402 1498 2433 est

110 2471 152 2496 eo
177 2460 284 2495 ditior
307 2460 501 2498 voluntate.
549 2461 613 2496 Cui
638 2463 691 2497 vir
714 2462 778 2497 Dei
803 2461 908 2496 dixit:
942 2462 1012 2496 cito
1046 2462 1197 2495 tunicam
1228 2465 1322 2496 tuam
1347 2473 1435 2498 exue
1463 2467 1497 2498 et

110 2527 259 2572 pauperi
287 2525 403 2561 tribue
441 2530 476 2561 et
507 2525 553 2560 ad
586 2527 663 2572 ejus
697 2527 807 2572 pedes
842 2530 1042 2571 prostratus
1071 2525 1279 2571 culpabilem
1312 2531 1346 2562 te
1372 2528 1494 2565 clama.

111 2591 174 2626 Cui
205 2592 266 2627 ille
290 2593 449 2637 protinus
475 2590 644 2629 obedivit.
693 2592 847 2632 Quadam
873 2593 947 2628 vice
976 2596 1047 2626 tres
1073 2592 1236 2629 mulieres
1265 2594 1300 2639 ²)
1313 2592 1401 2630 facie
1433 2605 1496 2640 per

116 2685 497 2692 ——m—
512 2688 524 2691 v

179 2738 208 2770 1)
225 2739 294 2766 Rec.
315 2738 441 2771 gressi
461 2738 569 2771 legunt
675 2740 702 2771 2)
728 2737 780 2766 lid.
801 2741 844 2766 l'r.
863 2737 995 2767 [alnae
1017 2736 1111 2766 oss'ert.
