1742 3005
286 91 386 142 Cap.
419 91 625 130 CLXXXI.
683 93 742 130 De
774 100 904 130 sancto
935 93 1092 144 Pelagio
1123 106 1234 145 papa.
1366 94 1443 133 831

59 197 238 243 pulchram
263 208 405 233 uxorem
432 198 580 234 haberet
606 202 639 234 et
665 199 732 234 sibi
749 227 757 241 ‚
792 211 836 235 ne
865 211 939 235 eum
974 200 1113 235 domino
1140 211 1204 236 suo
1231 201 1445 247 loqueretur,

59 264 322 306 interdixisset,
360 264 508 309 quadam
536 264 592 300 die
618 266 730 309 ipsam
756 276 829 300 cum
857 277 898 301 eo
923 266 1120 312 loquentem
1148 269 1279 301 invenit
1305 272 1339 302 et
1365 279 1446 313 pro-

56 332 151 364 tinus
187 339 261 364 eam
296 339 317 364 a
351 340 390 365 se
424 332 559 375 rejecit.
610 331 717 370 Quam
763 331 967 377 Magumeth
1007 334 1180 377 recipiens
1202 323 1314 368 *inter
1355 334 1445 368 alias

56 405 139 430 suas
171 396 334 430 mulieres
370 398 652 438 connumeravit,
686 398 809 431 timens
846 408 929 431 vero
965 408 1006 431 ex
1044 397 1111 432 hoe
1144 409 1294 433 murmur
1324 400 1444 444 populi

55 461 210 496 chartam
236 461 278 496 de
304 461 402 496 coelo
429 461 498 495 sibi
535 461 684 495 delatam
719 461 902 503 confinxit,
938 472 1006 507 qua
1038 463 1303 506 continebatur,
1338 466 1444 509 quod,

56 529 86 560 si
111 527 239 573 aliquis
265 537 407 562 uxorem
433 526 649 570 repudiaret,
677 528 752 571 ejus
780 531 874 562 esset
901 538 1001 568 uxor,
1028 529 1085 573 qui
1114 538 1187 562 eam
1214 531 1443 573 suscepisset.

55 593 149 639 quod
185 593 353 628 Saraceni
393 602 504 636 usque
545 592 650 626 hodie
690 602 753 637 pro
788 593 869 639 lege
914 593 1118 628 observant.
1165 593 1235 629 Fur
1266 597 1377 639 prima
1411 600 1444 630 et

53 659 209 693 secunda
248 660 324 693 vice
362 657 566 692 verberibus
609 657 794 702 plectitur,
835 661 941 694 tertia
983 669 1103 693 manus
1145 661 1175 694 ei
1214 660 1442 704 praeciditur,

54 728 178 769 quarta
202 723 302 768 pedis
326 724 545 758 trunca-tione
563 725 713 768 punitur.
763 724 793 758 Α
816 727 893 760 vino
910 736 1047 769 semper
1069 725 1440 771 abstinerejitbeiitur.

53 787 282 824 Servantibus
307 789 394 823 haec
420 792 452 822 et
479 789 552 822 alia
576 790 738 824 mandata
764 793 924 835 promisit
950 790 1055 831 Deus,
1080 795 1116 825 ut
1135 796 1308 833 asserunt,
1335 803 1439 837 para-

52 855 185 897 disum⁷
215 854 252 888 id
287 858 340 889 est
365 855 501 889 hortum
528 855 731 890 deliciarum
759 858 860 901 aquis
887 856 1218 901 praeterfluentibus
1246 858 1440 902 irrigatum,

52 923 85 954 in
119 931 187 966 quo
221 920 323 955 sedes
358 920 537 955 habebunt
571 925 758 966 perpetuas
804 932 868 956 uec
905 922 1038 967 frigore
1075 926 1135 955 aut
1178 927 1279 956 aestu
1321 923 1440 968 aliquo

51 986 276 1032 affligentur,
305 987 463 1020 omnibus
491 986 643 1020 ciborum
673 987 864 1031 generibus
891 992 1096 1029 vescentur,
1131 987 1300 1033 quidquid
1326 993 1439 1022 autem

52 1053 238 1096 petierint,
286 1053 401 1085 coram
437 1052 479 1086 iis
511 1052 629 1086 statim
671 1053 866 1095 invenient,
910 1054 1032 1087 sericis
1076 1055 1292 1088 vestimentis
1330 1055 1440 1088 omni-

50 1116 227 1151 coloribus
266 1116 453 1151 induentur
491 1121 526 1151 et
568 1119 763 1164 virginibus
802 1120 1078 1163 speciosissimis
1112 1120 1364 1163 conjugentur,
1406 1121 1438 1153 iu

50 1183 187 1217 deliciis
211 1182 370 1216 omnibus
396 1182 628 1218 accubabunt.
673 1184 805 1224 Quibus
831 1185 949 1229 angeli
977 1186 1216 1228 pincernarum
1243 1195 1337 1219 more
1365 1196 1438 1219 cum

50 1250 144 1282 vasis
169 1249 286 1283 aureis
313 1252 347 1283 et
370 1251 549 1294 argenteis
575 1249 865 1291 deambulalmnt‚
892 1252 924 1283 in
953 1252 1070 1283 aureis
1100 1251 1175 1291 lae,
1201 1252 1234 1284 in
1259 1253 1438 1296 argenteis

47 1315 162 1348 vinum
198 1313 386 1349 afferentes
423 1318 457 1348 et
482 1314 661 1349 dicentes:
700 1316 869 1350 comedite
896 1320 930 1350 et
957 1315 1065 1350 bibite
1092 1317 1124 1349 iu
1159 1316 1306 1351 laetitia.
1352 1317 1440 1351 Tria

48 1380 209 1421 numina,
245 1380 384 1414 scilicet
413 1379 535 1416 lactis.
573 1382 685 1415 tuellis
713 1386 746 1416 et
773 1383 840 1416 vini
868 1382 989 1426 optimi
1015 1383 1193 1415 aromatici
1221 1392 1281 1416 eos
1308 1382 1439 1417 habere

50 1444 135 1479 dicit
161 1444 410 1490 Magumethus
437 1447 470 1479 in
505 1446 690 1490 paradiso,
725 1452 758 1481 et
784 1448 875 1492 quod
905 1447 1051 1492 angelos
1082 1447 1334 1491 pulcherrimos
1359 1453 1439 1483 suut

48 1511 158 1544 visuri
183 1514 218 1545 et
241 1510 331 1544 adeo
357 1521 525 1557 magnos,
559 1512 652 1557 quod
686 1513 728 1547 ab
755 1524 822 1547 uno
849 1514 949 1547 oculo
976 1513 1094 1557 angeli
1124 1523 1235 1557 usque
1261 1513 1303 1547 ad
1331 1514 1436 1548 alium

49 1577 96 1611 sit
119 1577 268 1621 spatium
294 1577 394 1610 unius
422 1577 503 1611 diei.
553 1577 627 1612 Non
653 1578 878 1613 credentibus
909 1589 988 1613 vero
1015 1578 1088 1613 Deo
1120 1588 1183 1612 nec
1210 1578 1437 1623 Magumetho

48 1643 134 1684 erit,
169 1645 207 1676 ut
231 1647 414 1685 asserunt,
450 1643 633 1678 infernalis
658 1655 773 1689 poena
799 1646 873 1679 sine
901 1644 977 1678 fine.
1027 1643 1297 1688 Quibuscunque
1323 1648 1436 1679 autem

47 1709 202 1752 peccatis
231 1707 378 1752 quilibet
403 1708 582 1754 obligatus
610 1709 733 1751 suerit,
768 1711 797 1744 si
831 1712 864 1744 in
899 1710 955 1743 die
991 1711 1110 1743 mortis
1136 1709 1208 1744 Deo
1248 1713 1282 1744 et
1309 1710 1436 1755 Magu-

46 1773 162 1808 metho
195 1773 364 1815 eredidit,
400 1775 434 1808 iu
469 1774 525 1809 die
554 1774 934 1822 judieii‘Magumetho
963 1776 1238 1812 interveniente.
1273 1780 1310 1810 ut
1336 1786 1433 1810 assc-

46 1842 142 1881 runt,
175 1839 294 1873 salvus
321 1841 400 1876 erit.
446 1839 542 1874 Hune
567 1841 912 1886 pseudoprophetam
948 1841 1118 1876 Saraceni
1150 1841 1305 1876 tenebris
1336 1844 1433 1876 iuvo-

47 1904 108 1938 luti
133 1905 292 1948 spiritum
317 1905 526 1950 prophetiae
559 1916 667 1951 super
699 1917 818 1941 omues
850 1907 1016 1942 habuisse
1052 1907 1225 1941 affirmant
1258 1912 1292 1942 et
1318 1907 1434 1942 decem

46 1970 194 2015 angelos
214 1970 283 2005 sibi
310 1970 467 2006 faventes
494 1976 527 2006 et
552 1982 627 2006 eum
656 1972 894 2007 custodientes
920 1984 994 2007 eum
1024 1973 1191 2008 habuisse
1216 1973 1435 2018 praedicant.

45 2033 188 2069 Addunt
209 2045 370 2080 quoque,
405 2036 521 2081 quod,
557 2041 742 2082 antequam
769 2038 863 2072 Deus
892 2038 1025 2072 eoelum
1051 2043 1086 2072 et
1110 2043 1237 2072 terram
1264 2043 1434 2077 creasset,

45 2110 170 2134 nomen
193 2099 412 2146 Magumethi
445 2101 478 2134 iu
512 2105 702 2144 conspectu
734 2102 798 2136 Dei
831 2102 996 2136 adstabat
1030 2106 1064 2136 et
1098 2103 1165 2135 nisi
1198 2103 1275 2146 ipse
1307 2102 1435 2148 Mago»

46 2164 181 2199 methus
209 2165 345 2199 futurus
373 2165 510 2206 suisset,
537 2175 600 2200 uec
625 2166 756 2200 coelum
782 2176 847 2201 nee
872 2171 968 2201 terra
993 2177 1055 2201 uec
1082 2167 1268 2211 paradisus
1297 2168 1431 2203 suisset.

45 2230 265 2266 Mentiuntur
297 2241 436 2276 quoque
470 2230 514 2265 de
548 2241 610 2272 ee,
645 2231 739 2276 quod
764 2232 847 2266 luna
871 2233 913 2266 ad
940 2243 1015 2267 eum
1041 2235 1209 2274 accessit,
1248 2244 1347 2278 quam
1374 2235 1435 2270 ille

46 2296 81 2329 in
106 2297 184 2331 sinu
208 2297 381 2340 recipiens
409 2297 443 2329 in
469 2299 588 2340 partes
614 2296 702 2330 duas
729 2297 848 2331 dirisit
871 2302 906 2332 et
929 2299 1052 2334 iterum
1080 2299 1270 2344 conjunxit.
1319 2299 1433 2334 Vene-

46 2371 124 2395 num
144 2362 288 2405 iusuper
302 2361 371 2394 sibi
389 2362 422 2395 in
439 2371 543 2396 carne
565 2363 696 2409 agnina
713 2362 866 2397 oblatum
886 2363 996 2399 fuisse
1018 2363 1146 2399 dicunt.
1172 2363 1295 2409 Agnus
1319 2369 1433 2400 autem

47 2428 79 2462 ei
103 2426 242 2460 locutus
269 2429 323 2460 est
347 2426 486 2461 dicens:
513 2437 610 2470 eave,
635 2439 679 2463 ne
705 2439 759 2463 me
784 2439 914 2471 sumas,
941 2431 1023 2474 quia
1048 2431 1080 2463 in
1112 2440 1166 2465 me
1191 2430 1305 2466 habeo
1325 2442 1432 2466 vene-

46 2502 137 2527 num.
173 2490 216 2526 Et
246 2494 358 2527 tamen
382 2497 464 2537 post
489 2494 608 2538 plures
629 2503 738 2528 annos
760 2505 892 2529 veneno
913 2494 980 2528 sihi
1004 2494 1086 2528 dato
1108 2496 1251 2530 interiit.
1269 2515 1311 2521 —-
1327 2517 1371 2521 —-
1389 2517 1434 2522 —

46 2559 94 2594 3.
129 2556 200 2592 Sed
235 2558 307 2602 jam
349 2568 438 2592 nunc
481 2558 525 2592 ad
565 2559 882 2604 Longobardorum
922 2559 1110 2604 hystoriam
1153 2562 1431 2606 prosequendam

48 2621 158 2666 stylus
190 2632 230 2658 se
271 2626 393 2658 vertat.
448 2622 677 2669 Longobardi
715 2626 823 2670 igitur
864 2624 1019 2659 Romano
1062 2627 1208 2671 imperio
1249 2627 1429 2672 plurimum

48 2687 186 2722 molesti
218 2692 335 2733 erant,
379 2689 458 2724 lieet
501 2687 599 2724 fidem
643 2689 773 2724 Christi
816 2691 1042 2736 recepissent.
1101 2690 1184 2726 Post
1217 2691 1284 2727 hoe
1316 2697 1430 2727 autem
