1742 3005
387 117 483 167 Cap.
517 115 652 154 XLlX.
711 115 768 152 De
800 122 930 151 sancto
962 111 1186 151 Benedicta.
1412 113 1486 150 211

97 219 156 263 qui
179 217 224 251 iis
248 222 431 263 praeerat,
466 220 616 253 incautis
643 217 865 253 sermonibus
899 227 1007 262 saepe
1040 216 1086 252 ad
1117 214 1329 252 iracundiam
1362 226 1490 261 [πονο-

97 282 233 318 cabant.
292 282 358 324 Qui
383 294 458 319 eum
482 284 557 319 hoe
573 285 650 319 viro
676 283 741 319 Dei
766 283 964 325 retulisset,
1000 282 1177 317 mandavit
1199 282 1244 316 iis
1270 281 1410 316 dicens:
1436 293 1491 317 re-

97 350 262 395 stringite
287 349 442 395 linguam
468 354 631 392 vestram,
657 349 813 395 alioquin
839 348 1144 383 excommunicabo
1174 358 1246 383 vos.
1296 347 1403 387 Quam
1431 358 1492 383 ex-

98 416 423 450 communicationis
449 417 655 450 sententiam
681 425 751 449 nou
774 413 984 458 proferendo
1017 414 1149 455 intulit,
1184 414 1249 448 sed
1277 413 1492 455 intentando,

97 481 179 515 illae
215 485 328 516 autem
362 480 450 515 nihil
483 484 635 515 mutatae
671 481 762 513 intra
787 488 920 523 paucos
947 478 1023 512 dies
1059 478 1246 513 defunctae
1279 483 1358 513 sunt
1393 484 1427 514 et
1459 481 1492 513 iu

99 547 253 582 ccclesia
287 546 458 592 sepultae.
517 544 581 579 Ubi
609 544 689 578 dum
724 545 853 578 missae
888 542 1151 578 celebrarentur
1182 549 1216 579 et
1249 543 1426 589 dyaconus
1451 556 1492 579 ex

98 624 194 648 more
220 612 372 647 diceret:
396 611 453 655 qui
479 620 549 644 non
574 610 815 651 communicat,
843 613 946 644 exeat
971 609 1080 651 foras,
1106 611 1223 644 nutrix
1248 620 1377 652 earum,
1406 620 1493 655 quae

99 690 161 723 pro
187 680 231 712 iis
260 687 398 721 semper
433 675 646 710 oblationem
683 674 875 717 offerebat,
913 684 973 710 eas
1008 675 1051 709 de
1086 674 1283 719 sepulchris
1311 677 1384 710 suis
1410 687 1489 720 pro-

97 743 200 789 gredi
226 748 260 778 et
285 744 382 778 exire
408 742 594 777 eeclesiam
624 740 785 782 videbat,
819 750 965 786 cumque
990 745 1111 774 sancto
1136 740 1328 775 Benedicto
1355 743 1492 776 nuntia-

98 814 166 843 tum
194 813 310 850 esset,
346 808 406 843 ille
430 818 532 842 mauu
557 818 621 841 sua
645 806 859 840 oblationem
882 805 980 840 dedit
1005 805 1145 840 dicens:
1182 807 1228 841 ite
1254 812 1287 841 et
1312 807 1401 841 hanc
1428 807 1492 841 ob-

98 874 263 908 lationem
289 884 352 918 pro
376 875 419 907 iis
445 873 569 907 offerte
595 877 629 907 et
654 872 800 906 ulterius
820 870 1139 906 eiconununicatae
1163 883 1233 905 non
1255 877 1364 907 erunt.
1394 874 1492 914 Quod

99 949 174 974 eum
201 940 329 974 sactum
355 939 481 973 suisset
517 942 552 972 et
576 938 753 982 dyaconus
781 947 823 971 ex
848 947 944 971 more
973 937 1161 979 clamaret,
1201 937 1245 971 ab
1272 939 1426 973 ecclesia
1451 940 1494 974 de

97 1009 237 1039 caetero
265 1005 361 1038 exire
382 1005 481 1038 visae
507 1014 577 1037 non
601 1006 691 1036 sunt.
715 1023 761 1028 —
785 1022 829 1026 —-
874 1006 946 1039 13.
966 1001 1161 1037 Monachus
1187 1004 1327 1049 quidam
1354 1016 1428 1040 cum
1449 1007 1492 1040 ad

95 1070 292 1104 visitandos
318 1073 483 1114 parentes
510 1070 657 1103 exiisset
678 1070 753 1102 sine
769 1067 1015 1102 benedictione
1042 1073 1075 1103 et
1102 1079 1144 1103 ea
1170 1069 1238 1105 die,
1264 1080 1333 1114 qua
1360 1071 1404 1105 ad
1431 1084 1492 1105 eos

97 1136 266 1181 pervenit,
293 1134 475 1169 defunctus
501 1134 629 1169 suisset
653 1138 687 1169 et
711 1134 883 1178 sepultum
908 1134 1015 1169 semel
1042 1139 1076 1168 et
1096 1134 1152 1168 bis
1174 1139 1269 1169 terra
1297 1137 1491 1180 rejecisset.

96 1205 262 1246 parentes
294 1201 372 1245 ejus
405 1199 449 1234 ad
481 1210 557 1234 eum
584 1204 753 1233 venerunt
779 1203 834 1236 et.
865 1203 903 1233 ut
939 1200 970 1233 ei
1004 1210 1101 1233 suam
1126 1200 1404 1237 benedictionem
1428 1204 1491 1236 im-

97 1267 291 1312 penderet,
324 1269 550 1311 rogaverunt.
601 1264 666 1304 Qui
691 1274 818 1309 corpus
846 1264 976 1299 domini
1000 1266 1178 1310 accipiens
1204 1267 1270 1300 ait:
1298 1267 1345 1301 ite
1370 1272 1404 1302 et
1426 1267 1493 1302 hoe

97 1342 205 1376 super
230 1335 354 1376 pectus
381 1331 458 1375 ejus
483 1332 603 1375 ponite
632 1340 778 1375 eumque
804 1331 854 1364 sie
879 1330 1081 1374 sepulturae
1108 1331 1248 1365 tradite.
1299 1332 1399 1371 Quod
1419 1343 1492 1367 cum

100 1397 226 1431 sactum
271 1396 418 1437 suisset,
467 1396 641 1440 sepultum
688 1405 816 1439 corpus
866 1399 962 1429 terra
1012 1397 1153 1430 retinuit
1184 1406 1248 1431 nee
1286 1397 1377 1432 ultra
1409 1411 1491 1443 pro-

95 1464 194 1508 Jecit.
220 1482 266 1487 —-
287 1482 334 1487 —
363 1481 410 1487 —-
467 1461 502 1506 ¹)
529 1464 603 1497 14.
631 1460 777 1499 Quidam
811 1460 1001 1494 monachus
1037 1463 1071 1495 in
1107 1465 1321 1497 monasterio
1354 1474 1494 1500 manere

98 1539 168 1562 non
211 1527 331 1561 valens
368 1528 443 1561 viro
485 1526 551 1560 Dei
583 1529 716 1560 tantum
760 1527 905 1567 institit,
948 1526 1060 1561 donec
1103 1528 1215 1572 ipsum
1249 1529 1357 1562 iratus
1394 1530 1493 1565 abire

98 1594 271 1638 permisit.
329 1591 395 1632 Qui
427 1603 507 1627 mox
538 1595 577 1626 ut
613 1591 656 1626 de
689 1593 902 1626 monasterio
928 1593 1033 1634 exiit,
1069 1597 1191 1637 aperto
1220 1604 1281 1628 ore
1308 1593 1492 1631 draconem

98 1660 136 1693 iu
176 1659 303 1693 itinere
341 1658 500 1701 invenit,
549 1667 649 1703 quem
687 1667 762 1691 cum
800 1656 972 1692 devorare
998 1658 1124 1701 vellet,
1159 1659 1323 1694 clamavit
1352 1661 1493 1696 dicens:

98 1725 241 1765 currite,
271 1724 412 1766 currite,
439 1725 521 1769 quia
545 1723 651 1758 draco
677 1723 744 1757 iste
765 1733 818 1757 me
846 1722 918 1757 vult
942 1723 1125 1759 devorare.
1175 1725 1363 1761 Cui-rentes
1379 1731 1492 1762 autem

101 1789 229 1825 fratres
257 1788 445 1823 draconem
462 1789 600 1823 minime
630 1789 845 1831 invenerunt,
873 1787 936 1823 sed
961 1793 1163 1825 trementem
1187 1794 1292 1837 atque
1317 1792 1492 1838 palpitau<

99 1859 168 1890 tem
193 1853 398 1889 monachum
422 1854 468 1889 ad
491 1854 739 1889 monasterium
764 1853 996 1897 reduxerunt,
1023 1856 1082 1900 qui
1106 1858 1224 1891 statim
1250 1860 1429 1902 promisit,
1455 1869 1495 1894 se

101 1930 275 1966 nunquam
303 1919 346 1955 de
376 1921 590 1955 monasterio
619 1930 851 1955 recessurum.
891 1940 985 1946 ———
1040 1923 1113 1959 15.
1142 1922 1298 1962 Quodam
1325 1927 1494 1970 tempore,

101 1985 182 2020 dum
213 1990 322 2020 totam
356 1985 451 2020 illam
483 1986 700 2030 provinciam
733 1986 843 2021 sames
876 1983 997 2021 valida
1027 1993 1238 2034 occuparet,
1281 1993 1316 2024 et
1351 1991 1405 2024 vir
1428 1990 1494 2025 Dei

102 2052 219 2085 omnia
243 2059 333 2096 quae
358 2051 515 2085 invenire
540 2055 724 2096 potuerat,
751 2051 936 2098 egentibus
962 2052 1190 2097 tradidisset,
1218 2055 1268 2088 ita
1291 2054 1383 2099 quod
1407 2054 1495 2089 nihil

102 2118 138 2151 in
157 2115 370 2151 monasterio
397 2120 540 2161 praeter
562 2116 733 2151 modicum
757 2117 828 2152 olei
853 2119 888 2152 in
914 2128 998 2153 vase
1017 2119 1128 2154 vitreo
1154 2120 1392 2162 remansisset,
1414 2120 1493 2166 jus-

101 2183 150 2216 sit
175 2181 342 2225 cellario,
378 2185 414 2215 ut
447 2181 534 2216 illud
564 2181 737 2216 modicum
763 2182 834 2218 olei
860 2184 994 2218 cuidam
1020 2185 1139 2229 egenti
1163 2184 1272 2219 daret.
1320 2183 1383 2221 Ille
1410 2197 1494 2222 vero

102 2247 328 2292 imperantem
354 2246 512 2290 audivit,
539 2246 601 2282 sed
626 2248 772 2293 implere
801 2250 985 2284 contemsit
1011 2259 1072 2292 eo,
1098 2250 1191 2295 quod
1215 2249 1303 2284 nihil
1327 2251 1397 2286 olei
1423 2252 1494 2287 sra-

103 2311 216 2346 tribus
242 2311 454 2347 remanebat.
505 2313 605 2353 Quod
628 2317 666 2348 ut
689 2315 742 2349 vir
758 2314 824 2349 Dei
851 2316 1031 2360 comperit,
1058 2325 1120 2350 vas
1149 2316 1296 2351 vitreum
1320 2327 1395 2351 eum
1415 2317 1494 2353 oleo

87 2387 168 2422 .per
193 2376 380 2411 fenestram
407 2378 539 2423 projici
560 2379 690 2424 jussit,
715 2390 759 2414 ne
787 2380 870 2426 quid
895 2382 931 2414 in
960 2381 1172 2414 monasterio
1200 2391 1264 2424 per
1287 2381 1494 2417 inobedien-

103 2443 187 2476 tiam
201 2445 406 2477 remaneret.
440 2441 639 2488 Projeetum
657 2445 775 2492 itaque
792 2455 854 2479 vas
881 2454 955 2478 eum
976 2455 1083 2490 supra
1108 2446 1266 2490 iugentia
1289 2455 1377 2481 saxa
1402 2448 1495 2482 oeci-

105 2506 236 2549 ‹lisset‚
272 2516 338 2542 nec
372 2517 434 2542 vas
468 2506 615 2542 fractum
650 2519 715 2543 nee
740 2509 855 2544 oleum
886 2514 942 2544 est
973 2509 1137 2553 effusum,
1172 2510 1265 2555 quod
1297 2511 1358 2547 ille
1384 2512 1495 2548 levari

101 2573 212 2618 jussit
237 2576 272 2607 et
297 2571 371 2606 dari
406 2573 577 2618 integrum
602 2573 803 2618 postulanti.
861 2573 1071 2610 Monachum
1105 2577 1219 2610 autem
1252 2575 1346 2611 illum
1371 2576 1414 2612 de
1441 2579 1494 2612 in-

175 2719 204 2752 l)
221 2718 364 2748 Antecod.
383 2720 405 2751 §-
428 2721 467 2748 13.
488 2718 573 2746 deest
591 2718 622 2745 in
641 2717 695 2747 Ed.
714 2718 807 2749 Princ.

1134 2771 1178 2807 14
1202 2772 1221 2792 ’³‘
