1742 3005
374 118 475 170 Cap.
505 119 652 168 XC111„
701 120 760 157 De
791 96 920 156 sancta
950 118 1181 167 Margareta.
1392 115 1467 153 401

82 220 206 256 fnisset
231 227 480 267 praesentata,
507 235 583 260 eam
610 224 653 259 do
681 233 811 269 genere
836 233 899 258 suo
928 232 968 257 ac
998 223 1134 256 nomine
1159 224 1194 256 et
1217 220 1390 266 religiono
1417 231 1471 255 re-

81 287 233 331 quisivit.
280 287 346 323 Illa
370 294 484 324 autem
509 289 712 335 respondit,
741 299 778 324 se
804 299 934 334 genere
960 288 1130 330 nobilem,
1164 288 1300 321 nomine
1324 285 1471 331 Marga-

79 354 266 389 retamac
305 354 479 401 religione
513 355 749 390 christianam.
800 354 863 388 Cui
896 354 1116 399 praefectust
1153 353 1221 387 duo
1259 353 1371 397 prima
1405 351 1471 385 tibi

78 421 172 452 reete
204 421 432 463 conveniunt,
473 423 557 467 quia
591 420 720 455 nobilis
750 418 893 453 haberis
931 424 965 453 et
1008 418 1242 463 pulcherrima
1278 419 1472 463 margarita

77 483 340 528 comprobaris,
373 487 435 521 sed
461 489 600 522 tertium
625 486 689 520 tibi
716 496 784 533 non
810 486 993 526 convenit,
1029 488 1066 517 ut
1090 483 1208 528 puella
1230 487 1299 516 tani
1326 482 1472 527 pulchra

78 552 113 583 et
137 549 266 584 nobilis
291 551 398 585 Deum
431 552 561 586 habeat
585 550 793 585 crucifixum.
842 551 905 585 Cui
932 549 1010 583 illa:
1047 549 1138 583 unde
1168 549 1257 589 scis,
1295 547 1471 581 Christum

77 614 187 650 fuisse
211 616 437 652 crucifixum?
485 616 529 651 Et
546 617 625 652 ille:
651 627 693 651 ex
709 615 809 650 libris
831 615 1110 650 christianorum.
1161 614 1225 648 Cui
1241 613 1469 659 Margareta:

75 690 150 715 cum
184 681 294 726 igitur
327 681 469 728 legatur
503 692 618 727 poena
645 681 777 716 Christi
803 685 837 716 et
863 682 1002 727 gloria,
1043 690 1132 726 quae
1171 679 1383 714 verecundia
1417 682 1472 713 est

74 750 214 789 vestra,
246 750 284 781 ut
315 758 417 782 unum
450 747 603 782 credatis
629 751 663 782 et
688 747 835 782 alterum
861 747 1074 793 denegetis?
1123 745 1205 780 Cum
1231 750 1344 780 antem
1370 745 1469 780 Mar-

73 816 200 861 gareta
225 823 301 848 eum
328 817 453 858 sponte
475 812 674 847 crucifixum
695 813 805 848 fuisse
821 824 885 858 pro
910 813 1126 848 redemtione
1140 816 1262 845 nostra
1278 814 1468 851 assereret,

73 877 135 912 sed
160 888 251 912 nunc
276 889 352 913 eum
378 880 412 912 in
438 883 616 914 aeternum
642 880 760 913 vivere
787 879 1000 921 affirmaret,
1027 881 1138 912 iratus
1164 877 1365 922 praefectus
1392 886 1467 910 eam

72 944 106 977 in
131 953 306 978 carcerem
329 946 418 978 mitti
438 945 569 990 Jussit‚
597 945 759 989 sequenti
782 948 897 978 autem
923 944 978 978 die
1008 954 1083 979 eam
1109 944 1153 978 ad
1178 954 1216 978 se
1242 943 1360 977 vocari
1388 942 1470 976 fecit

72 1010 175 1055 eique
211 1009 316 1044 dixit:
357 1020 450 1044 vana
481 1010 620 1055 puella,
672 1011 838 1045 miserere
883 1008 1154 1054 pulchritudinis
1189 1013 1271 1042 tuae
1306 1011 1340 1042 et
1375 1007 1467 1041 Deos

71 1075 369 1132 nostros-adora,
395 1080 433 1110 ut
457 1075 520 1109 tibi
546 1075 634 1110 bene
658 1077 717 1112 sit.
765 1076 829 1111 Cui
851 1076 931 1109 illa:
960 1075 1056 1109 illum
1078 1075 1211 1118 sutoro,
1248 1083 1348 1118 quem
1372 1076 1468 1106 terra

70 1141 324 1184 contremiscit,
358 1151 453 1176 mare
482 1141 648 1176 formidat
672 1146 707 1177 et
734 1153 852 1177 omnes
877 1145 1060 1176 creaturae
1092 1142 1223 1175 timent.
1273 1139 1336 1173 Cui
1361 1147 1467 1182 prae-

71 1206 203 1241 fectus:
228 1207 298 1241 nisi
322 1206 406 1240 mihi
430 1209 650 1251 consentias,
676 1218 803 1252 corpus
829 1211 923 1241 tuum
948 1207 1076 1241 faciam
1100 1206 1238 1240 laniari.
1289 1204 1351 1238 Cui
1368 1202 1466 1237 Mar-

69 1276 212 1318 gareta:
239 1272 398 1307 Christus
423 1274 458 1306 in
482 1277 625 1307 mortem
652 1275 874 1318 semetipsum
899 1284 963 1318 pro
989 1283 1041 1307 me
1066 1271 1212 1306 tradidit
1237 1273 1271 1304 et
1297 1268 1375 1303 ideo
1401 1278 1465 1313 pro

71 1337 211 1373 Christo
246 1339 335 1372 mori
368 1338 543 1373 desidero.
593 1338 692 1372 Tunc
724 1339 924 1383 praefectus
952 1339 1062 1383 jussit
1096 1347 1172 1372 eam
1212 1338 1247 1369 in
1281 1335 1465 1380 equuleum

70 1403 239 1448 suspendi
264 1407 299 1437 et
321 1407 391 1437 tam
416 1403 606 1438 crudeliter
629 1406 740 1448 primo
776 1406 908 1450 virgis,
946 1404 1071 1439 deinde
1103 1401 1301 1447 pectinibus
1338 1400 1464 1434 ferreis

70 1479 180 1513 usque
211 1467 256 1502 ad
279 1467 502 1503 nudationem
526 1471 657 1504 ossium
682 1469 829 1512 laniari,
857 1470 949 1515 qnod
975 1471 1120 1514 sanguis
1146 1468 1188 1503 de
1214 1469 1290 1512 eJus
1314 1476 1464 1510 corpore

69 1537 246 1578 tamquam
283 1533 325 1568 de
360 1533 455 1569 fonte
491 1536 900 1580 purissimo-emanavit.
947 1535 1096 1570 Flebant
1129 1536 1264 1575 autem,
1311 1533 1370 1577 qui
1414 1531 1463 1564 ibi

70 1596 239 1642 aderant,
266 1603 301 1634 et
326 1599 508 1634 dicebant:
535 1612 555 1635 o
582 1600 810 1648 Margareta,
834 1612 918 1636 vere
945 1601 988 1636 de
1013 1604 1046 1635 te
1072 1600 1250 1640 dolemus,
1278 1598 1361 1643 quia
1384 1607 1461 1631 cor-

69 1675 135 1709 pus
169 1668 262 1699 tuum
296 1669 366 1699 tam
398 1666 588 1701 crudeliter
619 1667 747 1701 laniari
781 1668 1037 1712 conspicimus3
1081 1676 1101 1699 o
1137 1665 1273 1710 qualem
1311 1665 1460 1698 amisisti

68 1729 358 1774 pulchritudinem
385 1736 530 1776 propter
554 1736 648 1766 tuam
674 1732 971 1775 incredulitatem,
998 1737 1113 1767 tamen
1142 1741 1231 1766 nunc
1259 1731 1312 1765 vel
1339 1730 1462 1764 saltem

68 1795 193 1838 crede,
218 1799 256 1829 ut
277 1798 392 1833 yivas.
442 1797 574 1837 Quibus
599 1798 679 1832 illa:
715 1809 736 1832 o
760 1799 843 1833 mali
866 1799 1079 1841 consiliarii,
1114 1797 1267 1832 recedite
1294 1801 1327 1831 et
1352 1795 1461 1837 abite,

69 1860 156 1896 haec
181 1861 296 1896 carnis
325 1863 494 1897 cruciatio
521 1868 575 1898 est
598 1865 735 1899 animae
759 1865 932 1907 salvatio,
966 1864 1124 1910 dixitque
1158 1864 1201 1898 ad
1227 1862 1460 1908 praefecturii:

71 1927 254 1972 impudens
275 1929 372 1962 canis
398 1932 432 1963 et
456 1929 670 1964 insatiabilis
694 1931 764 1973 leo,
790 1931 825 1964 in
851 1940 987 1965 carnem
1014 1934 1224 1975 potestatem
1249 1928 1373 1970 habes,
1399 1927 1462 1962 sed

69 1993 219 2034 animam
246 1992 406 2028 Christus
432 2000 602 2031 reservat.
651 1996 856 2031 Praefectus
880 2001 993 2031 autem
1018 1995 1143 2030 faciem
1169 1994 1349 2039 chlamyde
1375 1997 1460 2038 ope-

68 2056 184 2091 riebat
207 2067 270 2092 nec
294 2062 426 2092 tantam
449 2062 632 2105 sanguinis
657 2061 861 2095 effusionem
885 2062 1005 2096 videre
1029 2065 1180 2106 poterat.
1226 2059 1360 2094 Deinde
1385 2067 1461 2092 eam

69 2121 198 2167 deponi
226 2122 310 2158 fecit
334 2127 368 2158 et
393 2124 427 2157 in
453 2134 627 2159 carcerem
652 2125 786 2159 recludi
805 2127 916 2170 jussit
939 2131 974 2160 et
997 2128 1085 2160 mira
1108 2126 1159 2158 ibi
1183 2125 1325 2158 claritas
1352 2122 1462 2157 fulsit.

11 2218 13 2221 .
68 2186 133 2221 Ubi
159 2187 239 2222 dum
256 2177 382 2232 esset,
419 2192 536 2224 oravit
560 2190 755 2233 dominum,
790 2195 828 2225 ut
853 2192 1047 2234 inimicum,
1077 2192 1136 2235 qni
1172 2199 1289 2224 secum
1312 2191 1460 2233 pugnat,

69 2243 155 2286 sibi'
175 2253 364 2290 visibiliter
394 2255 670 2299 demonstraret,
712 2261 747 2291 ct
780 2267 860 2291 ecce
892 2256 998 2291 draco
1030 2256 1298 2290 immanissimus
1332 2253 1460 2288 ibidem

70 2318 254 2362 apparuit,
278 2321 338 2364 qui
362 2320 441 2356 dum
468 2332 544 2357 eam
568 2322 800 2357 devoraturus
824 2323 1024 2366 impeteret,
1051 2324 1188 2368 signum
1212 2321 1326 2355 crucis
1352 2318 1462 2353 edidit

70 2386 105 2417 et
128 2383 188 2418 ille
214 2385 375 2428 evanuit,
404 2386 482 2429 vel,
519 2391 557 2422 ut
589 2387 676 2422 alibi
701 2388 852 2434 legitur,
888 2398 927 2422 os
962 2397 1068 2432 super
1094 2390 1198 2432 caput
1225 2386 1301 2430 ejus
1326 2393 1460 2429 ponens

69 2452 105 2482 et
127 2447 283 2494 linguam
309 2459 415 2495 super
441 2451 641 2486 calcaneum
667 2454 854 2498 porrigens
879 2462 953 2487 eam
978 2453 1137 2497 protinus
1164 2450 1370 2496 deglutivit,
1397 2448 1461 2482 sed

71 2512 148 2547 dum
175 2523 251 2548 eam
278 2513 469 2550 absorbere
494 2516 620 2559 vellet,
657 2511 760 2562 signo
795 2518 908 2551 crucis
943 2527 981 2551 se
1012 2517 1157 2551 munivit
1190 2520 1225 2550 et
1250 2515 1329 2549 ideo
1354 2514 1460 2548 draco

71 2579 199 2614 virtute
225 2581 337 2614 crucis
362 2582 498 2626 crepuit
517 2585 551 2616 et
575 2583 676 2627 virgo
700 2582 828 2616 illaesa
851 2582 970 2616 exivit.
1017 2581 1113 2616 Istud
1137 2585 1264 2623 autem,
1289 2579 1382 2626 qnod
1407 2578 1460 2612 di—

73 2644 162 2677 citur
187 2644 230 2680 de
256 2644 418 2681 draconis
444 2646 673 2682 devoratione
702 2650 736 2680 et
763 2647 872 2691 ipsius
899 2648 1119 2693 crepatione,
1153 2645 1389 2692 apocryphum
1427 2650 1462 2680 et

73 2708 235 2745 frivolum
262 2716 455 2756 reputatur.
502 2712 680 2758 Dyabolus
706 2714 850 2758 iterum,
881 2718 918 2748 ut
952 2705 1026 2748 eam
1059 2712 1221 2758 decipere
1247 2715 1387 2758 posset,
1425 2712 1460 2743 in

1141 2779 1186 2812 26
