1742 3005
254 80 335 119 842
468 82 564 130 Cap.
597 77 804 115 CLXXXl.
876 79 934 115 De
968 86 1097 114 sancto
1128 78 1285 128 Pelagio
1316 92 1431 131 papa·

254 192 337 227 tres,
361 195 529 228 nunqnam
553 193 573 217 a
595 193 646 217 me
667 183 810 217 lieentia
830 181 1054 223 concedetur,
1080 185 1117 215 ut
1137 192 1230 216 nova
1249 185 1394 225 cantica,
1423 185 1489 217 imo
1505 184 1641 228 jocula-

254 253 345 284 toria
371 249 543 294 quaedam
571 251 602 283 in
631 259 705 283 mea
732 249 884 283 ecclesia
910 247 1148 282 decantentur.
1197 247 1414 282 Adveniente
1440 259 1521 283 vero
1543 250 1643 282 sesti<

256 319 360 350 »itate
394 315 548 359 ejusdem
589 316 714 349 fratres
750 325 824 348 cum
861 313 1008 359 quadam
1043 315 1188 348 tristitia
1222 315 1465 347 matutinarum
1502 315 1641 358 vigilias

255 386 482 426 peregerunt,
523 392 667 425 cumque
694 391 811 415 omnes
839 391 877 414 se
913 381 944 413 in
974 379 1073 414 lectis
1099 382 1337 424 recepissent,
1375 389 1454 414 ecce
1479 378 1642 413 Nicotaus

254 449 366 493 priori
391 447 578 481 visibiliter
603 449 765 491 apparuit
790 447 979 488 terribilis,
1014 457 1112 491 quem
1146 457 1209 490 per
1240 446 1388 490 capillos
1414 455 1435 478 a
1461 444 1552 479 lecto
1581 444 1643 477 ab·

253 513 414 547 strahens
453 513 649 546 dormitorii
692 514 888 557 pavimento
933 513 1063 547 collisit
1118 513 1363 556 incipiensque
1402 510 1644 555 antiphonam:

253 592 273 613 o
300 584 422 624 pastor
447 584 609 620 aeterne,
645 590 708 623 per
741 579 900 624 singulas
935 588 1053 612 vocum
1088 578 1305 612 differentias
1330 578 1461 622 virgis,
1496 586 1584 621 quas
1611 576 1644 609 in

254 655 354 678 manu
380 645 542 686 tenebat,
581 646 811 689 gravissimos
846 646 934 678 ictus
970 654 1076 688 super
1102 643 1241 677 dorsum
1271 644 1399 688 prioris
1426 644 1645 688 ingeminans

254 722 317 755 per
340 710 495 744 ordinem
523 720 660 743 morose
697 709 854 743 canendo
881 709 1104 753 antiphonam
1137 709 1182 743 ad
1209 709 1306 743 linem
1333 720 1444 754 usque
1470 708 1643 753 perduxit.

255 778 318 816 Qui
355 787 430 810 enin
466 786 584 809 omnes
622 776 696 808 suis
731 775 943 809 elamoribus
977 776 1187 816 excitasset,
1221 776 1407 808 semivivus
1440 774 1485 808 ad
1520 774 1643 808 lectum

255 843 471 886 deportatur.
524 841 681 875 Tandem
718 841 761 875 ad
796 851 835 875 se
870 840 1008 875 rediens
1045 842 1112 875 ait:
1150 842 1197 875 ite
1235 843 1269 874 et
1303 840 1491 884 hystoriam
1522 849 1645 874 novam

255 909 367 942 sancti
401 907 540 941 Nicolai
577 906 702 940 amodo
735 907 930 942 decantate.
979 907 1050 941 Hoc
1082 912 1240 952 tempore
1275 917 1316 941 ex
1374 906 1539 940 lolinensi
1565 915 1646 939 eoe-

257 975 361 1009 nobio
388 973 469 1007 XXI
505 973 665 1007 monachi
696 984 769 1006 enni
805 973 935 1007 abbate
969 984 1032 1007 sno
1059 973 1213 1008 Roherto
1239 973 1400 1007 Cistercii
1425 970 1646 1006 solitudinem

257 1041 447 1080 adeuntes,
476 1043 513 1073 ut
540 1038 586 1072 ibi
615 1039 758 1084 regulae
785 1050 870 1074 suae
900 1040 1155 1084 professionem
1185 1039 1379 1073 districtius
1404 1037 1647 1078 observarent,

257 1117 381 1141 novum
419 1105 574 1139 ordinem
609 1115 651 1139 ex
679 1107 787 1139 veteri
815 1106 1049 1140 instituerunt.
1098 1104 1358 1140 Hildebrandns
1385 1105 1482 1148 prior
1507 1103 1648 1137 Clunia-

255 1175 371 1208 eensis
398 1172 509 1205 factus
536 1181 630 1216 papa
659 1170 853 1215 Gregorius
880 1176 934 1205 est
960 1176 1116 1206 vocatus.
1167 1171 1247 1211 Hie,
1282 1171 1359 1204 dum
1392 1172 1425 1203 in
1454 1168 1648 1203 minoribns

258 1240 456 1274 constitutis
494 1238 674 1282 legatione
715 1238 939 1283 fungeretur,
981 1238 1074 1282 apud
1104 1236 1312 1282 Lugdunum
1347 1235 1648 1279 archiepiscopum

261 1305 544 1351 ¹)Ebronensem
580 1303 622 1338 de
656 1305 806 1337 simonia
840 1306 989 1338 convicit
1027 1303 1248 1337 miraculosa.
1308 1301 1392 1336 Nam
1434 1301 1511 1334 dum
1559 1301 1648 1335 idem

257 1371 546 1415 archiepiscopus
574 1380 692 1404 omnes
718 1375 946 1404 accusatores
974 1380 1055 1404 suos
1083 1373 1322 1413 corrumperet
1347 1372 1381 1402 et
1406 1368 1563 1402 convinci
1582 1377 1650 1400 non

258 1441 401 1482 posset,
434 1437 596 1482 legatus,
630 1441 685 1470 ut:
719 1436 836 1481 gloria
863 1438 951 1481 patri
977 1441 1010 1471 et
1035 1437 1105 1470 filio
1133 1440 1166 1470 et
1190 1435 1330 1479 spiritui
1356 1437 1477 1468 saneto
1504 1432 1650 1471 diceret,

259 1505 454 1549 imperavit.
498 1502 581 1537 Ille:
606 1503 723 1548 gloria
743 1504 834 1547 patri
851 1506 884 1537 et
905 1503 988 1544 lilio,
1014 1502 1178 1547 expedite
1200 1501 1352 1542 dicebat,
1366 1500 1510 1545 spiritui
1528 1502 1650 1533 saneto

260 1584 342 1606 vero
365 1572 482 1605 dicere
499 1580 567 1603 non
591 1572 741 1612 poterat,
769 1571 898 1614 quippe
919 1571 1001 1615 quia
1020 1571 1053 1603 in
1074 1570 1232 1614 spiritum
1254 1572 1408 1602 sanctum
1430 1569 1650 1611 peceaverat.

260 1640 324 1678 Qui
360 1641 539 1682 peccatum
575 1645 671 1669 sunm
708 1635 876 1669 conlitens
912 1647 1012 1677 mox,
1046 1639 1085 1669 ut
1114 1635 1297 1680 depositus
1332 1637 1404 1674 est,
1435 1632 1533 1666 clara
1566 1640 1652 1665 voce

258 1706 417 1749 spiritum
444 1706 598 1737 sanctum
625 1703 828 1736 nominavit.
877 1701 947 1735 lloc.
973 1701 1172 1735 miraculum
1199 1702 1326 1734 recitat
1343 1699 1475 1734 Bonizo
1501 1699 1533 1732 in
1561 1696 1651 1731 libro

259 1771 301 1804 ad
322 1771 535 1804 comitissam
549 1769 776 1804 Mechtildim.
805 1767 944 1802 Mortuo
960 1768 1120 1802 Heinrico
1140 1772 1264 1812 quarto
1279 1767 1404 1810 Spirae
1425 1769 1460 1800 et
1477 1776 1550 1799 cum
1572 1764 1652 1798 aliis

260 1837 403 1881 regibus
429 1835 567 1879 sepulto
596 1836 629 1868 in
657 1836 732 1878 eJus
760 1833 941 1878 epitaphio
969 1844 1090 1868 versus
1118 1835 1185 1866 iste
1219 1833 1283 1865 suit
1317 1832 1524 1874 inscriptus:
1561 1829 1651 1863 filins

260 1903 336 1943 hie,
363 1906 464 1946 pater
491 1900 566 1941 hie,
595 1910 681 1933 avus
709 1899 787 1940 hic,
814 1909 966 1943 proavus
987 1900 1085 1943 jacet
1111 1899 1205 1934 istie.
1253 1897 1337 1931 lluie
1358 1897 1529 1931 successit
1549 1894 1652 1929 Hein-

262 1971 354 2003 ricns
390 1969 528 2013 (pilutus
561 1977 651 2001 anno
685 1967 812 2000 (lomini
851 1963 1002 2006 Mffi'll,
1045 1966 1103 2009 qni
1145 1974 1270 2008 papam
1304 1974 1377 1997 cnm
1413 1961 1652 1996 cardinalibus

261 2036 354 2078 cepit
392 2038 426 2068 et
461 2044 522 2068 eos
559 2034 735 2067 dimittens
770 2033 1010 2065 investituram
1047 2032 1291 2074 episcoporum
1326 2031 1360 2063 et
1393 2029 1556 2063 abbatum
1592 2039 1654 2072 per

261 2100 423 2134 annulum
461 2103 495 2133 et
529 2099 687 2132 hacuhnn
722 2097 933 2143 pastoralem
971 2098 1116 2140 aceepit.
1166 2094 1237 2129 Sub
1271 2094 1338 2129 hoe
1378 2098 1535 2139 tempore
1567 2093 1654 2128 Ber-

260 2166 390 2200 nardus
435 2176 510 2199 eum
536 2164 727 2199 iratribus
770 2165 843 2198 suis
889 2164 1093 2197 Cistereium
1143 2161 1349 2207 ingreditur.
1407 2160 1443 2194 In
1486 2159 1655 2204 parochia

259 2233 428 2277 Legieusi
457 2241 564 2276 porca
589 2231 779 2275 porcellum
809 2230 932 2263 taciem
952 2229 1100 2262 hominis
1122 2228 1305 2267 habentem
1326 2228 1427 2261 enixa
1447 2230 1521 2268 est;
1539 2225 1653 2269 pullus

260 2299 416 2343 gallinae
445 2296 645 2343 quadrupes
669 2301 771 2331 natus
797 2301 861 2331 est.
910 2294 1100 2329 Lotharins
1135 2294 1309 2328 suecessit
1337 2292 1518 2333 lleinrico,
1554 2292 1653 2336 enjus

261 2369 416 2409 tempore
441 2364 564 2397 mulier
593 2363 761 2407 quaedam
788 2363 822 2395 iu
847 2361 1017 2406 Hispania
1042 2363 1228 2394 monstrum
1256 2360 1310 2394 his
1336 2359 1466 2404 gemini
1494 2357 1654 2401 eorporis

261 2433 364 2465 enixa
385 2435 439 2465 est
456 2431 591 2464 aversis
611 2429 765 2463 vnltibus
786 2426 1038 2472 etcorporihus
1059 2426 1125 2460 sihi
1147 2425 1354 2459 cohaerens
1403 2424 1494 2458 Ante
1517 2422 1652 2468 quidem

262 2497 400 2540 eltigies
421 2501 497 2531 erat
516 2496 665 2530 hominis
684 2496 819 2540 integro
838 2495 997 2538 corporis
1015 2492 1314 2536 membrorinuque
1336 2490 1457 2525 ordine
1477 2489 1653 2523 distincta.

263 2566 354 2595 retro
385 2573 465 2597 vero
493 2562 601 2596 facies
627 2562 746 2602 canis,
773 2563 933 2606 corporis
962 2564 994 2595 et
1016 2558 1243 2594 membrorum
1265 2558 1482 2602 proprietate
1504 2555 1653 2599 integra.

334 2705 510 2738 1)t·.‹l‚l'r..
534 2707 803 2734 [bran-nsvin.
