1742 3005
252 98 328 137 12}
470 102 564 150 (lap.
598 99 732 136 xxvi.
789 99 847 137 De
884 108 1014 137 saneto
1047 100 1189 138 Basilio
1225 101 1419 153 episcopo.

248 215 343 240 suum
371 203 583 238 ‹ontundere
610 206 644 237 et
669 202 802 238 dicere:
849 203 914 239 lieu
947 204 1029 238 mihi
1054 207 1223 249 miserae,
1268 216 1329 240 eur
1356 209 1438 241 nata
1466 216 1559 242 sum.
1605 211 1636 241 el

248 276 328 306 nata
352 271 515 304 continuo
540 272 644 314 rapta
669 279 736 302 non
764 270 866 304 sum?
914 269 997 304 Cum
1023 280 1110 316 ergo
1136 273 1210 306 viro
1236 282 1320 315 suo,
1348 282 1437 318 quae
1462 271 1635 309 audierat,

248 336 424 372 retulisset
449 338 482 371 et
507 335 566 369 ille
592 345 812 380 nequaquam
836 346 907 370 rem
934 337 984 370 sic
1011 346 1090 371 esse
1114 341 1302 380 assereret,
1329 338 1390 372 sed
1415 339 1552 371 omnino
1570 338 1635 371 sab

247 413 333 443 sum,
361 401 453 447 quod
481 402 560 446 ipsa
584 400 755 444 audierat⁷
781 401 984 443 affirmaret,
1013 401 1074 436 illa
1099 403 1168 436 ait:
1197 403 1224 436 si
1244 403 1308 445 vis,
1335 407 1373 436 ut
1391 403 1530 437 credam
1556 402 1632 440 tibi,

247 480 313 514 ego
339 471 373 502 et
400 472 436 502 tu
460 477 538 501 cras
564 467 745 502 ecclesiam
772 467 1020 513 ingrediamur.
1053 467 1184 503 Videns
1211 468 1282 511 ille,
1311 469 1404 514 quod
1430 469 1540 504 latere
1568 480 1633 503 non

247 538 378 580 posset⁷
406 535 564 568 narravit
586 535 617 568 ei
642 537 749 568 totum
774 533 929 568 ordinem
958 537 1083 579 gestae
1106 535 1169 577 rei,
1197 534 1289 579 quod
1315 535 1377 569 illa
1403 535 1549 570 audiens
1576 546 1634 570 ve-

246 601 424 636 liementer
454 601 623 646 ingemuit
654 603 688 634 et
713 599 756 634 ad
783 599 921 635 beatum
950 599 1117 633 Basilium
1143 602 1348 645 properavit
1374 602 1476 647 eique
1506 603 1633 641 omnia,

245 677 335 713 quae
361 667 434 701 viro
463 676 526 700 suo
554 669 588 701 et
613 664 681 699 sibi
705 667 938 711 contigerant,
966 667 1153 700 enarravit.
1225 666 1380 701 Basilius
1408 672 1522 702 autem
1547 678 1634 713 pue-

245 744 316 767 rum
352 742 482 767 vocans
523 735 556 767 ct
591 732 707 765 omnia
740 730 783 764 ah
821 741 862 765 eo
897 731 1042 765 audiens
1069 730 1155 765 dixit
1181 733 1231 767 ei:
1280 734 1333 767 vis
1359 733 1406 767 lili
1433 735 1562 769 reverti
1589 733 1633 768 ad

245 799 379 833 Deum?
428 797 494 838 Qui
519 798 589 831 ait:
615 797 735 841 utique
761 795 918 839 domine,
948 796 1009 831 sed
1035 806 1101 830 non
1128 796 1248 839 valeo,
1276 800 1358 842 quia
1383 798 1534 843 dyabolo
1558 810 1631 833 sum

244 864 425 910 professus
457 866 491 898 et
516 861 689 897 Christum
716 861 891 909 abnegavi
921 866 954 898 et
980 861 1226 908 abnegationis
1250 873 1347 900 meae
1375 866 1539 910 scriptum
1567 864 1631 899 feei

243 935 276 965 et
302 929 454 975 dyabolo
481 930 591 974 ipsum
619 927 709 963 dedi.
761 930 824 964 Cui
848 928 1020 964 Basilius:
1048 938 1115 962 non
1140 930 1184 963 sit
1210 929 1273 963 tibi
1289 940 1405 965 curae.
1453 930 1631 976 Benignus

242 998 331 1032 enim
355 999 409 1031 est
434 995 592 1030 dominus
619 998 653 1030 et
674 1000 708 1030 te
734 997 966 1041 poenitentem
993 995 1173 1039 suscipiet.
1242 994 1286 1030 Et
1315 997 1476 1030 continuo
1502 1005 1631 1041 appre-

242 1061 397 1097 hendens
430 1071 573 1107 puerum
608 1062 745 1107 signum
770 1063 882 1096 crucis
907 1063 941 1095 in
965 1062 1041 1107 ejus
1068 1060 1182 1096 fronte
1208 1061 1288 1096 fecit
1314 1066 1353 1096 et·
1372 1073 1436 1107 per
1460 1066 1532 1097 tres
1556 1063 1630 1098 dies

241 1139 317 1163 eum
342 1127 505 1170 reclusit,
557 1130 683 1172 postea
708 1137 783 1162 eum
812 1129 969 1162 visitavit
994 1130 1027 1162 et
1053 1127 1160 1162 dixit:
1209 1128 1382 1173 quomodo
1415 1128 1526 1164 habes
1553 1129 1630 1164 lili?

243 1194 308 1235 Qui
337 1195 406 1228 ait:
454 1195 486 1228 in
513 1203 641 1240 magna
666 1204 760 1236 sum,
801 1193 959 1236 domine,
989 1193 1185 1228 desectione
1213 1203 1274 1229 nec
1299 1194 1429 1229 suffero
1458 1195 1629 1230 clamores

240 1271 359 1295 eorum
385 1264 419 1294 et
443 1264 597 1295 terrores
623 1270 685 1294 seu
710 1259 1002 1304 dilapidationes,
1052 1263 1210 1295 tenentes
1244 1261 1333 1294 enim
1359 1262 1628 1306 manuscriptum

241 1337 350 1361 meum
379 1328 414 1371 ¹)
442 1328 631 1360 causantur
655 1336 707 1360 me
733 1325 907 1359 dicentes:
932 1329 970 1358 tu
996 1326 1120 1359 venisti
1146 1326 1191 1360 ad
1216 1336 1293 1367 nos,
1321 1336 1389 1360 non
1413 1337 1477 1360 nos
1504 1326 1548 1361 ad
1572 1331 1627 1369 te3

240 1396 274 1428 et
299 1392 386 1426 dixit
410 1395 551 1426 sanetus
575 1392 748 1426 Basilius:
775 1391 846 1425 noli
875 1392 997 1425 timere
1024 1391 1084 1434 fili,
1111 1391 1346 1426 tantummodo
1372 1391 1487 1427 erede.
1531 1392 1626 1427 Dans

238 1461 270 1495 ci
296 1459 464 1493 modicam
488 1468 606 1494 escam
639 1458 842 1503 faciensque
877 1459 1012 1503 signum
1038 1459 1150 1492 erucis
1175 1458 1298 1492 iterum
1327 1468 1401 1492 emn
1427 1458 1570 1493 reclusit
1595 1461 1629 1493 et

238 1537 301 1571 pro
326 1536 367 1560 eo
394 1526 526 1566 oravit3
563 1528 643 1569 post
667 1524 803 1569 aliquot
826 1523 901 1558 dies
928 1534 1003 1558 eum
1029 1525 1185 1559 visitavit
1210 1527 1244 1558 ct
1266 1524 1334 1557 ait:
1367 1524 1538 1568 quomodo
1564 1524 1626 1558 ha-

238 1592 299 1627 bes
327 1591 403 1625 lili?
429 1590 494 1629 Qui
520 1592 589 1623 ait:
618 1593 719 1634 pater
743 1599 764 1623 a
788 1589 894 1634 longe
915 1589 1085 1624 clamores
1106 1600 1223 1623 eorum
1250 1592 1284 1623 et
1302 1590 1338 1633 ²)
1366 1590 1626 1624 misericordias

237 1657 364 1699 mulio⁷
402 1655 465 1690 sed
491 1666 552 1691 eos
578 1666 646 1689 non
673 1654 787 1690 rideo.
837 1654 881 1689 Et
905 1655 992 1689 dans
1018 1657 1049 1690 ei
1075 1657 1197 1690 iterum
1223 1664 1337 1689 escam
1363 1659 1397 1689 et
1420 1657 1565 1701 signans
1593 1660 1627 1690 et

235 1723 401 1759 claudens
427 1723 553 1756 ostium
581 1723 669 1757 abiit
694 1724 728 1756 et
752 1731 816 1766 pro
842 1730 883 1754 co
910 1723 1025 1756 oravit
1052 1725 1086 1756 et
1115 1723 1148 1765 3)
1174 1721 1249 1756 XL.
1276 1720 1332 1756 die
1360 1721 1499 1756 rediens
1522 1721 1626 1756 dixit:

236 1789 409 1835 quomodo
435 1788 573 1824 habes?
620 1787 831 1832 Respondit:
856 1786 944 1823 hene
969 1787 1103 1831 habeo,
1130 1791 1250 1821 sancte
1276 1787 1352 1829 Dei,
1379 1787 1449 1821 vidi
1475 1789 1563 1822 enim
1590 1791 1626 1822 te

237 1856 339 1890 bodie
367 1857 400 1889 in
421 1856 497 1889 visu
522 1858 734 1900 pugnantem
762 1864 824 1898 pro
850 1864 903 1888 mc
929 1857 963 1887 et
990 1852 1175 1898 dyabolum
1202 1854 1403 1888 vincentem.
1452 1852 1537 1888 Post
1560 1852 1625 1888 boc

235 1932 311 1957 eum
335 1920 486 1956 educens
512 1930 643 1954 omnem
666 1920 794 1955 clerum
829 1923 863 1954 et
888 1919 1077 1965 religiosos
1105 1924 1139 1954 et
1164 1919 1327 1964 populum
1356 1920 1564 1953 convocavit
1591 1922 1626 1953 et

235 1997 352 2022 omnes
379 1998 441 2032 pro
469 1996 510 2021 eo
536 1996 639 2020 orare
664 1986 842 2020 admonuit
866 1989 1059 2031 tenensque
1084 1996 1220 2020 manum
1248 1986 1347 2030 pueri
1373 1983 1524 2019 ducebat
1549 1994 1624 2018 eum

234 2054 278 2088 ad
304 2054 485 2088 ecclesiam
514 2055 549 2087 et
575 2062 653 2087 ecce
691 2052 862 2097 dyabolus
896 2063 971 2086 eum
1004 2051 1221 2087 multitudine
1248 2051 1451 2086 daemonum
1477 2049 1521 2084 ad
1548 2060 1622 2084 eum

236 2121 327 2154 venit
352 2123 385 2154 et
411 2118 635 2153 invisibiliter
658 2117 925 2163 apprehendens
950 2128 1093 2163 puerum
1121 2117 1314 2152 conabatur
1339 2128 1414 2152 eum
1438 2127 1563 2161 rapere
1581 2115 1623 2151 de

234 2196 335 2219 manu
361 2187 437 2229 eJus
464 2189 497 2219 et
521 2187 636 2229 coepit
661 2184 813 2219 clamare
840 2195 942 2228 puer:
968 2187 1087 2218 sancte
1113 2183 1174 2218 Dei
1197 2182 1329 2228 adjuva
1354 2193 1420 2217 me.
1455 2182 1500 2217 Et
1524 2186 1623 2216 tanta

232 2263 306 2287 eum
333 2249 511 2295 improbus
537 2251 706 2283 instantia
732 2259 927 2295 aggressus
955 2253 1027 2291 est,
1056 2252 1091 2282 ut
1116 2250 1218 2283 etiam
1248 2253 1404 2282 sanctum
1428 2248 1623 2293 impelleret

233 2317 373 2352 trahens
399 2326 555 2361 puerum,
581 2317 639 2360 qui
667 2316 716 2348 ait
736 2315 781 2349 ad
806 2326 902 2350 eum:
929 2315 1183 2360 improbissime
1211 2325 1276 2349 non
1304 2314 1431 2349 suflicit
1455 2313 1518 2348 tibi
1541 2324 1620 2358 per-

232 2383 318 2417 ditio
355 2387 431 2425 tua,
481 2383 546 2416 nisi
572 2385 606 2416 et
631 2381 693 2416 Dei
719 2383 785 2416 mei
823 2385 934 2415 tentes
964 2383 1000 2425 ⁴)
1037 2381 1214 2426 palmam?
1292 2380 1469 2425 llyabolus
1507 2382 1620 2413 autem

233 2450 320 2483 dixit
343 2449 386 2483 ad
414 2459 488 2484 eum
516 2448 631 2482 multis
660 2447 899 2482 audientibus:
951 2447 1174 2492 praejudicas
1200 2446 1281 2480 mihi
1308 2458 1328 2480 o
1354 2446 1475 2481 Basili.
1525 2444 1621 2479 Tune

233 2526 349 2550 ‹nnnes
375 2515 630 2549 clamaverunt:
679 2513 784 2559 Kyrie
810 2514 963 2559 eleyson,
989 2513 1145 2558 dixitque
1171 2512 1214 2547 ad
1243 2522 1318 2547 eum
1343 2511 1514 2547 Basilius:
1569 2510 1619 2541 in-

303 2679 328 2711 1.)
347 2681 415 2706 nov.
439 2678 534 2709 la-gnnl
558 2688 595 2701 ι-ιι
607 2678 612 2702 l
624 2687 640 2703 ιι
652 2687 678 2703 ιιι
691 2688 706 2703 ιι
719 2678 725 2704 i
738 2687 751 2703 a
764 2688 779 2704 n
792 2682 798 2705 l
811 2688 826 2704 ιι
840 2688 859 2704 ι,
952 2680 981 2710 2>
1001 2677 1060 2704 Alii
1081 2687 1107 2703 in
1121 2676 1154 2702 in
1167 2685 1180 2700 :u
1192 2684 1205 2701 s
1226 2675 1333 2707 legunt.
1430 2676 1456 2708 3)
1480 2673 1530 2702 Εὐ.
1552 2676 1620 2700 ssve.

233 2722 358 2750 ‹dlvrnnl
380 2732 397 2757 p
409 2726 469 2748 ost
489 2721 647 2754 aliquos
669 2721 761 2749 dios.
850 2723 877 2755 4)
904 2721 954 2749 Ed.
975 2721 1065 2748 Prinne..
1087 2720 1164 2747 male
1185 2719 1252 2752 logii
1273 2719 1435 2754 plasma,
