1742 3005
255 145 336 185 246
586 146 683 195 Cap.
713 143 795 181 LV.
852 143 912 180 De
941 148 1072 180 sancto
1103 141 1299 180 Secundo.

255 252 366 287 frater
388 248 546 285 Secunde
571 248 665 283 Deos
687 248 792 283 audio
819 248 864 283 ad
896 251 932 283 te
957 248 1152 294 loquentes,
1209 248 1273 284 Cui
1297 245 1496 283 Secundus:
1522 245 1640 280 amhn--

254 317 363 351 lemus
389 315 435 349 ad
472 314 652 350 desideria
677 315 795 349 cordis
826 315 950 349 nostri.
1007 314 1089 348 Cum
1125 324 1209 349 vero
1244 314 1288 348 ad
1311 314 1484 349 Burimam
1520 312 1646 347 flumen

255 383 513 427 pervenissent,
537 381 685 427 angelus
710 381 870 416 similiter
894 379 1023 415 ibidem
1049 380 1117 414 sibi
1142 381 1306 424 apparuit
1330 381 1431 425 eique
1448 379 1555 413 dixit:
1582 375 1646 413 se—

255 447 366 482 cunde
391 447 506 482 credis
537 449 572 481 in
597 448 705 483 Deum
732 458 775 482 an
810 446 901 481 sorte
937 450 974 480 tu
1003 445 1174 480 dubitas?
1224 446 1288 480 Cui
1313 445 1508 479 Secundus:
1541 443 1648 479 credo

256 515 436 548 veritatem
460 515 638 558 passionis
663 515 753 559 ejus.
794 513 856 548 Cui
883 512 1078 557 Sapritius:
1103 511 1187 557 quid
1212 515 1266 546 est
1290 510 1382 556 quod
1407 509 1540 545 audio?
1566 510 1648 544 Cum

258 589 345 625 ergo
373 578 574 614 Terdonam
600 580 866 625 ingrederetur,
903 579 1107 614 Marcianus
1135 578 1179 612 ad
1212 580 1437 622 praeceptum
1464 577 1582 622 angeli
1608 576 1651 611 de

257 655 398 680 carcere
425 647 546 680 exiens
574 645 733 680 Secundo
759 646 924 690 apparuit
949 646 1050 689 eique
1077 644 1183 678 dixit:
1208 644 1320 685 intra,
1349 642 1526 686 Secunde,
1560 644 1650 677 viani

258 713 419 746 ‘veritatis
445 716 479 746 et
497 722 618 756 perge,
645 715 682 744 ut
707 712 860 756 accipias
894 711 1044 755 palmam
1077 709 1170 744 lidei.
1227 709 1401 752 Sapritius
1430 708 1539 743 dixit:
1574 710 1651 754 quis

259 782 313 811 est
336 777 404 819 hic,
432 778 491 821 qui
513 776 616 809 nobis
641 777 741 820 quasi
761 771 1134 820 somniansloquitnr?
1161 774 1222 807 Cui
1247 774 1446 808 Secundus:
1471 774 1535 809 tibi
1561 785 1653 809 som-

257 844 363 885 nium,
388 842 451 876 sed
474 840 557 875 mihi
581 841 772 875 admonitio
795 845 830 876 et
855 841 1067 875 confortatio
1092 843 1156 873 est.
1183 839 1267 873 Post
1290 838 1355 872 hoc
1381 839 1559 874 Secundus
1576 840 1653 874 Me-

259 908 435 942 diolanum
458 908 523 940 ivit
547 911 581 940 et
607 906 808 941 Faustinum
833 911 868 941 et
890 890 1053 947 Jonitam,
1081 906 1139 950 qui
1167 906 1201 938 in
1227 915 1367 940 carcere
1395 905 1653 948 detinebantur,

259 974 407 1019 angelus
441 972 569 1006 domini
597 972 642 1006 ad
669 982 707 1007 se
734 976 834 1007 extra
864 973 1040 1007 civitatem
1077 970 1222 1005 adduxit
1253 975 1286 1005 et
1318 971 1361 1005 ab
1397 973 1441 1005 iis
1476 971 1653 1016 baptisma

260 1039 409 1085 quadam
435 1038 527 1073 nube
563 1048 687 1084 aquam
712 1038 905 1082 praebente
930 1039 1095 1082 suscepit.
1156 1036 1201 1072 Et
1233 1047 1313 1072 ecce
1347 1036 1463 1071 subito
1495 1037 1656 1071 columba

261 1105 304 1140 de
331 1105 430 1139 coelo
456 1106 552 1139 venit
575 1109 609 1138 et
634 1114 761 1148 corpus
790 1109 824 1139 et
850 1105 1054 1149 sanguinem
1080 1103 1208 1137 domini
1234 1103 1396 1138 deserens
1422 1113 1464 1138 ea
1487 1102 1655 1137 Faustino

260 1175 295 1206 et
317 1171 456 1206 Jonitae
483 1169 617 1204 trIbuit.
665 1169 771 1203 Dedit
796 1174 909 1204 autem
933 1169 1121 1203 Faustinus
1146 1179 1272 1214 corpus
1298 1173 1332 1204 et
1358 1170 1562 1215 sanguinem
1590 1169 1654 1203 do-

260 1238 343 1271 mini
369 1235 543 1277 Secundo,
570 1239 607 1269 ut
633 1234 676 1268 ad
703 1234 919 1270 Marcianum
946 1234 1121 1276 deferret,
1154 1235 1294 1269 rediens
1327 1237 1436 1281 igitur
1460 1234 1653 1277 Secundus,

259 1313 333 1337 cum
357 1304 430 1348 Jam
459 1313 527 1336 nox
555 1306 650 1335 esset
677 1305 711 1335 et
737 1301 780 1334 ad
807 1302 915 1345 ripam
941 1300 1027 1335 Padi
1053 1302 1228 1343 venisset,
1254 1301 1401 1346 angelus
1427 1300 1556 1334 domini
1584 1300 1654 1335 sre-

259 1379 339 1402 num
363 1370 540 1413 accipiens
566 1369 645 1413 equi
671 1377 778 1412 super
802 1366 934 1401 Padum
959 1368 1072 1411 ipsum
1093 1368 1290 1401 transvexit
1316 1371 1350 1402 et
1370 1377 1481 1412 usque
1505 1366 1549 1400 ad
1565 1366 1655 1401 Ter-

261 1433 386 1468 donam
410 1433 606 1478 perducens
632 1435 666 1466 in
693 1442 868 1467 carcerem
902 1433 947 1466 ad
974 1433 1191 1468 Marcianum
1217 1443 1293 1467 eum
1325 1431 1518 1466 introduxit
1542 1432 1656 1467 dedit-

261 1510 328 1545 que
355 1499 534 1534 Secundus
562 1499 744 1534 Marciano
772 1509 893 1533 munus
918 1498 1073 1532 Faustini
1102 1503 1136 1533 et
1164 1500 1240 1543 ipse
1274 1497 1361 1532 illud
1387 1508 1525 1533 sumens
1552 1497 1658 1538 dixit:

260 1575 387 1608 corpus
415 1570 449 1600 et
474 1566 620 1611 sanguis
648 1564 777 1598 domini
803 1575 933 1599 mecum
970 1566 1015 1598 sit
1049 1566 1083 1598 in
1109 1566 1213 1599 vitam
1248 1568 1438 1599 aeternam.
1487 1563 1586 1598 Tunc
1611 1563 1657 1598 ad

261 1630 458 1663 mandatum
484 1631 601 1675 angeli
628 1629 808 1664 Secundus
843 1630 885 1665 de
910 1640 1050 1665 carcere
1086 1631 1170 1665 exiit
1195 1634 1229 1665 et
1261 1629 1306 1664 ad
1339 1640 1436 1664 suum
1468 1628 1657 1674 hospitium

260 1697 336 1730 ivit.
385 1695 469 1729 Post
492 1694 557 1728 hoc
583 1695 785 1729 Marcianus
810 1697 994 1740 capitalem
1021 1697 1225 1731 sententiam
1254 1698 1389 1740 accepit
1414 1699 1448 1730 et
1475 1695 1657 1730 Secundus

261 1772 388 1805 corpus
418 1762 495 1806 ejus
524 1762 664 1805 rapiens
692 1760 866 1804 sepelivit.
916 1761 1016 1800 Quod
1044 1762 1190 1796 audiens
1215 1762 1389 1807 Sapritius
1415 1763 1525 1806 ipsum
1546 1761 1591 1795 ad
1619 1771 1658 1796 sc

262 1829 400 1861 vocavit
426 1829 527 1871 eique
554 1826 660 1860 dixit:
689 1831 851 1872 quantum
878 1827 980 1861 video
997 1855 1004 1869 ‚
1036 1827 1269 1861 Christianum
1294 1832 1328 1862 te
1355 1838 1434 1862 esse
1468 1827 1655 1872 proliteris.

263 1894 327 1926 (lui
353 1892 557 1926 Secundus:
596 1903 676 1926 vere
702 1892 927 1926 christianum
962 1893 1129 1937 profiteor
1153 1903 1206 1927 nie
1232 1903 1322 1928 esse.
1373 1894 1436 1928 Cui
1463 1894 1657 1938 Sapritius:

262 1958 386 1992 malam
415 1962 556 1992 mortem
594 1957 789 1992 desideras.
837 1959 899 1992 (lui
925 1958 1122 1993 Secundus:
1157 1959 1219 1992 illa
1250 1959 1315 1993 tibi
1348 1961 1464 2004 potius
1499 1959 1657 1994 debetur.

263 2024 415 2068 Cumque
442 2024 642 2059 sacrificare
670 2023 798 2065 nollet,
821 2025 933 2068 jussit
956 2035 1030 2058 euni
1057 2025 1271 2069 exspoliari,
1298 2026 1485 2070 statimque
1510 2025 1658 2071 angelus

263 2090 392 2123 domini
428 2089 476 2123 ibi
503 2089 615 2124 adsuit
655 2095 689 2125 et
723 2095 863 2126 vestem,
886 2090 953 2123 sibi
989 2091 1139 2134 paravit.
1200 2090 1298 2125 Tunc
1323 2092 1498 2136 Sapritins
1524 2102 1599 2125 eum
1624 2093 1659 2126 in

263 2155 446 2200 equuleum
481 2166 688 2200 suspensum
726 2156 856 2190 tamdiu
893 2157 1050 2201 torqueri
1085 2156 1186 2198 secit7
1225 2156 1335 2191 donec
1368 2158 1443 2202 ejus
1470 2156 1615 2191 brachia
1638 2167 1661 2192 a

263 2222 336 2254 suis
362 2221 628 2265 compaginibus
653 2222 885 2257 solverentur.
943 2221 1012 2256 Sed
1039 2232 1112 2255 cum
1141 2222 1269 2255 suisset
1295 2223 1437 2256 sanitati
1463 2232 1483 2256 a
1519 2221 1658 2256 domino

263 2287 467 2327 restitutus,
490 2286 600 2329 jussit
627 2298 702 2321 cum
729 2289 762 2321 in
789 2298 963 2323 carcerem
991 2287 1123 2321 reduci.
1173 2286 1237 2321 Ubi
1262 2286 1340 2321 dum
1368 2292 1484 2330 esset,
1510 2287 1658 2333 angelus

263 2351 392 2384 domini
420 2350 464 2384 ad
493 2361 566 2384 euni
595 2353 688 2385 venit
724 2353 825 2397 eique
861 2353 972 2387 dixit:
1008 2363 1115 2397 surge
1149 2352 1331 2395 Secunde,
1368 2364 1518 2399 sequere
1545 2365 1598 2388 me
1625 2357 1660 2388 ct

264 2417 386 2450 ducam
417 2420 451 2450 te
484 2416 527 2451 ad
568 2421 760 2451 creatorem
797 2422 899 2452 tuum.
970 2417 1071 2452 Tnnc
1108 2419 1219 2462 ipsum
1258 2429 1369 2464 usque
1412 2421 1446 2454 in
1484 2422 1657 2455 civitatem

262 2483 447 2516 nicensem
473 2482 638 2527 perduxit
667 2486 701 2517 et
726 2494 801 2517 euni
831 2486 863 2518 in
891 2483 1075 2525 custodia,
1111 2484 1169 2517 ubi
1196 2489 1273 2519 erat
1298 2485 1489 2520 (Ialecerus
1525 2489 1559 2521 et
1585 2484 1656 2518 sal-

266 2552 379 2589 vator,
404 2559 479 2581 euni
496 2549 624 2592 posuit.
663 2549 769 2588 Quem
792 2549 913 2584 videns
936 2550 1116 2584 Secundus
1135 2549 1179 2583 ad
1198 2550 1273 2595 ejus
1297 2550 1406 2595 pedes
1433 2561 1472 2585 se
1497 2551 1657 2601 projecit.

265 2613 325 2644 (lui
362 2612 536 2646 salvator:
571 2614 642 2647 noli
682 2615 824 2656 timere,
861 2615 1039 2655 Secunde,
1075 2617 1158 2661 quia.
1183 2626 1250 2661 ego
1279 2625 1353 2649 sunl
1379 2614 1537 2648 dominns
1566 2615 1658 2650 Deus

264 2680 353 2712 tuns,
383 2679 439 2721 qui
467 2682 500 2712 te
526 2678 569 2713 de
595 2678 755 2713 omnibus
777 2680 877 2714 malis
898 2681 1064 2725 eripiam,
1101 2680 1382 2725 benedicensque
1405 2680 1449 2713 iis
1475 2680 1659 2715 adscendit

266 2744 297 2776 in
322 2742 465 2777 coelum.
516 2743 621 2778 Mane
647 2745 754 2788 igitur
779 2744 956 2789 Sapritius
983 2745 1025 2779 ad
1056 2754 1229 2779 carcerem
1255 2746 1368 2786 misit,
1396 2746 1454 2791 qui
1481 2756 1657 2782 (aucorem
