<?xml version="1.0" encoding="UTF-8"?>
<!DOCTYPE html PUBLIC "-//W3C//DTD XHTML 1.0 Transitional//EN"
    "http://www.w3.org/TR/xhtml1/DTD/xhtml1-transitional.dtd">
<html xmlns="http://www.w3.org/1999/xhtml" xml:lang="en" lang="en">
 <head>
  <title>
</title>
<meta http-equiv="Content-Type" content="text/html;charset=utf-8" />
  <meta name='ocr-system' content='tesseract 3.04.00' />
  <meta name='ocr-capabilities' content='ocr_page ocr_carea ocr_par ocr_line ocrx_word'/>
</head>
<body>
  <div class='ocr_page' id='page_1' title='image "./legendaaureavulg00jacouoft_0193.png"; bbox 0 0 1742 3005; ppageno 0'>
   <div class='ocr_carea' id='block_1_1' title="bbox 385 115 1442 170">
    <p class='ocr_par' dir='ltr' id='par_1_1' title="bbox 385 115 1442 170">
     <span class='ocr_line' id='line_1_1' title="bbox 385 115 1442 170; baseline -0.001 -15"><span class='ocrx_word' id='word_1_1' title='bbox 385 118 481 170; x_wconf 78' lang='lat' dir='ltr'><strong>Cap.</strong></span> <span class='ocrx_word' id='word_1_2' title='bbox 517 117 616 156; x_wconf 72' lang='lat' dir='ltr'>XLI.</span> <span class='ocrx_word' id='word_1_3' title='bbox 673 118 730 155; x_wconf 81' lang='lat' dir='ltr'><strong>De</strong></span> <span class='ocrx_word' id='word_1_4' title='bbox 761 124 892 154; x_wconf 79' lang='lat' dir='ltr'><strong>sancto</strong></span> <span class='ocrx_word' id='word_1_5' title='bbox 923 115 1107 154; x_wconf 85' lang='lat' dir='ltr'><strong>Amando.</strong></span> <span class='ocrx_word' id='word_1_6' title='bbox 1364 116 1442 154; x_wconf 76' lang='lat'><strong>175</strong></span> 
     </span>
    </p>
   </div>
   <div class='ocr_carea' id='block_1_2' title="bbox 53 222 1443 597">
    <p class='ocr_par' dir='ltr' id='par_1_2' title="bbox 53 222 1443 597">
     <span class='ocr_line' id='line_1_2' title="bbox 142 222 1441 268; baseline -0.002 -8"><span class='ocrx_word' id='word_1_7' title='bbox 142 224 318 260; x_wconf 82' lang='lat' dir='ltr'><strong>Amandus</strong></span> <span class='ocrx_word' id='word_1_8' title='bbox 345 235 388 260; x_wconf 83' lang='lat' dir='ltr'><strong>ex</strong></span> <span class='ocrx_word' id='word_1_9' title='bbox 420 224 595 260; x_wconf 84' lang='lat' dir='ltr'><strong>nobilibus</strong></span> <span class='ocrx_word' id='word_1_10' title='bbox 628 222 832 268; x_wconf 86' lang='lat' dir='ltr'><strong>parentibus</strong></span> <span class='ocrx_word' id='word_1_11' title='bbox 865 229 961 259; x_wconf 87' lang='lat' dir='ltr'><strong>ortus</strong></span> <span class='ocrx_word' id='word_1_12' title='bbox 996 224 1241 259; x_wconf 86' lang='lat' dir='ltr'><strong>monasterium</strong></span> <span class='ocrx_word' id='word_1_13' title='bbox 1277 225 1441 259; x_wconf 78' lang='lat' dir='ltr'><strong>introivit.</strong></span> 
     </span>
     <span class='ocr_line' id='line_1_3' title="bbox 55 289 1443 336; baseline -0.001 -10"><span class='ocrx_word' id='word_1_14' title='bbox 55 292 120 332; x_wconf 85' lang='lat' dir='ltr'><strong>Qui</strong></span> <span class='ocrx_word' id='word_1_15' title='bbox 147 290 225 326; x_wconf 88' lang='lat' dir='ltr'><strong>dum</strong></span> <span class='ocrx_word' id='word_1_16' title='bbox 250 301 313 336; x_wconf 87' lang='lat' dir='ltr'><strong>per</strong></span> <span class='ocrx_word' id='word_1_17' title='bbox 340 292 584 326; x_wconf 85' lang='lat' dir='ltr'><strong>monasterium</strong></span> <span class='ocrx_word' id='word_1_18' title='bbox 610 290 816 332; x_wconf 84' lang='lat' dir='ltr'><strong>ambularet,</strong></span> <span class='ocrx_word' id='word_1_19' title='bbox 844 289 1014 335; x_wconf 80' lang='lat' dir='ltr'>quendam</span> <span class='ocrx_word' id='word_1_20' title='bbox 1043 291 1224 324; x_wconf 82' lang='lat' dir='ltr'><strong>maximum</strong></span> <span class='ocrx_word' id='word_1_21' title='bbox 1248 294 1443 336; x_wconf 71' lang='lat' dir='ltr'>serpentem</span> 
     </span>
     <span class='ocr_line' id='line_1_4' title="bbox 54 355 1442 403; baseline 0.001 -14"><span class='ocrx_word' id='word_1_22' title='bbox 54 357 204 395; x_wconf 79' lang='lat' dir='ltr'><strong>invenit,</strong></span> <span class='ocrx_word' id='word_1_23' title='bbox 234 366 334 402; x_wconf 87' lang='lat' dir='ltr'><strong>quem</strong></span> <span class='ocrx_word' id='word_1_24' title='bbox 360 358 476 391; x_wconf 86' lang='lat' dir='ltr'><strong>statim</strong></span> <span class='ocrx_word' id='word_1_25' title='bbox 506 358 630 391; x_wconf 84' lang='lat' dir='ltr'><strong>virtute</strong></span> <span class='ocrx_word' id='word_1_26' title='bbox 656 358 767 390; x_wconf 83' lang='lat' dir='ltr'><strong>crucis</strong></span> <span class='ocrx_word' id='word_1_27' title='bbox 792 360 826 391; x_wconf 87' lang='lat' dir='ltr'><strong>et</strong></span> <span class='ocrx_word' id='word_1_28' title='bbox 852 357 1010 390; x_wconf 75' lang='lat' dir='ltr'><strong>orat10ne</strong></span> <span class='ocrx_word' id='word_1_29' title='bbox 1036 355 1079 389; x_wconf 87' lang='lat' dir='ltr'><strong>ad</strong></span> <span class='ocrx_word' id='word_1_30' title='bbox 1106 355 1241 390; x_wconf 62' lang='lat' dir='ltr'><strong>soz-eam</strong></span> <span class='ocrx_word' id='word_1_31' title='bbox 1271 366 1442 403; x_wconf 84' lang='lat' dir='ltr'><strong>nunquam</strong></span> 
     </span>
     <span class='ocr_line' id='line_1_5' title="bbox 53 420 1442 468; baseline 0.001 -13"><span class='ocrx_word' id='word_1_32' title='bbox 53 421 132 456; x_wconf 90' lang='lat' dir='ltr'><strong>inde</strong></span> <span class='ocrx_word' id='word_1_33' title='bbox 158 423 328 456; x_wconf 73' lang='lat' dir='ltr'><strong>exiturum</strong></span> <span class='ocrx_word' id='word_1_34' title='bbox 355 422 469 457; x_wconf 86' lang='lat' dir='ltr'><strong>redire</strong></span> <span class='ocrx_word' id='word_1_35' title='bbox 494 423 621 468; x_wconf 79' lang='lat' dir='ltr'><strong>coegit.</strong></span> <span class='ocrx_word' id='word_1_36' title='bbox 692 421 842 455; x_wconf 73' lang='lat' dir='ltr'><strong>Veniens</strong></span> <span class='ocrx_word' id='word_1_37' title='bbox 880 425 994 454; x_wconf 87' lang='lat' dir='ltr'><strong>autem</strong></span> <span class='ocrx_word' id='word_1_38' title='bbox 1018 420 1062 454; x_wconf 87' lang='lat' dir='ltr'><strong>ad</strong></span> <span class='ocrx_word' id='word_1_39' title='bbox 1088 421 1307 466; x_wconf 81' lang='lat' dir='ltr'><strong>sepulchrum</strong></span> <span class='ocrx_word' id='word_1_40' title='bbox 1332 426 1442 457; x_wconf 84' lang='lat' dir='ltr'><strong>sancti</strong></span> 
     </span>
     <span class='ocr_line' id='line_1_6' title="bbox 54 485 1442 533; baseline -0.002 -12"><span class='ocrx_word' id='word_1_41' title='bbox 54 487 209 528; x_wconf 84' lang='lat' dir='ltr'><strong>Martini,</strong></span> <span class='ocrx_word' id='word_1_42' title='bbox 235 489 333 521; x_wconf 82' lang='lat' dir='ltr'><strong>annis</strong></span> <span class='ocrx_word' id='word_1_43' title='bbox 361 487 553 533; x_wconf 87' lang='lat' dir='ltr'><strong>quindecim</strong></span> <span class='ocrx_word' id='word_1_44' title='bbox 580 486 627 519; x_wconf 90' lang='lat' dir='ltr'><strong>ibi</strong></span> <span class='ocrx_word' id='word_1_45' title='bbox 653 487 780 520; x_wconf 86' lang='lat' dir='ltr'><strong>mansit</strong></span> <span class='ocrx_word' id='word_1_46' title='bbox 803 485 918 519; x_wconf 88' lang='lat' dir='ltr'><strong>cilicio</strong></span> <span class='ocrx_word' id='word_1_47' title='bbox 944 486 1084 520; x_wconf 80' lang='lat' dir='ltr'><strong>indutus</strong></span> <span class='ocrx_word' id='word_1_48' title='bbox 1112 490 1143 520; x_wconf 84' lang='lat' dir='ltr'><strong>et</strong></span> <span class='ocrx_word' id='word_1_49' title='bbox 1170 496 1261 532; x_wconf 83' lang='lat' dir='ltr'><strong>aqua</strong></span> <span class='ocrx_word' id='word_1_50' title='bbox 1288 497 1327 521; x_wconf 78' lang='lat' dir='ltr'><strong>ac</strong></span> <span class='ocrx_word' id='word_1_51' title='bbox 1353 498 1442 533; x_wconf 59' lang='lat' dir='ltr'><strong>pano.</strong></span> 
     </span>
     <span class='ocr_line' id='line_1_7' title="bbox 53 550 1441 597; baseline 0.001 -11"><span class='ocrx_word' id='word_1_52' title='bbox 53 552 249 587; x_wconf 81' lang='lat' dir='ltr'><strong>hordeaceo</strong></span> <span class='ocrx_word' id='word_1_53' title='bbox 270 556 493 587; x_wconf 82' lang='lat' dir='ltr'><strong>sustentatus.</strong></span> <span class='ocrx_word' id='word_1_54' title='bbox 541 550 624 592; x_wconf 76' lang='lat' dir='ltr'><strong>Post</strong></span> <span class='ocrx_word' id='word_1_55' title='bbox 648 550 715 597; x_wconf 79' lang='lat' dir='ltr'><strong>hoc</strong></span> <span class='ocrx_word' id='word_1_56' title='bbox 739 550 816 584; x_wconf 88' lang='lat' dir='ltr'><strong>dum</strong></span> <span class='ocrx_word' id='word_1_57' title='bbox 846 550 987 585; x_wconf 85' lang='lat' dir='ltr'>Romam</span> <span class='ocrx_word' id='word_1_58' title='bbox 1013 553 1147 593; x_wconf 72' lang='lat' dir='ltr'><strong>ivisset,</strong></span> <span class='ocrx_word' id='word_1_59' title='bbox 1175 556 1208 586; x_wconf 90' lang='lat' dir='ltr'><strong>et</strong></span> <span class='ocrx_word' id='word_1_60' title='bbox 1233 554 1267 585; x_wconf 92' lang='lat' dir='ltr'><strong>in</strong></span> <span class='ocrx_word' id='word_1_61' title='bbox 1293 554 1441 588; x_wconf 86' lang='lat' dir='ltr'><strong>ecclesia</strong></span> 
     </span>
    </p>
   </div>
   <div class='ocr_carea' id='block_1_3' title="bbox 17 607 1442 662">
    <p class='ocr_par' dir='ltr' id='par_1_3' title="bbox 17 607 1442 662">
     <span class='ocr_line' id='line_1_8' title="bbox 17 607 1442 662; baseline 0.003 -11"><span class='ocrx_word' id='word_1_62' title='bbox 17 607 21 613; x_wconf 66' lang='grc'><em>’</em></span> <span class='ocrx_word' id='word_1_63' title='bbox 53 619 165 652; x_wconf 83' lang='lat' dir='ltr'><strong>sancti</strong></span> <span class='ocrx_word' id='word_1_64' title='bbox 189 617 283 652; x_wconf 85' lang='lat' dir='ltr'><strong>Petri</strong></span> <span class='ocrx_word' id='word_1_65' title='bbox 308 618 340 650; x_wconf 95' lang='lat' dir='ltr'><strong>in</strong></span> <span class='ocrx_word' id='word_1_66' title='bbox 367 619 526 652; x_wconf 84' lang='lat' dir='ltr'><strong>oratione</strong></span> <span class='ocrx_word' id='word_1_67' title='bbox 552 619 793 660; x_wconf 85' lang='lat' dir='ltr'><strong>pernoctaret,</strong></span> <span class='ocrx_word' id='word_1_68' title='bbox 833 621 951 651; x_wconf 88' lang='lat' dir='ltr'><strong>custos</strong></span> <span class='ocrx_word' id='word_1_69' title='bbox 977 617 1147 653; x_wconf 84' lang='lat' dir='ltr'><strong>ecclesiae</strong></span> <span class='ocrx_word' id='word_1_70' title='bbox 1173 619 1283 662; x_wconf 90' lang='lat' dir='ltr'><strong>ipsum</strong></span> <span class='ocrx_word' id='word_1_71' title='bbox 1310 620 1442 655; x_wconf 70' lang='lat' dir='ltr'><strong>irreve-</strong></span> 
     </span>
    </p>
   </div>
   <div class='ocr_carea' id='block_1_4' title="bbox 54 680 1455 2243">
    <p class='ocr_par' dir='ltr' id='par_1_4' title="bbox 54 680 1455 2243">
     <span class='ocr_line' id='line_1_9' title="bbox 55 680 1441 730; baseline 0.001 -14"><span class='ocrx_word' id='word_1_72' title='bbox 55 686 171 717; x_wconf 83' lang='lat' dir='ltr'><strong>renter</strong></span> <span class='ocrx_word' id='word_1_73' title='bbox 194 682 290 717; x_wconf 82' lang='lat' dir='ltr'><strong>foras</strong></span> <span class='ocrx_word' id='word_1_74' title='bbox 317 684 431 728; x_wconf 76' lang='lat' dir='ltr'><strong>eJecit.</strong></span> <span class='ocrx_word' id='word_1_75' title='bbox 458 682 523 723; x_wconf 89' lang='lat' dir='ltr'><strong>Qui</strong></span> <span class='ocrx_word' id='word_1_76' title='bbox 551 682 628 716; x_wconf 88' lang='lat' dir='ltr'><strong>dum</strong></span> <span class='ocrx_word' id='word_1_77' title='bbox 655 680 700 715; x_wconf 85' lang='lat' dir='ltr'><strong>ad</strong></span> <span class='ocrx_word' id='word_1_78' title='bbox 725 680 992 718; x_wconf 80' lang='lat' dir='ltr'><strong>admonitionem</strong></span> <span class='ocrx_word' id='word_1_79' title='bbox 1019 685 1128 717; x_wconf 86' lang='lat' dir='ltr'><strong>sancti</strong></span> <span class='ocrx_word' id='word_1_80' title='bbox 1157 682 1263 726; x_wconf 80' lang='lat' dir='ltr'><strong>Petri,</strong></span> <span class='ocrx_word' id='word_1_81' title='bbox 1291 686 1348 730; x_wconf 85' lang='lat' dir='ltr'><strong>qni</strong></span> <span class='ocrx_word' id='word_1_82' title='bbox 1375 685 1441 720; x_wconf 84' lang='lat' dir='ltr'><strong>sibi</strong></span> 
     </span>
     <span class='ocr_line' id='line_1_10' title="bbox 55 747 1440 793; baseline 0.004 -12"><span class='ocrx_word' id='word_1_83' title='bbox 55 751 135 782; x_wconf 87' lang='lat' dir='ltr'><strong>ante</strong></span> <span class='ocrx_word' id='word_1_84' title='bbox 161 747 255 782; x_wconf 79' lang='lat' dir='ltr'><strong>fores</strong></span> <span class='ocrx_word' id='word_1_85' title='bbox 280 748 450 783; x_wconf 80' lang='lat' dir='ltr'><strong>ecclesiae</strong></span> <span class='ocrx_word' id='word_1_86' title='bbox 472 748 656 783; x_wconf 79' lang='lat' dir='ltr'><strong>dormienti</strong></span> <span class='ocrx_word' id='word_1_87' title='bbox 679 749 856 793; x_wconf 82' lang='lat' dir='ltr'><strong>apparuit,</strong></span> <span class='ocrx_word' id='word_1_88' title='bbox 883 748 927 782; x_wconf 87' lang='lat' dir='ltr'><strong>ad</strong></span> <span class='ocrx_word' id='word_1_89' title='bbox 953 747 1088 784; x_wconf 83' lang='lat' dir='ltr'><strong>Gallias</strong></span> <span class='ocrx_word' id='word_1_90' title='bbox 1114 750 1237 785; x_wconf 74' lang='lat' dir='ltr'><strong>ivisset</strong></span> <span class='ocrx_word' id='word_1_91' title='bbox 1262 755 1296 785; x_wconf 79' lang='lat' dir='ltr'><strong>et</strong></span> <span class='ocrx_word' id='word_1_92' title='bbox 1315 750 1440 786; x_wconf 87' lang='lat' dir='ltr'><strong>ibidem</strong></span> 
     </span>
     <span class='ocr_line' id='line_1_11' title="bbox 55 813 1440 860; baseline 0.002 -12"><span class='ocrx_word' id='word_1_93' title='bbox 55 823 173 859; x_wconf 83' lang='lat' dir='ltr'><strong>regem</strong></span> <span class='ocrx_word' id='word_1_94' title='bbox 195 813 433 860; x_wconf 78' lang='lat' dir='ltr'><strong>Dagobertum</strong></span> <span class='ocrx_word' id='word_1_95' title='bbox 461 825 524 860; x_wconf 91' lang='lat' dir='ltr'><strong>pro</strong></span> <span class='ocrx_word' id='word_1_96' title='bbox 548 815 620 848; x_wconf 91' lang='lat' dir='ltr'><strong>suis</strong></span> <span class='ocrx_word' id='word_1_97' title='bbox 648 813 847 848; x_wconf 74' lang='lat' dir='ltr'><strong>criminibus</strong></span> <span class='ocrx_word' id='word_1_98' title='bbox 880 815 1095 860; x_wconf 78' lang='lat' dir='ltr'><strong>increparet,</strong></span> <span class='ocrx_word' id='word_1_99' title='bbox 1147 815 1257 850; x_wconf 85' lang='lat' dir='ltr'><strong>iratus</strong></span> <span class='ocrx_word' id='word_1_100' title='bbox 1282 827 1342 850; x_wconf 80' lang='lat' dir='ltr'><strong>rex</strong></span> <span class='ocrx_word' id='word_1_101' title='bbox 1367 828 1440 852; x_wconf 89' lang='lat' dir='ltr'><strong>eum</strong></span> 
     </span>
     <span class='ocr_line' id='line_1_12' title="bbox 55 869 1440 926; baseline 0.004 -13"><span class='ocrx_word' id='word_1_102' title='bbox 55 878 98 913; x_wconf 89' lang='lat' dir='ltr'><strong>de</strong></span> <span class='ocrx_word' id='word_1_103' title='bbox 123 889 186 913; x_wconf 89' lang='lat' dir='ltr'><strong>suo</strong></span> <span class='ocrx_word' id='word_1_104' title='bbox 209 890 318 924; x_wconf 80' lang='lat' dir='ltr'><strong>regno</strong></span> <span class='ocrx_word' id='word_1_105' title='bbox 346 881 460 926; x_wconf 79' lang='lat' dir='ltr'><strong>eJecit.</strong></span> <span class='ocrx_word' id='word_1_106' title='bbox 530 880 686 925; x_wconf 84' lang='lat' dir='ltr'><strong>Denique</strong></span> <span class='ocrx_word' id='word_1_107' title='bbox 714 888 786 913; x_wconf 79' lang='lat' dir='ltr'><strong>cum</strong></span> <span class='ocrx_word' id='word_1_108' title='bbox 821 869 882 914; x_wconf 54' lang='lat' dir='ltr'><strong>rei}</strong></span> <span class='ocrx_word' id='word_1_109' title='bbox 909 880 1012 913; x_wconf 84' lang='lat' dir='ltr'><strong>lilium</strong></span> <span class='ocrx_word' id='word_1_110' title='bbox 1037 890 1103 913; x_wconf 92' lang='lat' dir='ltr'><strong>non</strong></span> <span class='ocrx_word' id='word_1_111' title='bbox 1131 879 1276 916; x_wconf 82' lang='lat' dir='ltr'><strong>baberet</strong></span> <span class='ocrx_word' id='word_1_112' title='bbox 1303 886 1336 916; x_wconf 87' lang='lat' dir='ltr'><strong>et</strong></span> <span class='ocrx_word' id='word_1_113' title='bbox 1361 894 1440 918; x_wconf 86' lang='lat' dir='ltr'><strong>ora-</strong></span> 
     </span>
     <span class='ocr_line' id='line_1_13' title="bbox 54 944 1441 993; baseline 0.004 -15"><span class='ocrx_word' id='word_1_114' title='bbox 54 946 149 980; x_wconf 84' lang='lat' dir='ltr'><strong>tione</strong></span> <span class='ocrx_word' id='word_1_115' title='bbox 177 945 271 980; x_wconf 78' lang='lat' dir='ltr'><strong>sacta</strong></span> <span class='ocrx_word' id='word_1_116' title='bbox 298 945 343 979; x_wconf 88' lang='lat' dir='ltr'><strong>ad</strong></span> <span class='ocrx_word' id='word_1_117' title='bbox 369 945 542 980; x_wconf 89' lang='lat' dir='ltr'><strong>dominum</strong></span> <span class='ocrx_word' id='word_1_118' title='bbox 566 946 670 979; x_wconf 79' lang='lat' dir='ltr'><strong>lilium</strong></span> <span class='ocrx_word' id='word_1_119' title='bbox 700 944 893 987; x_wconf 69' lang='lat' dir='ltr'><strong>habuisset,</strong></span> <span class='ocrx_word' id='word_1_120' title='bbox 919 947 1078 991; x_wconf 78' lang='lat' dir='ltr'><strong>cogitare</strong></span> <span class='ocrx_word' id='word_1_121' title='bbox 1103 948 1231 991; x_wconf 85' lang='lat' dir='ltr'><strong>coepit,</strong></span> <span class='ocrx_word' id='word_1_122' title='bbox 1257 957 1278 981; x_wconf 86' lang='lat' dir='ltr'><strong>a</strong></span> <span class='ocrx_word' id='word_1_123' title='bbox 1304 959 1371 993; x_wconf 81' lang='lat' dir='ltr'><strong>quo</strong></span> <span class='ocrx_word' id='word_1_124' title='bbox 1389 951 1441 983; x_wconf 89' lang='lat' dir='ltr'><strong>in-</strong></span> 
     </span>
     <span class='ocr_line' id='line_1_14' title="bbox 56 1010 1441 1058; baseline 0.003 -13"><span class='ocrx_word' id='word_1_125' title='bbox 56 1010 183 1045; x_wconf 77' lang='lat' dir='ltr'><strong>fantem</strong></span> <span class='ocrx_word' id='word_1_126' title='bbox 221 1021 318 1045; x_wconf 88' lang='lat' dir='ltr'><strong>sunm</strong></span> <span class='ocrx_word' id='word_1_127' title='bbox 353 1011 485 1047; x_wconf 76' lang='lat' dir='ltr'><strong>faceret</strong></span> <span class='ocrx_word' id='word_1_128' title='bbox 516 1011 712 1056; x_wconf 81' lang='lat' dir='ltr'><strong>baptizari,</strong></span> <span class='ocrx_word' id='word_1_129' title='bbox 749 1013 925 1056; x_wconf 57' lang='lat' dir='ltr'><strong>⁴venitque</strong></span> <span class='ocrx_word' id='word_1_130' title='bbox 955 1013 989 1045; x_wconf 90' lang='lat' dir='ltr'><strong>in</strong></span> <span class='ocrx_word' id='word_1_131' title='bbox 1015 1016 1161 1046; x_wconf 85' lang='lat' dir='ltr'><strong>mentem</strong></span> <span class='ocrx_word' id='word_1_132' title='bbox 1189 1013 1286 1058; x_wconf 80' lang='lat' dir='ltr'><strong>ejus,</strong></span> <span class='ocrx_word' id='word_1_133' title='bbox 1336 1018 1371 1049; x_wconf 85' lang='lat' dir='ltr'><strong>nt</strong></span> <span class='ocrx_word' id='word_1_134' title='bbox 1397 1015 1441 1049; x_wconf 87' lang='lat' dir='ltr'><strong>ab</strong></span> 
     </span>
     <span class='ocr_line' id='line_1_15' title="bbox 54 1076 1441 1123; baseline 0.003 -11"><span class='ocrx_word' id='word_1_135' title='bbox 54 1076 212 1112; x_wconf 85' lang='lat' dir='ltr'><strong>Amando</strong></span> <span class='ocrx_word' id='word_1_136' title='bbox 238 1087 312 1112; x_wconf 89' lang='lat' dir='ltr'><strong>eum</strong></span> <span class='ocrx_word' id='word_1_137' title='bbox 338 1077 511 1123; x_wconf 82' lang='lat' dir='ltr'><strong>baptizari</strong></span> <span class='ocrx_word' id='word_1_138' title='bbox 537 1078 681 1112; x_wconf 79' lang='lat' dir='ltr'><strong>faceret.</strong></span> <span class='ocrx_word' id='word_1_139' title='bbox 747 1078 916 1117; x_wconf 83' lang='lat' dir='ltr'><strong>Quaesito</strong></span> <span class='ocrx_word' id='word_1_140' title='bbox 942 1078 1051 1122; x_wconf 68' lang='lat' dir='ltr'><strong>igitur</strong></span> <span class='ocrx_word' id='word_1_141' title='bbox 1074 1078 1231 1112; x_wconf 81' lang='lat' dir='ltr'><strong>Amando</strong></span> <span class='ocrx_word' id='word_1_142' title='bbox 1257 1084 1290 1113; x_wconf 88' lang='lat' dir='ltr'><strong>et</strong></span> <span class='ocrx_word' id='word_1_143' title='bbox 1317 1080 1359 1114; x_wconf 81' lang='lat' dir='ltr'><strong>ad</strong></span> <span class='ocrx_word' id='word_1_144' title='bbox 1387 1091 1441 1116; x_wconf 83' lang='lat' dir='ltr'><strong>re-</strong></span> 
     </span>
     <span class='ocr_line' id='line_1_16' title="bbox 54 1142 1441 1190; baseline 0.003 -13"><span class='ocrx_word' id='word_1_145' title='bbox 54 1153 133 1189; x_wconf 81' lang='lat' dir='ltr'><strong>gem</strong></span> <span class='ocrx_word' id='word_1_146' title='bbox 159 1142 330 1186; x_wconf 81' lang='lat' dir='ltr'><strong>adducto,</strong></span> <span class='ocrx_word' id='word_1_147' title='bbox 381 1154 444 1179; x_wconf 86' lang='lat' dir='ltr'><strong>rex</strong></span> <span class='ocrx_word' id='word_1_148' title='bbox 467 1144 513 1178; x_wconf 87' lang='lat' dir='ltr'><strong>ad</strong></span> <span class='ocrx_word' id='word_1_149' title='bbox 538 1144 646 1190; x_wconf 86' lang='lat' dir='ltr'><strong>pedes</strong></span> <span class='ocrx_word' id='word_1_150' title='bbox 670 1145 746 1189; x_wconf 88' lang='lat' dir='ltr'><strong>ejus</strong></span> <span class='ocrx_word' id='word_1_151' title='bbox 774 1144 1008 1188; x_wconf 87' lang='lat' dir='ltr'><strong>prosternitur</strong></span> <span class='ocrx_word' id='word_1_152' title='bbox 1032 1145 1262 1189; x_wconf 65' lang='lat' dir='ltr'><strong>rogavitque,</strong></span> <span class='ocrx_word' id='word_1_153' title='bbox 1312 1150 1349 1179; x_wconf 83' lang='lat' dir='ltr'><strong>ut</strong></span> <span class='ocrx_word' id='word_1_154' title='bbox 1375 1147 1441 1181; x_wconf 89' lang='lat' dir='ltr'><strong>sibi</strong></span> 
     </span>
     <span class='ocr_line' id='line_1_17' title="bbox 54 1208 1455 1256; baseline 0.004 -14"><span class='ocrx_word' id='word_1_155' title='bbox 54 1208 252 1254; x_wconf 83' lang='lat' dir='ltr'><strong>indulgeret</strong></span> <span class='ocrx_word' id='word_1_156' title='bbox 279 1213 314 1243; x_wconf 89' lang='lat' dir='ltr'><strong>et</strong></span> <span class='ocrx_word' id='word_1_157' title='bbox 341 1219 438 1244; x_wconf 87' lang='lat' dir='ltr'><strong>suum</strong></span> <span class='ocrx_word' id='word_1_158' title='bbox 464 1210 590 1253; x_wconf 88' lang='lat' dir='ltr'><strong>filium,</strong></span> <span class='ocrx_word' id='word_1_159' title='bbox 627 1221 727 1255; x_wconf 85' lang='lat' dir='ltr'><strong>quem</strong></span> <span class='ocrx_word' id='word_1_160' title='bbox 752 1209 819 1244; x_wconf 88' lang='lat' dir='ltr'><strong>sibi</strong></span> <span class='ocrx_word' id='word_1_161' title='bbox 845 1208 1002 1242; x_wconf 89' lang='lat' dir='ltr'><strong>dominus</strong></span> <span class='ocrx_word' id='word_1_162' title='bbox 1029 1208 1194 1251; x_wconf 82' lang='lat' dir='ltr'><strong>dederat,</strong></span> <span class='ocrx_word' id='word_1_163' title='bbox 1233 1210 1455 1256; x_wconf 62' lang='lat' dir='ltr'><strong>baptizaret„</strong></span> 
     </span>
     <span class='ocr_line' id='line_1_18' title="bbox 55 1273 1443 1321; baseline 0.004 -13"><span class='ocrx_word' id='word_1_164' title='bbox 55 1273 117 1309; x_wconf 88' lang='lat' dir='ltr'><strong>llle</strong></span> <span class='ocrx_word' id='word_1_165' title='bbox 143 1284 226 1310; x_wconf 85' lang='lat' dir='ltr'><strong>vero</strong></span> <span class='ocrx_word' id='word_1_166' title='bbox 252 1276 398 1320; x_wconf 84' lang='lat' dir='ltr'><strong>primam</strong></span> <span class='ocrx_word' id='word_1_167' title='bbox 422 1277 625 1320; x_wconf 84' lang='lat' dir='ltr'><strong>petitionem</strong></span> <span class='ocrx_word' id='word_1_168' title='bbox 651 1275 803 1321; x_wconf 81' lang='lat' dir='ltr'><strong>henigne</strong></span> <span class='ocrx_word' id='word_1_169' title='bbox 834 1276 1020 1316; x_wconf 86' lang='lat' dir='ltr'><strong>concessit,</strong></span> <span class='ocrx_word' id='word_1_170' title='bbox 1046 1275 1109 1309; x_wconf 88' lang='lat' dir='ltr'><strong>sed</strong></span> <span class='ocrx_word' id='word_1_171' title='bbox 1127 1277 1366 1312; x_wconf 85' lang='lat' dir='ltr'><strong>saecularibus</strong></span> <span class='ocrx_word' id='word_1_172' title='bbox 1382 1289 1443 1314; x_wconf 89' lang='lat' dir='ltr'><strong>ne-</strong></span> 
     </span>
     <span class='ocr_line' id='line_1_19' title="bbox 55 1340 1443 1386; baseline 0.004 -12"><span class='ocrx_word' id='word_1_173' title='bbox 55 1342 164 1386; x_wconf 87' lang='lat' dir='ltr'><strong>gotiis</strong></span> <span class='ocrx_word' id='word_1_174' title='bbox 188 1341 360 1386; x_wconf 81' lang='lat' dir='ltr'><strong>implicari</strong></span> <span class='ocrx_word' id='word_1_175' title='bbox 384 1346 539 1376; x_wconf 86' lang='lat' dir='ltr'><strong>metuens</strong></span> <span class='ocrx_word' id='word_1_176' title='bbox 554 1370 561 1383; x_wconf 95' lang='lat'><strong>,</strong></span> <span class='ocrx_word' id='word_1_177' title='bbox 609 1341 796 1376; x_wconf 87' lang='lat' dir='ltr'><strong>secundam</strong></span> <span class='ocrx_word' id='word_1_178' title='bbox 832 1342 947 1375; x_wconf 89' lang='lat' dir='ltr'><strong>renuit</strong></span> <span class='ocrx_word' id='word_1_179' title='bbox 971 1344 1004 1374; x_wconf 93' lang='lat' dir='ltr'><strong>et</strong></span> <span class='ocrx_word' id='word_1_180' title='bbox 1029 1340 1212 1375; x_wconf 82' lang='lat' dir='ltr'><strong>abscessit.</strong></span> <span class='ocrx_word' id='word_1_181' title='bbox 1288 1342 1443 1379; x_wconf 80' lang='lat' dir='ltr'><strong>Tandem</strong></span> 
     </span>
     <span class='ocr_line' id='line_1_20' title="bbox 56 1405 1444 1452; baseline 0.004 -13"><span class='ocrx_word' id='word_1_182' title='bbox 56 1408 167 1441; x_wconf 73' lang='lat' dir='ltr'><strong>rictus</strong></span> <span class='ocrx_word' id='word_1_183' title='bbox 191 1406 353 1452; x_wconf 87' lang='lat' dir='ltr'><strong>precihus</strong></span> <span class='ocrx_word' id='word_1_184' title='bbox 379 1408 500 1441; x_wconf 85' lang='lat' dir='ltr'><strong>annuit</strong></span> <span class='ocrx_word' id='word_1_185' title='bbox 527 1410 610 1440; x_wconf 74' lang='lat' dir='ltr'><strong>voto</strong></span> <span class='ocrx_word' id='word_1_186' title='bbox 636 1408 750 1452; x_wconf 78' lang='lat' dir='ltr'><strong>regis3</strong></span> <span class='ocrx_word' id='word_1_187' title='bbox 784 1416 883 1451; x_wconf 83' lang='lat' dir='ltr'><strong>quem</strong></span> <span class='ocrx_word' id='word_1_188' title='bbox 910 1416 983 1440; x_wconf 88' lang='lat' dir='ltr'><strong>cum</strong></span> <span class='ocrx_word' id='word_1_189' title='bbox 1005 1405 1222 1451; x_wconf 82' lang='lat' dir='ltr'><strong>baptizaret,</strong></span> <span class='ocrx_word' id='word_1_190' title='bbox 1248 1408 1444 1445; x_wconf 84' lang='lat' dir='ltr'><strong>tacentibus</strong></span> 
     </span>
     <span class='ocr_line' id='line_1_21' title="bbox 56 1470 1442 1519; baseline 0.003 -13"><span class='ocrx_word' id='word_1_191' title='bbox 56 1474 187 1507; x_wconf 86' lang='lat' dir='ltr'><strong>cunetis</strong></span> <span class='ocrx_word' id='word_1_192' title='bbox 203 1473 318 1507; x_wconf 78' lang='lat' dir='ltr'><strong>infans</strong></span> <span class='ocrx_word' id='word_1_193' title='bbox 343 1473 544 1518; x_wconf 81' lang='lat' dir='ltr'><strong>respondit:</strong></span> <span class='ocrx_word' id='word_1_194' title='bbox 569 1482 679 1506; x_wconf 80' lang='lat' dir='ltr'><strong>amen.</strong></span> <span class='ocrx_word' id='word_1_195' title='bbox 711 1471 795 1505; x_wconf 86' lang='lat' dir='ltr'><strong>Post</strong></span> <span class='ocrx_word' id='word_1_196' title='bbox 816 1470 881 1505; x_wconf 85' lang='lat' dir='ltr'><strong>hoc</strong></span> <span class='ocrx_word' id='word_1_197' title='bbox 901 1482 962 1505; x_wconf 82' lang='lat' dir='ltr'><strong>rex</strong></span> <span class='ocrx_word' id='word_1_198' title='bbox 981 1472 1092 1516; x_wconf 89' lang='lat' dir='ltr'><strong>ipsum</strong></span> <span class='ocrx_word' id='word_1_199' title='bbox 1112 1473 1146 1505; x_wconf 93' lang='lat' dir='ltr'><strong>in</strong></span> <span class='ocrx_word' id='word_1_200' title='bbox 1165 1474 1195 1516; x_wconf 92' lang='lat'><strong>¹)</strong></span> <span class='ocrx_word' id='word_1_201' title='bbox 1215 1475 1442 1519; x_wconf 82' lang='lat' dir='ltr'><strong>terrajacen-</strong></span> 
     </span>
     <span class='ocr_line' id='line_1_22' title="bbox 56 1536 1441 1584; baseline 0.002 -12"><span class='ocrx_word' id='word_1_202' title='bbox 56 1543 124 1573; x_wconf 91' lang='lat' dir='ltr'><strong>tem</strong></span> <span class='ocrx_word' id='word_1_203' title='bbox 157 1539 192 1572; x_wconf 91' lang='lat' dir='ltr'><strong>in</strong></span> <span class='ocrx_word' id='word_1_204' title='bbox 228 1539 429 1584; x_wconf 83' lang='lat' dir='ltr'><strong>episcopum</strong></span> <span class='ocrx_word' id='word_1_205' title='bbox 464 1537 646 1572; x_wconf 84' lang='lat' dir='ltr'><strong>sublimari</strong></span> <span class='ocrx_word' id='word_1_206' title='bbox 678 1536 771 1571; x_wconf 81' lang='lat' dir='ltr'><strong>fecit.</strong></span> <span class='ocrx_word' id='word_1_207' title='bbox 843 1536 907 1576; x_wconf 83' lang='lat' dir='ltr'><strong>Qui</strong></span> <span class='ocrx_word' id='word_1_208' title='bbox 941 1548 1015 1570; x_wconf 86' lang='lat' dir='ltr'><strong>cum</strong></span> <span class='ocrx_word' id='word_1_209' title='bbox 1048 1547 1068 1571; x_wconf 85' lang='lat' dir='ltr'><strong>a</strong></span> <span class='ocrx_word' id='word_1_210' title='bbox 1095 1537 1273 1583; x_wconf 88' lang='lat' dir='ltr'><strong>plerisque</strong></span> <span class='ocrx_word' id='word_1_211' title='bbox 1301 1540 1441 1575; x_wconf 77' lang='lat' dir='ltr'><strong>verbum</strong></span> 
     </span>
     <span class='ocr_line' id='line_1_23' title="bbox 57 1601 1443 1652; baseline 0.002 -14"><span class='ocrx_word' id='word_1_212' title='bbox 57 1603 330 1648; x_wconf 80' lang='lat' dir='ltr'><strong>praedicationis</strong></span> <span class='ocrx_word' id='word_1_213' title='bbox 353 1606 525 1639; x_wconf 83' lang='lat' dir='ltr'><strong>contemni</strong></span> <span class='ocrx_word' id='word_1_214' title='bbox 551 1603 706 1645; x_wconf 80' lang='lat' dir='ltr'><strong>videret,</strong></span> <span class='ocrx_word' id='word_1_215' title='bbox 755 1604 789 1636; x_wconf 90' lang='lat' dir='ltr'><strong>in</strong></span> <span class='ocrx_word' id='word_1_216' title='bbox 814 1601 1021 1637; x_wconf 77' lang='lat' dir='ltr'><strong>Vasconiam</strong></span> <span class='ocrx_word' id='word_1_217' title='bbox 1048 1604 1121 1637; x_wconf 75' lang='lat' dir='ltr'><strong>ivit.</strong></span> <span class='ocrx_word' id='word_1_218' title='bbox 1175 1603 1240 1638; x_wconf 80' lang='lat' dir='ltr'><strong>Ubi</strong></span> <span class='ocrx_word' id='word_1_219' title='bbox 1265 1615 1338 1639; x_wconf 89' lang='lat' dir='ltr'><strong>cum</strong></span> <span class='ocrx_word' id='word_1_220' title='bbox 1368 1609 1443 1652; x_wconf 75' lang='lat' dir='ltr'><strong>qui-</strong></span> 
     </span>
     <span class='ocr_line' id='line_1_24' title="bbox 59 1668 1444 1717; baseline 0.002 -13"><span class='ocrx_word' id='word_1_221' title='bbox 59 1669 136 1704; x_wconf 88' lang='lat' dir='ltr'><strong>dam</strong></span> <span class='ocrx_word' id='word_1_222' title='bbox 158 1670 337 1716; x_wconf 76' lang='lat' dir='ltr'><strong>Joculator</strong></span> <span class='ocrx_word' id='word_1_223' title='bbox 360 1669 478 1704; x_wconf 80' lang='lat' dir='ltr'><strong>verbis</strong></span> <span class='ocrx_word' id='word_1_224' title='bbox 505 1671 581 1715; x_wconf 88' lang='lat' dir='ltr'><strong>ejus</strong></span> <span class='ocrx_word' id='word_1_225' title='bbox 606 1669 781 1710; x_wconf 85' lang='lat' dir='ltr'><strong>irrideret,</strong></span> <span class='ocrx_word' id='word_1_226' title='bbox 809 1678 830 1702; x_wconf 86' lang='lat' dir='ltr'><strong>a</strong></span> <span class='ocrx_word' id='word_1_227' title='bbox 855 1668 1023 1703; x_wconf 80' lang='lat' dir='ltr'><strong>daemone</strong></span> <span class='ocrx_word' id='word_1_228' title='bbox 1049 1671 1216 1714; x_wconf 87' lang='lat' dir='ltr'><strong>arripitur</strong></span> <span class='ocrx_word' id='word_1_229' title='bbox 1242 1675 1275 1705; x_wconf 89' lang='lat' dir='ltr'><strong>et</strong></span> <span class='ocrx_word' id='word_1_230' title='bbox 1292 1674 1444 1717; x_wconf 79' lang='lat' dir='ltr'><strong>propriis</strong></span> 
     </span>
     <span class='ocr_line' id='line_1_25' title="bbox 59 1730 1449 1781; baseline 0.004 -12"><span class='ocrx_word' id='word_1_231' title='bbox 59 1735 220 1771; x_wconf 85' lang='lat' dir='ltr'><strong>dentibus</strong></span> <span class='ocrx_word' id='word_1_232' title='bbox 245 1746 283 1771; x_wconf 91' lang='lat' dir='ltr'><strong>se</strong></span> <span class='ocrx_word' id='word_1_233' title='bbox 308 1735 530 1781; x_wconf 82' lang='lat' dir='ltr'><strong>discerpens,</strong></span> <span class='ocrx_word' id='word_1_234' title='bbox 577 1735 670 1781; x_wconf 85' lang='lat' dir='ltr'><strong>quod</strong></span> <span class='ocrx_word' id='word_1_235' title='bbox 698 1736 771 1769; x_wconf 79' lang='lat' dir='ltr'><strong>viro</strong></span> <span class='ocrx_word' id='word_1_236' title='bbox 798 1734 859 1769; x_wconf 84' lang='lat' dir='ltr'><strong>Dei</strong></span> <span class='ocrx_word' id='word_1_237' title='bbox 887 1734 1048 1780; x_wconf 82' lang='lat' dir='ltr'><strong>injuriam</strong></span> <span class='ocrx_word' id='word_1_238' title='bbox 1075 1730 1233 1777; x_wconf 75' lang='lat' dir='ltr'><strong>secerit‚&#39;</strong></span> <span class='ocrx_word' id='word_1_239' title='bbox 1265 1738 1449 1773; x_wconf 73' lang='lat' dir='ltr'><strong>confitetur</strong></span> 
     </span>
     <span class='ocr_line' id='line_1_26' title="bbox 59 1800 1445 1846; baseline 0.004 -11"><span class='ocrx_word' id='word_1_240' title='bbox 59 1805 94 1835; x_wconf 90' lang='lat' dir='ltr'><strong>et</strong></span> <span class='ocrx_word' id='word_1_241' title='bbox 116 1802 233 1835; x_wconf 87' lang='lat' dir='ltr'><strong>statim</strong></span> <span class='ocrx_word' id='word_1_242' title='bbox 259 1801 504 1837; x_wconf 86' lang='lat' dir='ltr'><strong>miserabiliter</strong></span> <span class='ocrx_word' id='word_1_243' title='bbox 527 1803 682 1836; x_wconf 88' lang='lat' dir='ltr'><strong>moritur.</strong></span> <span class='ocrx_word' id='word_1_244' title='bbox 731 1800 816 1835; x_wconf 80' lang='lat' dir='ltr'><strong>Dum</strong></span> <span class='ocrx_word' id='word_1_245' title='bbox 843 1804 955 1835; x_wconf 85' lang='lat' dir='ltr'><strong>autem</strong></span> <span class='ocrx_word' id='word_1_246' title='bbox 982 1801 1131 1846; x_wconf 79' lang='lat' dir='ltr'><strong>quadam</strong></span> <span class='ocrx_word' id='word_1_247' title='bbox 1155 1803 1229 1836; x_wconf 76' lang='lat' dir='ltr'><strong>vice</strong></span> <span class='ocrx_word' id='word_1_248' title='bbox 1255 1813 1375 1838; x_wconf 84' lang='lat' dir='ltr'><strong>manus</strong></span> <span class='ocrx_word' id='word_1_249' title='bbox 1391 1804 1445 1840; x_wconf 87' lang='lat' dir='ltr'><strong>la-</strong></span> 
     </span>
     <span class='ocr_line' id='line_1_27' title="bbox 60 1867 1446 1915; baseline 0.004 -15"><span class='ocrx_word' id='word_1_250' title='bbox 60 1870 176 1909; x_wconf 85' lang='lat' dir='ltr'><strong>varet,</strong></span> <span class='ocrx_word' id='word_1_251' title='bbox 205 1867 343 1913; x_wconf 83' lang='lat' dir='ltr'><strong>quidam</strong></span> <span class='ocrx_word' id='word_1_252' title='bbox 368 1870 554 1914; x_wconf 88' lang='lat' dir='ltr'><strong>episcopus</strong></span> <span class='ocrx_word' id='word_1_253' title='bbox 585 1876 708 1912; x_wconf 81' lang='lat' dir='ltr'><strong>aquam</strong></span> <span class='ocrx_word' id='word_1_254' title='bbox 735 1867 827 1901; x_wconf 82' lang='lat' dir='ltr'><strong>iilam</strong></span> <span class='ocrx_word' id='word_1_255' title='bbox 855 1869 990 1902; x_wconf 78' lang='lat' dir='ltr'><strong>servari</strong></span> <span class='ocrx_word' id='word_1_256' title='bbox 1017 1867 1121 1909; x_wconf 66' lang='lat' dir='ltr'><strong>fecit,</strong></span> <span class='ocrx_word' id='word_1_257' title='bbox 1147 1867 1188 1902; x_wconf 86' lang='lat' dir='ltr'><strong>de</strong></span> <span class='ocrx_word' id='word_1_258' title='bbox 1213 1878 1281 1913; x_wconf 83' lang='lat' dir='ltr'><strong>qua</strong></span> <span class='ocrx_word' id='word_1_259' title='bbox 1308 1870 1446 1915; x_wconf 86' lang='lat' dir='ltr'><strong>quidam</strong></span> 
     </span>
     <span class='ocr_line' id='line_1_28' title="bbox 60 1933 1445 1979; baseline 0.003 -12"><span class='ocrx_word' id='word_1_260' title='bbox 60 1941 184 1968; x_wconf 83' lang='lat' dir='ltr'><strong>caecus</strong></span> <span class='ocrx_word' id='word_1_261' title='bbox 210 1933 428 1978; x_wconf 85' lang='lat' dir='ltr'><strong>postmodum</strong></span> <span class='ocrx_word' id='word_1_262' title='bbox 453 1938 594 1969; x_wconf 86' lang='lat' dir='ltr'><strong>curatus</strong></span> <span class='ocrx_word' id='word_1_263' title='bbox 622 1933 697 1968; x_wconf 81' lang='lat' dir='ltr'><strong>suit.</strong></span> <span class='ocrx_word' id='word_1_264' title='bbox 756 1934 839 1978; x_wconf 71' lang='lat' dir='ltr'><strong>(lum</strong></span> <span class='ocrx_word' id='word_1_265' title='bbox 864 1934 897 1967; x_wconf 90' lang='lat' dir='ltr'><strong>in</strong></span> <span class='ocrx_word' id='word_1_266' title='bbox 924 1933 1072 1979; x_wconf 81' lang='lat' dir='ltr'><strong>quodam</strong></span> <span class='ocrx_word' id='word_1_267' title='bbox 1093 1933 1172 1968; x_wconf 92' lang='lat' dir='ltr'><strong>loco</strong></span> <span class='ocrx_word' id='word_1_268' title='bbox 1198 1934 1241 1969; x_wconf 82' lang='lat' dir='ltr'><strong>do</strong></span> <span class='ocrx_word' id='word_1_269' title='bbox 1268 1935 1445 1972; x_wconf 85' lang='lat' dir='ltr'><strong>voluntate</strong></span> 
     </span>
     <span class='ocr_line' id='line_1_29' title="bbox 62 1999 1446 2045; baseline 0.002 -13"><span class='ocrx_word' id='word_1_270' title='bbox 62 2000 156 2044; x_wconf 82' lang='lat' dir='ltr'><strong>regis</strong></span> <span class='ocrx_word' id='word_1_271' title='bbox 175 2000 418 2034; x_wconf 87' lang='lat' dir='ltr'><strong>monasterium</strong></span> <span class='ocrx_word' id='word_1_272' title='bbox 442 2002 655 2035; x_wconf 80' lang='lat' dir='ltr'><strong>constituere</strong></span> <span class='ocrx_word' id='word_1_273' title='bbox 679 1999 797 2041; x_wconf 79' lang='lat' dir='ltr'><strong>vellet,</strong></span> <span class='ocrx_word' id='word_1_274' title='bbox 824 1999 963 2045; x_wconf 82' lang='lat' dir='ltr'><strong>qnidam</strong></span> <span class='ocrx_word' id='word_1_275' title='bbox 988 2000 1174 2044; x_wconf 84' lang='lat' dir='ltr'><strong>episcopus</strong></span> <span class='ocrx_word' id='word_1_276' title='bbox 1200 2003 1380 2045; x_wconf 73' lang='lat' dir='ltr'><strong>proximae</strong></span> <span class='ocrx_word' id='word_1_277' title='bbox 1398 2004 1446 2036; x_wconf 86' lang='lat' dir='ltr'><strong>ci-</strong></span> 
     </span>
     <span class='ocr_line' id='line_1_30' title="bbox 63 2064 1445 2111; baseline 0.003 -13"><span class='ocrx_word' id='word_1_278' title='bbox 63 2065 181 2099; x_wconf 82' lang='lat' dir='ltr'><strong>vitatis</strong></span> <span class='ocrx_word' id='word_1_279' title='bbox 205 2064 350 2100; x_wconf 85' lang='lat' dir='ltr'><strong>moleste</strong></span> <span class='ocrx_word' id='word_1_280' title='bbox 373 2064 440 2100; x_wconf 87' lang='lat' dir='ltr'><strong>hoc</strong></span> <span class='ocrx_word' id='word_1_281' title='bbox 464 2067 638 2100; x_wconf 89' lang='lat' dir='ltr'><strong>sustinens</strong></span> <span class='ocrx_word' id='word_1_282' title='bbox 664 2065 758 2098; x_wconf 88' lang='lat' dir='ltr'><strong>misit</strong></span> <span class='ocrx_word' id='word_1_283' title='bbox 783 2064 932 2099; x_wconf 81' lang='lat' dir='ltr'><strong>famulos</strong></span> <span class='ocrx_word' id='word_1_284' title='bbox 957 2074 1061 2107; x_wconf 89' lang='lat' dir='ltr'><strong>suos,</strong></span> <span class='ocrx_word' id='word_1_285' title='bbox 1103 2069 1140 2098; x_wconf 91' lang='lat' dir='ltr'><strong>ut</strong></span> <span class='ocrx_word' id='word_1_286' title='bbox 1164 2070 1223 2099; x_wconf 87' lang='lat' dir='ltr'><strong>aut</strong></span> <span class='ocrx_word' id='word_1_287' title='bbox 1248 2067 1359 2111; x_wconf 85' lang='lat' dir='ltr'><strong>ipsum</strong></span> <span class='ocrx_word' id='word_1_288' title='bbox 1389 2077 1445 2102; x_wconf 91' lang='lat' dir='ltr'><strong>oc-</strong></span> 
     </span>
     <span class='ocr_line' id='line_1_31' title="bbox 61 2129 1448 2177; baseline 0.003 -13"><span class='ocrx_word' id='word_1_289' title='bbox 61 2129 218 2165; x_wconf 87' lang='lat' dir='ltr'><strong>ciderent</strong></span> <span class='ocrx_word' id='word_1_290' title='bbox 235 2130 293 2166; x_wconf 79' lang='lat' dir='ltr'><strong>vel</strong></span> <span class='ocrx_word' id='word_1_291' title='bbox 318 2130 399 2166; x_wconf 89' lang='lat' dir='ltr'><strong>inde</strong></span> <span class='ocrx_word' id='word_1_292' title='bbox 427 2132 605 2177; x_wconf 84' lang='lat' dir='ltr'><strong>ejicerent.</strong></span> <span class='ocrx_word' id='word_1_293' title='bbox 640 2130 705 2171; x_wconf 82' lang='lat' dir='ltr'><strong>Qui</strong></span> <span class='ocrx_word' id='word_1_294' title='bbox 732 2131 908 2165; x_wconf 84' lang='lat' dir='ltr'><strong>venientes</strong></span> <span class='ocrx_word' id='word_1_295' title='bbox 936 2129 1047 2165; x_wconf 88' lang='lat' dir='ltr'><strong>eidem</strong></span> <span class='ocrx_word' id='word_1_296' title='bbox 1073 2129 1195 2165; x_wconf 78' lang='lat' dir='ltr'><strong>dolose</strong></span> <span class='ocrx_word' id='word_1_297' title='bbox 1212 2130 1384 2175; x_wconf 77' lang='lat' dir='ltr'><strong>dixerunt,</strong></span> <span class='ocrx_word' id='word_1_298' title='bbox 1411 2138 1448 2168; x_wconf 90' lang='lat' dir='ltr'><strong>ut</strong></span> 
     </span>
     <span class='ocr_line' id='line_1_32' title="bbox 62 2195 1447 2243; baseline 0.004 -14"><span class='ocrx_word' id='word_1_299' title='bbox 62 2205 178 2230; x_wconf 84' lang='lat' dir='ltr'><strong>secum</strong></span> <span class='ocrx_word' id='word_1_300' title='bbox 210 2200 378 2243; x_wconf 83' lang='lat' dir='ltr'><strong>pergeret</strong></span> <span class='ocrx_word' id='word_1_301' title='bbox 409 2201 443 2232; x_wconf 88' lang='lat' dir='ltr'><strong>et</strong></span> <span class='ocrx_word' id='word_1_302' title='bbox 475 2196 543 2231; x_wconf 90' lang='lat' dir='ltr'><strong>sibi</strong></span> <span class='ocrx_word' id='word_1_303' title='bbox 574 2197 686 2231; x_wconf 86' lang='lat' dir='ltr'><strong>locum</strong></span> <span class='ocrx_word' id='word_1_304' title='bbox 724 2201 841 2242; x_wconf 89' lang='lat' dir='ltr'><strong>aptum</strong></span> <span class='ocrx_word' id='word_1_305' title='bbox 874 2195 919 2230; x_wconf 86' lang='lat' dir='ltr'><strong>ad</strong></span> <span class='ocrx_word' id='word_1_306' title='bbox 942 2197 1187 2230; x_wconf 84' lang='lat' dir='ltr'><strong>monasterium</strong></span> <span class='ocrx_word' id='word_1_307' title='bbox 1212 2198 1447 2234; x_wconf 84' lang='lat' dir='ltr'><strong>ostenderent.</strong></span> 
     </span>
    </p>
   </div>
   <div class='ocr_carea' id='block_1_5' title="bbox 11 2260 1447 2315">
    <p class='ocr_par' dir='ltr' id='par_1_5' title="bbox 11 2260 1447 2315">
     <span class='ocr_line' id='line_1_33' title="bbox 11 2260 1447 2315; baseline 0.003 -21"><span class='ocrx_word' id='word_1_308' title='bbox 11 2310 16 2315; x_wconf 49' lang='lat'><strong>,</strong></span> <span class='ocrx_word' id='word_1_309' title='bbox 61 2260 124 2295; x_wconf 87' lang='lat' dir='ltr'><strong>Ille</strong></span> <span class='ocrx_word' id='word_1_310' title='bbox 148 2265 261 2296; x_wconf 84' lang='lat' dir='ltr'><strong>autem</strong></span> <span class='ocrx_word' id='word_1_311' title='bbox 285 2263 450 2298; x_wconf 85' lang='lat' dir='ltr'><strong>malitiam</strong></span> <span class='ocrx_word' id='word_1_312' title='bbox 476 2262 613 2297; x_wconf 89' lang='lat' dir='ltr'><strong>illorum</strong></span> <span class='ocrx_word' id='word_1_313' title='bbox 636 2272 941 2309; x_wconf 76' lang='lat' dir='ltr'><strong>praecognoscens</strong></span> <span class='ocrx_word' id='word_1_314' title='bbox 968 2273 1079 2308; x_wconf 81' lang='lat' dir='ltr'><strong>usque</strong></span> <span class='ocrx_word' id='word_1_315' title='bbox 1104 2262 1149 2296; x_wconf 83' lang='lat' dir='ltr'><strong>ad</strong></span> <span class='ocrx_word' id='word_1_316' title='bbox 1174 2272 1335 2299; x_wconf 80' lang='lat' dir='ltr'><strong>cacumen</strong></span> <span class='ocrx_word' id='word_1_317' title='bbox 1352 2276 1447 2299; x_wconf 88' lang='lat' dir='ltr'><strong>mon-</strong></span> 
     </span>
    </p>
   </div>
   <div class='ocr_carea' id='block_1_6' title="bbox 61 2325 1451 2636">
    <p class='ocr_par' dir='ltr' id='par_1_6' title="bbox 61 2325 1451 2636">
     <span class='ocr_line' id='line_1_34' title="bbox 62 2325 1448 2374; baseline 0.003 -14"><span class='ocrx_word' id='word_1_318' title='bbox 62 2328 120 2370; x_wconf 87' lang='lat' dir='ltr'><strong>tis,</strong></span> <span class='ocrx_word' id='word_1_319' title='bbox 146 2325 206 2360; x_wconf 88' lang='lat' dir='ltr'><strong>ubi</strong></span> <span class='ocrx_word' id='word_1_320' title='bbox 230 2337 306 2361; x_wconf 84' lang='lat' dir='ltr'><strong>eum</strong></span> <span class='ocrx_word' id='word_1_321' title='bbox 331 2329 490 2364; x_wconf 87' lang='lat' dir='ltr'><strong>occidere</strong></span> <span class='ocrx_word' id='word_1_322' title='bbox 512 2328 712 2374; x_wconf 85' lang='lat' dir='ltr'><strong>cupiebant,</strong></span> <span class='ocrx_word' id='word_1_323' title='bbox 738 2339 811 2363; x_wconf 90' lang='lat' dir='ltr'><strong>cum</strong></span> <span class='ocrx_word' id='word_1_324' title='bbox 836 2329 881 2362; x_wconf 87' lang='lat' dir='ltr'><strong>iis</strong></span> <span class='ocrx_word' id='word_1_325' title='bbox 906 2329 980 2369; x_wconf 81' lang='lat' dir='ltr'><strong>ivit,</strong></span> <span class='ocrx_word' id='word_1_326' title='bbox 1008 2339 1049 2363; x_wconf 92' lang='lat' dir='ltr'><strong>eo</strong></span> <span class='ocrx_word' id='word_1_327' title='bbox 1076 2328 1169 2374; x_wconf 85' lang='lat' dir='ltr'><strong>quod</strong></span> <span class='ocrx_word' id='word_1_328' title='bbox 1193 2329 1333 2362; x_wconf 86' lang='lat' dir='ltr'><strong>multum</strong></span> <span class='ocrx_word' id='word_1_329' title='bbox 1358 2340 1448 2364; x_wconf 85' lang='lat' dir='ltr'><strong>mar-</strong></span> 
     </span>
     <span class='ocr_line' id='line_1_35' title="bbox 62 2392 1449 2441; baseline 0.002 -15"><span class='ocrx_word' id='word_1_330' title='bbox 62 2393 176 2427; x_wconf 84' lang='lat' dir='ltr'><strong>tirium</strong></span> <span class='ocrx_word' id='word_1_331' title='bbox 202 2392 392 2427; x_wconf 84' lang='lat' dir='ltr'><strong>affectaret.</strong></span> <span class='ocrx_word' id='word_1_332' title='bbox 462 2393 533 2429; x_wconf 89' lang='lat' dir='ltr'><strong>Sed</strong></span> <span class='ocrx_word' id='word_1_333' title='bbox 567 2404 646 2430; x_wconf 87' lang='lat' dir='ltr'><strong>ecce</strong></span> <span class='ocrx_word' id='word_1_334' title='bbox 677 2399 776 2429; x_wconf 88' lang='lat' dir='ltr'><strong>tanta</strong></span> <span class='ocrx_word' id='word_1_335' title='bbox 801 2395 921 2439; x_wconf 85' lang='lat' dir='ltr'><strong>pluvia</strong></span> <span class='ocrx_word' id='word_1_336' title='bbox 945 2398 979 2427; x_wconf 88' lang='lat' dir='ltr'><strong>et</strong></span> <span class='ocrx_word' id='word_1_337' title='bbox 1005 2397 1211 2438; x_wconf 85' lang='lat' dir='ltr'><strong>tempestate</strong></span> <span class='ocrx_word' id='word_1_338' title='bbox 1235 2404 1332 2428; x_wconf 87' lang='lat' dir='ltr'><strong>mons</strong></span> <span class='ocrx_word' id='word_1_339' title='bbox 1357 2397 1449 2441; x_wconf 81' lang='lat' dir='ltr'><strong>tegi-</strong></span> 
     </span>
     <span class='ocr_line' id='line_1_36' title="bbox 61 2458 1449 2505; baseline 0.002 -13"><span class='ocrx_word' id='word_1_340' title='bbox 61 2463 130 2501; x_wconf 87' lang='lat' dir='ltr'><strong>tur,</strong></span> <span class='ocrx_word' id='word_1_341' title='bbox 151 2462 190 2492; x_wconf 95' lang='lat' dir='ltr'><strong>ut</strong></span> <span class='ocrx_word' id='word_1_342' title='bbox 211 2468 249 2493; x_wconf 88' lang='lat' dir='ltr'><strong>se</strong></span> <span class='ocrx_word' id='word_1_343' title='bbox 273 2462 390 2492; x_wconf 89' lang='lat' dir='ltr'><strong>mutuo</strong></span> <span class='ocrx_word' id='word_1_344' title='bbox 416 2458 534 2505; x_wconf 74' lang='lat' dir='ltr'><strong>videre</strong></span> <span class='ocrx_word' id='word_1_345' title='bbox 559 2470 628 2494; x_wconf 89' lang='lat' dir='ltr'><strong>non</strong></span> <span class='ocrx_word' id='word_1_346' title='bbox 654 2463 818 2504; x_wconf 77' lang='lat' dir='ltr'><strong>possent,</strong></span> <span class='ocrx_word' id='word_1_347' title='bbox 845 2463 880 2494; x_wconf 88' lang='lat' dir='ltr'><strong>et</strong></span> <span class='ocrx_word' id='word_1_348' title='bbox 901 2460 974 2504; x_wconf 84' lang='lat' dir='ltr'><strong>jam</strong></span> <span class='ocrx_word' id='word_1_349' title='bbox 999 2469 1037 2493; x_wconf 91' lang='lat' dir='ltr'><strong>se</strong></span> <span class='ocrx_word' id='word_1_350' title='bbox 1063 2460 1150 2492; x_wconf 87' lang='lat' dir='ltr'><strong>mori</strong></span> <span class='ocrx_word' id='word_1_351' title='bbox 1175 2462 1338 2503; x_wconf 85' lang='lat' dir='ltr'><strong>putantes</strong></span> <span class='ocrx_word' id='word_1_352' title='bbox 1367 2471 1449 2505; x_wconf 87' lang='lat' dir='ltr'><strong>pro-</strong></span> 
     </span>
     <span class='ocr_line' id='line_1_37' title="bbox 61 2519 1451 2569; baseline 0.001 -10"><span class='ocrx_word' id='word_1_353' title='bbox 61 2519 164 2559; x_wconf 71' lang='lat' dir='ltr'><strong>strati</strong></span> <span class='ocrx_word' id='word_1_354' title='bbox 188 2525 322 2558; x_wconf 84' lang='lat' dir='ltr'><strong>veniam</strong></span> <span class='ocrx_word' id='word_1_355' title='bbox 349 2524 575 2569; x_wconf 82' lang='lat' dir='ltr'><strong>postulabant</strong></span> <span class='ocrx_word' id='word_1_356' title='bbox 599 2529 635 2559; x_wconf 85' lang='lat' dir='ltr'><strong>et</strong></span> <span class='ocrx_word' id='word_1_357' title='bbox 660 2529 696 2558; x_wconf 80' lang='lat' dir='ltr'><strong>ut</strong></span> <span class='ocrx_word' id='word_1_358' title='bbox 723 2535 785 2559; x_wconf 87' lang='lat' dir='ltr'><strong>eos</strong></span> <span class='ocrx_word' id='word_1_359' title='bbox 811 2526 908 2558; x_wconf 83' lang='lat' dir='ltr'><strong>vivos</strong></span> <span class='ocrx_word' id='word_1_360' title='bbox 934 2523 1032 2558; x_wconf 80' lang='lat' dir='ltr'><strong>abire</strong></span> <span class='ocrx_word' id='word_1_361' title='bbox 1058 2524 1295 2568; x_wconf 85' lang='lat' dir='ltr'><strong>permitteret,</strong></span> <span class='ocrx_word' id='word_1_362' title='bbox 1323 2535 1451 2560; x_wconf 83' lang='lat' dir='ltr'><strong>exora-</strong></span> 
     </span>
     <span class='ocr_line' id='line_1_38' title="bbox 62 2589 1446 2636; baseline 0.001 -11"><span class='ocrx_word' id='word_1_363' title='bbox 62 2589 156 2625; x_wconf 75' lang='lat' dir='ltr'><strong>bant.</strong></span> <span class='ocrx_word' id='word_1_364' title='bbox 216 2589 281 2630; x_wconf 83' lang='lat' dir='ltr'><strong>Qui</strong></span> <span class='ocrx_word' id='word_1_365' title='bbox 313 2591 504 2625; x_wconf 83' lang='lat' dir='ltr'><strong>orationem</strong></span> <span class='ocrx_word' id='word_1_366' title='bbox 538 2589 660 2624; x_wconf 79' lang='lat' dir='ltr'><strong>effudit</strong></span> <span class='ocrx_word' id='word_1_367' title='bbox 691 2594 726 2626; x_wconf 89' lang='lat' dir='ltr'><strong>et</strong></span> <span class='ocrx_word' id='word_1_368' title='bbox 761 2591 984 2625; x_wconf 82' lang='lat' dir='ltr'><strong>serenitatem</strong></span> <span class='ocrx_word' id='word_1_369' title='bbox 1020 2590 1199 2624; x_wconf 80' lang='lat' dir='ltr'><strong>maximam</strong></span> <span class='ocrx_word' id='word_1_370' title='bbox 1239 2591 1446 2636; x_wconf 80' lang='lat' dir='ltr'><strong>impetravit.</strong></span> 
     </span>
    </p>
   </div>
   <div class='ocr_carea' id='block_1_7' title="bbox 130 2732 1181 2770">
    <p class='ocr_par' dir='ltr' id='par_1_7' title="bbox 130 2732 1181 2770">
     <span class='ocr_line' id='line_1_39' title="bbox 130 2732 1181 2770; baseline -0.001 -9"><span class='ocrx_word' id='word_1_371' title='bbox 130 2736 158 2767; x_wconf 83' lang='lat'><strong>1)</strong></span> <span class='ocrx_word' id='word_1_372' title='bbox 178 2737 297 2764; x_wconf 69' lang='lat' dir='ltr'><strong>necent.</strong></span> <span class='ocrx_word' id='word_1_373' title='bbox 317 2734 418 2767; x_wconf 71' lang='lat' dir='ltr'><strong>legunt</strong></span> <span class='ocrx_word' id='word_1_374' title='bbox 437 2732 558 2770; x_wconf 76' lang='lat' dir='ltr'><strong>ipsum</strong></span> <span class='ocrx_word' id='word_1_375' title='bbox 581 2734 616 2761; x_wconf 81' lang='lat' dir='ltr'><strong>in</strong></span> <span class='ocrx_word' id='word_1_376' title='bbox 636 2735 928 2769; x_wconf 65' lang='lat' dir='ltr'><strong>Trnjoctensem</strong></span> <span class='ocrx_word' id='word_1_377' title='bbox 947 2733 1181 2769; x_wconf 73' lang='lat' dir='ltr'><strong>episcopum.</strong></span> 
     </span>
    </p>
   </div>
  </div>
 </body>
</html>
