1742 3005
405 108 501 158 Cap.
533 107 666 144 CLXl.
726 106 785 144 De
815 112 946 143 sancto
976 105 1196 142 Eustachio.
1416 105 1499 147 715

113 215 246 248 leonem
262 223 404 258 puerum
425 216 536 250 vivum
558 218 766 260 portantem,
788 224 864 249 eum
888 223 962 248 cum
987 213 1132 248 canibus
1150 214 1300 248 insecuti
1316 218 1407 250 sunt.
1433 215 1502 252 Per

112 279 264 314 divinam
282 284 395 315 autem
416 281 712 326 dispensationem
731 280 786 315 leo
808 289 950 324 puerum
969 279 1128 313 illaesum
1146 280 1317 324 abjiciens
1337 283 1500 319 recessit.

112 344 257 384 Quidam
297 347 440 391 insuper
474 350 633 381 aratores
674 350 756 391 post
787 345 903 389 lupum
944 345 1173 379 inclamantes
1214 345 1319 380 alium
1358 357 1500 391 puerum

112 409 156 445 de
183 412 258 456 ejus
286 411 445 446 saucibus
469 412 674 447 incolumem
700 412 906 452 liberarunt,
932 411 1070 454 utrique
1097 420 1192 451 vero,
1219 410 1356 446 scilicet
1382 416 1502 456 pasto-

114 486 169 510 res
197 480 231 511 et
253 481 425 520 aratores,
452 477 494 512 de
521 488 588 511 uno
615 479 691 511 vico
720 476 857 509 suerunt
882 478 916 509 ct
940 484 1047 518 penes
1073 483 1110 508 se
1137 484 1266 518 pueros
1295 478 1504 512 nutrierunt.

114 541 186 576 Hoc
228 553 311 577 vero
353 542 566 577 Eustacliius
606 540 805 581 nesciebat,
855 539 919 574 sed
964 549 1124 574 moerens
1170 549 1209 573 ac
1251 540 1394 585 plorans
1430 543 1504 577 ibat

115 607 255 642 dicens:
282 607 350 641 heu
374 607 477 648 milii,
513 608 594 652 quia
620 610 721 647 ante,
747 610 785 640 ut
810 604 939 648 arbor,
974 605 1172 650 pollebam,
1211 605 1273 641 sed
1307 607 1410 641 modo
1442 618 1503 652 pe-

114 674 206 707 nitus
232 682 305 707 sum
335 672 504 707 nudatus!
553 672 627 707 Heu
652 682 704 706 me
720 700 728 715 ,
755 672 814 717 qui
835 681 855 705 a
881 671 1100 706 multitudine
1126 672 1268 706 militum
1293 672 1504 707 circumdari

112 737 289 781 solebam,
315 738 380 773 sed
402 748 491 773 nunc
517 738 614 773 solus
641 748 824 773 remanens
849 748 912 772 nec
938 736 1029 772 lilios
1055 747 1127 772 sum
1148 748 1336 773 concessus
1352 738 1504 774 hahere!

111 803 276 846 Memini,
310 803 468 847 domine,
500 809 535 839 te
572 803 655 838 mibi
691 803 847 846 dixisse,
885 805 968 849 quia
1003 807 1144 848 oportet
1175 808 1210 838 te
1248 806 1377 838 tentari
1415 806 1505 839 sicut

112 869 201 912 Job‚
242 870 305 904 sed
331 880 412 906 ecce
436 870 514 915 plus
539 869 673 915 aliquid
701 869 734 903 iu
756 879 807 903 me
833 868 907 903 lieri
937 869 1060 911 video,
1089 869 1147 903 ille
1173 871 1261 903 enim
1280 897 1287 911 ,
1326 872 1392 904 etsi
1422 881 1506 914 pos-

113 935 333 970 sessionibus
359 936 509 970 nudatus
535 935 651 976 fuerit,
676 938 791 968 tamen
817 938 952 968 stercus
980 933 1113 976 babuit,
1140 944 1246 979 super
1264 934 1355 980 quod
1381 935 1506 971 sedere

114 1002 246 1045 potuit,
284 1001 367 1035 mibi
401 1005 515 1036 autem
550 1001 598 1034 nil
630 999 751 1034 horum
789 1001 973 1039 remansit3
1008 1000 1066 1034 ille
1106 1002 1235 1034 amicos
1264 1001 1333 1035 sibi
1365 1012 1506 1047 compa-

114 1068 240 1101 tientes
274 1065 418 1109 habuit,
461 1077 528 1112 ego
562 1067 710 1101 innnites
754 1066 848 1100 seras
882 1065 1007 1108 habui,
1054 1076 1143 1112 quae
1179 1077 1275 1101 meos
1314 1066 1406 1101 tilios
1444 1078 1503 1102 ra-

114 1135 281 1177 puerunt3
327 1132 378 1166 illi
408 1143 497 1166 uxor
530 1136 584 1167 est
615 1132 759 1174 relicta,
807 1141 828 1165 a
860 1142 913 1165 ine
949 1142 1031 1166 vero
1074 1131 1212 1174 ablata3
1257 1132 1302 1166 da
1337 1134 1505 1178 requiem,

113 1197 270 1241 domine,
303 1198 590 1233 tribulationibus
626 1199 711 1233 meis
747 1202 781 1232 et
817 1208 908 1242 pone
934 1197 1128 1232 custodiam
1156 1199 1208 1231 ori
1233 1208 1331 1241 meo,
1368 1209 1411 1232 ne
1444 1198 1506 1234 de-

112 1263 218 1298 clinet
243 1273 304 1298 cor
332 1274 441 1300 meum
470 1266 505 1299 in
531 1264 638 1299 verba
663 1264 816 1298 malitiae
842 1267 876 1298 et
902 1264 1025 1309 ejiciar
1061 1273 1082 1298 a
1114 1263 1203 1298 facie
1228 1268 1302 1300 tua.
1350 1262 1392 1298 Et
1416 1263 1506 1299 haec

113 1329 234 1365 dicens
260 1340 334 1364 cum
361 1330 523 1376 lacrymis
548 1330 593 1364 ad
619 1329 789 1375 quendam
818 1331 926 1363 vicum
953 1329 1041 1363 abiit
1074 1333 1108 1364 et
1141 1329 1223 1364 data
1251 1329 1320 1364 sibi
1346 1330 1506 1366 mercede

113 1405 222 1441 agros
247 1396 384 1430 illorum
410 1396 583 1430 hominum
610 1406 672 1440 per
696 1405 807 1429 annos
840 1394 905 1430 XV
937 1395 1147 1439 custodivit,
1181 1395 1244 1429 lilii
1278 1400 1392 1430 autem
1429 1400 1505 1441 ejus

113 1463 149 1495 in
183 1462 295 1496 altero
329 1463 405 1496 vico
433 1461 569 1496 educati
600 1464 680 1495 sunt
705 1471 767 1496 nec
794 1471 833 1496 se
858 1471 938 1496 esse
964 1461 1092 1496 fratres
1119 1461 1289 1498 sciebant.
1337 1462 1506 1497 Dominus

113 1530 229 1562 autem
253 1537 396 1562 uxorem
421 1525 602 1561 Eustachii
627 1528 850 1562 conservavit
874 1537 937 1562 nec
963 1527 1055 1560 illam
1075 1527 1134 1562 ille
1152 1528 1354 1573 alienigena
1371 1539 1505 1574 cogno-

114 1593 183 1635 vit,
223 1592 287 1628 sed
323 1594 441 1638 potius
476 1603 551 1628 eam
583 1594 747 1628 intactam
782 1592 958 1627 dimittens
997 1594 1100 1627 vitam
1133 1591 1254 1628 linivit.
1312 1593 1506 1639 Imperator

115 1661 229 1693 autem
264 1663 298 1694 et
328 1659 480 1704 populus
510 1658 684 1694 Romanus
716 1658 897 1703 plurimum
934 1658 978 1692 ab
1005 1658 1167 1693 hostibus
1193 1660 1447 1695 molestabatur
1473 1664 1508 1696 et

115 1724 322 1758 recordatus
352 1724 504 1768 Placidi,
542 1725 600 1770 qui
632 1729 773 1759 strenue
807 1729 929 1759 contra
963 1726 1061 1770 ipsos
1086 1725 1208 1760 hostes
1234 1728 1376 1771 saepius
1404 1727 1506 1761 dimi-

117 1792 254 1833 casset,
289 1790 332 1825 de
364 1791 441 1836 ejus
476 1791 593 1826 subita
628 1792 820 1825 mutatione
855 1791 1038 1836 plurimum
1066 1793 1275 1826 tristabatur
1308 1792 1507 1838 direxitque

116 1855 242 1890 multos
267 1856 395 1891 milites
420 1867 484 1902 per
508 1856 670 1892 diversas
695 1856 810 1890 mundi
836 1861 975 1901 parteS,
1001 1859 1206 1902 promittens
1233 1858 1412 1901 omnibus,
1448 1861 1508 1904 qui

115 1932 192 1956 eum
219 1923 446 1965 invenissent,
475 1923 599 1958 multas
626 1923 767 1958 divitias
794 1928 828 1958 et
855 1923 1020 1958 honores.
1069 1923 1145 1958 Duo
1172 1928 1285 1958 autem
1316 1935 1359 1959 ex
1387 1924 1508 1959 militi-

115 1986 204 2029 bus,
240 1989 301 2032 qni
331 1988 521 2033 aliquando
551 1989 696 2024 Placido
730 1991 1035 2032 ministraverant,
1073 1989 1117 2024 ad
1151 1991 1264 2034 ipsum
1303 1993 1434 2033 vic-nm,
1472 1993 1507 2025 in

117 2062 185 2097 quo
218 2051 392 2097 degebat,
433 2058 612 2088 venerunt.
662 2054 757 2093 Quos
790 2054 956 2089 Placidus
989 2055 1031 2089 de
1067 2065 1156 2100 agro
1190 2057 1309 2090 venire
1341 2056 1506 2090 conside-

118 2127 212 2159 rans,
248 2127 310 2152 eos
336 2128 379 2152 ex
411 2119 551 2153 incessu
579 2120 737 2164 protinus
771 2122 977 2165 recognovit
1009 2123 1043 2154 et
1075 2121 1219 2154 veniens
1249 2121 1282 2152 in
1307 2122 1506 2155 memoriam

117 2183 301 2229 dignitatis
335 2193 420 2218 suae
454 2178 654 2228 perturbari
686 2186 804 2230 coepit
836 2194 878 2219 ac
913 2185 1049 2220 dicere:
1080 2185 1238 2228 domine,
1278 2187 1367 2220 sicut
1403 2187 1505 2229 istos,

117 2250 177 2294 qui
205 2248 395 2294 aliquando
421 2260 552 2284 mecum
580 2250 737 2293 fuerunt,
773 2255 914 2296 practer
939 2261 1035 2296 spem
1061 2251 1155 2294 vidi,
1188 2253 1241 2285 sic
1273 2250 1339 2293 da,
1376 2255 1413 2285 ut
1438 2252 1506 2286 ali-1

118 2314 259 2360 quando
290 2316 476 2361 conjugem
507 2326 617 2351 meam
650 2316 769 2351 videre
801 2318 954 2362 possim3
992 2328 1070 2352 nam
1103 2317 1145 2352 de
1171 2317 1251 2351 liliis
1279 2318 1374 2359 scio,
1413 2318 1506 2361 quod

118 2390 141 2414 a
175 2380 260 2415 seris
294 2381 441 2415 comesti
472 2386 562 2417 sunt.
610 2383 714 2418 Venit
746 2387 859 2418 autem
895 2383 940 2417 ad
976 2394 1051 2418 eum
1087 2394 1154 2418 vox
1188 2383 1325 2417 dicens:
1358 2382 1505 2422 coniide,

120 2445 306 2489 Eustacbi,
345 2447 429 2491 quia
464 2447 533 2480 cito
564 2446 731 2484 honorem
755 2453 849 2484 tuum
876 2449 1103 2494 recuperabis
1129 2452 1163 2483 et
1190 2448 1281 2482 lilios
1307 2452 1341 2482 et
1364 2459 1504 2483 uxorem

119 2513 282 2557 recipies.
331 2512 414 2547 Cum
440 2512 548 2559 igitur
571 2514 738 2549 militibus
763 2515 961 2557 obviasset,
997 2516 1066 2559 ipsi
1099 2525 1174 2549 eum
1204 2515 1342 2549 minime
1372 2524 1506 2560 cogno-

118 2582 261 2622 verunt,
288 2589 432 2624 cumque
461 2589 536 2614 eum
561 2579 794 2623 salutassent,
828 2581 1073 2625 quaesierunt,
1107 2581 1137 2614 si
1168 2580 1320 2625 aliquem
1346 2582 1505 2626 peregri-

122 2654 199 2678 num
225 2646 362 2680 nomine
386 2644 562 2680 Placidum
589 2656 664 2680 cnm
690 2656 800 2681 uxore
827 2649 861 2680 ct
886 2644 1023 2680 duobus
1050 2645 1130 2680 tiliis
1155 2649 1395 2692 cognosceret.
1444 2645 1506 2680 llic

83 2743 95 2752 Χ
122 2713 235 2746 autem
260 2722 299 2747 se
325 2713 459 2748 nescire
484 2712 668 2758 protessus
694 2718 758 2747 est.
808 2712 861 2747 Ad
887 2721 1010 2758 preces
1039 2715 1153 2748 tamen
1181 2712 1256 2758 ejus
1291 2713 1326 2746 in
1352 2711 1506 2756 hospitio
