1742 3005
255 87 308 126 30
543 90 639 141 Cap.
673 89 746 126 tv:
796 89 853 126 De
884 89 1025 127 Sancta
1055 90 1173 128 Lucia
1204 90 1360 141 virgine.

257 195 331 228 slne
358 193 477 238 aliquo
503 192 675 227 immundo
702 203 839 235 amore,
890 197 1020 228 rectum
1051 196 1222 230 lncessum
1249 198 1454 231 intensionis
1481 197 1515 230 in
1544 196 1647 232 Deum

256 261 330 294 sine
356 259 476 304 aliqua
503 258 724 302 obliquitate,
749 258 990 304 longISSimam
1018 260 1142 295 lineam
1167 261 1306 296 divinae
1331 263 1548 306 operationis
1574 264 1648 296 sine

256 325 495 370 negligentiae
519 323 698 357 tarditate.
746 321 811 357 vel
838 323 950 358 Lucia
976 324 1103 359 dicitur
1127 326 1229 371 quasi
1253 326 1340 361 lucis
1366 328 1436 361 via.

347 394 383 426 1.
410 390 520 423 Luc-ia
547 390 646 434 virgo
674 388 897 433 Syracusana
913 389 1042 424 nobilis
1054 401 1184 436 genere
1198 392 1344 426 audiens
1366 392 1489 427 samam
1506 397 1648 428 sanctae

258 456 419 501 Agathae
445 466 507 500 per
531 460 638 489 totam
665 455 818 489 Siciliam
854 455 1051 500 divulgari,
1097 456 1317 501 sepulchrum
1351 459 1427 502 ejus
1462 458 1549 492 adiit
1573 469 1645 493 eum

258 527 365 556 matre
392 531 455 555 sua
482 520 642 555 Euthicia
667 522 767 554 annis
796 525 946 566 quatuor
969 521 1096 556 fluxum
1122 523 1304 568 sanguinis
1326 523 1565 559 incurabiliter
1584 534 1647 569 pa-

256 590 375 622 tiente.
426 586 518 621 Inter
543 589 621 632 ipsa
646 589 752 632 igitur
777 589 958 621 missarum
984 587 1151 622 solemnia
1178 590 1344 634 contigit,
1370 593 1406 623 ut
1431 589 1515 623 illud
1541 600 1647 624 evan-

257 655 385 700 gelium
413 654 601 699 legeretur,
633 655 666 686 in
693 663 761 698 que
789 652 947 687 dominus
973 654 1149 688 mulierem
1175 653 1219 687 ab
1241 653 1306 688 hac
1322 657 1488 699 passione
1501 665 1646 689 sanasse

257 725 430 754 narratur.
503 718 600 752 Tunc
630 718 741 752 Luc1a
774 720 874 752 matri
908 719 1015 754 dixit:
1063 721 1093 753 si
1127 720 1240 755 eredis
1270 720 1323 754 his
1358 730 1446 766 quar
1471 721 1646 765 leguntur,

257 786 360 821 crede
386 784 561 831 Agatham
587 784 680 817 illum
707 794 845 829 semper
870 783 1000 818 hahere
1026 779 1266 829 praesentem,
1294 797 1356 831 pro
1385 788 1484 832 cujus
1509 788 1646 820 nomine

259 852 421 886 sustinuit
455 852 674 895 passionem:
727 851 757 883 si
792 860 878 896 ergo
914 851 990 895 ejus
1025 850 1244 895 sepulchrum
1272 852 1417 886 credens
1442 853 1646 896 contigeris,

259 917 418 963 perfecta
451 917 613 950 continuo
645 917 798 950 sanitate
833 914 1018 961 gaudebis.
1090 915 1202 963 Igitur
1235 916 1480 952 recedentibus
1516 918 1647 950 cunctis

257 988 292 1018 ct
317 987 426 1017 matre
452 986 486 1017 et
508 982 580 1016 lilia
600 984 704 1027 juxta
734 981 953 1027 sepulchrum
987 983 1021 1015 in
1047 984 1206 1017 oratione
1230 982 1478 1017 exsistentibus
1505 982 1646 1016 Luciam

259 1060 398 1084 somnus
425 1050 572 1093 arripuit
597 1047 752 1093 viditque
786 1046 961 1093 Agatham
988 1049 1022 1082 in
1047 1049 1160 1083 medio
1187 1049 1392 1095 angelorum
1417 1050 1561 1094 gemmis
1589 1059 1647 1081 or-

259 1120 373 1150 natam
393 1118 540 1148 stantem
560 1118 593 1149 et
617 1113 786 1148 dicentem
813 1112 899 1147 sibi:
925 1124 1027 1147 soror
1050 1124 1126 1149 mea
1148 1115 1270 1157 Lucia,
1300 1116 1400 1161 virgo
1415 1114 1488 1149 Deo
1507 1114 1646 1150 devota.

260 1181 342 1228 quid
368 1190 389 1215 a
411 1190 462 1214 me
488 1181 599 1224 petis,
634 1179 726 1225 quod
751 1181 830 1225 ipsa
854 1181 987 1225 poteris
1013 1184 1195 1225 praestare
1222 1182 1385 1215 continuo
1412 1181 1512 1214 matri
1537 1180 1648 1213 tuae?

258 1250 345 1284 Nam
372 1257 451 1283 ecce
478 1256 542 1291 per
565 1246 665 1281 tidem
689 1250 783 1279 tuam
809 1250 935 1280 sanata
960 1250 1024 1281 est.
1072 1245 1255 1293 Evigssans
1280 1251 1395 1281 autem
1413 1246 1524 1281 Lucia
1545 1246 1646 1278 matri

258 1325 343 1350 suae
369 1313 473 1347 dixit:
494 1316 604 1346 mater
631 1321 719 1353 mea,
745 1320 824 1345 ecce
850 1315 978 1345 sanata
1002 1321 1060 1346 es:
1086 1322 1150 1356 per
1170 1313 1281 1357 ipsam
1306 1322 1391 1359 ergo
1416 1315 1449 1346 te
1464 1310 1645 1355 deprecor,

260 1392 349 1429 quae
374 1382 447 1415 suis
472 1376 691 1413 orationibus
719 1380 752 1411 te
779 1377 930 1419 sanavit,
956 1387 999 1411 ne
1027 1376 1109 1411 mihi
1131 1377 1173 1412 de
1192 1382 1332 1412 caetero
1359 1379 1514 1412 nomines
1540 1387 1645 1421 spon-

260 1459 355 1491 sum,
383 1445 446 1482 sed
471 1442 639 1490 quidquid
663 1441 746 1477 mihi
771 1442 897 1477 datura
920 1452 999 1478 eras
1028 1453 1092 1488 pro
1121 1443 1215 1485 dote,
1242 1442 1456 1488 pauperibus
1480 1442 1645 1488 elargire.

261 1516 325 1549 Cui
362 1516 472 1547 mater
505 1511 573 1544 ait:
614 1513 696 1555 tege
731 1510 827 1553 prius
861 1508 980 1542 oculos
1007 1519 1102 1543 meos
1129 1513 1163 1543 et
1189 1508 1357 1554 quidquid
1383 1509 1556 1551 volueris,
1604 1507 1646 1541 de

263 1576 488 1614 facultatibus
515 1575 631 1609 facito.
681 1573 736 1609 Ad
765 1584 866 1620 quam
891 1574 1021 1609 Lucia:
1047 1573 1140 1619 quod
1166 1575 1316 1608 moriens
1342 1574 1426 1616 das,
1463 1574 1543 1609 ideo
1568 1573 1644 1615 das,

263 1646 345 1691 quia
362 1643 452 1678 serre
467 1645 576 1675 tecum
595 1651 662 1673 non
688 1644 808 1685 potes:
838 1640 883 1673 da
909 1639 1004 1680 mihi,
1032 1639 1109 1673 dum
1135 1640 1238 1679 vivis,
1265 1643 1298 1673 et
1320 1639 1510 1674 mercedem
1537 1638 1645 1673 habe-

262 1711 327 1745 bis.
378 1708 461 1743 Cum
485 1717 570 1752 ergo
597 1706 795 1748 rediissent,
819 1706 855 1739 tit
881 1705 1035 1750 quotidie
1061 1705 1242 1739 distractio
1266 1716 1378 1739 rerum
1405 1709 1439 1740 et
1463 1705 1590 1739 dantur
1612 1705 1646 1738 in

263 1773 530 1811 necessitatibus
562 1782 763 1817 pauperum.
811 1771 948 1806 Interea
973 1771 1051 1806 dum
1078 1772 1320 1816 patrimonium
1347 1770 1577 1813 distribuitur,
1602 1770 1646 1804 ad

262 1851 427 1887 sponsum
451 1840 575 1873 notitia
603 1839 781 1883 pervenit:
831 1838 978 1881 requirit
1000 1846 1149 1881 sponsus
1175 1846 1196 1870 a
1220 1838 1352 1870 nutrice
1378 1835 1420 1869 de
1446 1835 1511 1879 his.
1578 1834 1645 1870 Re-

260 1907 403 1953 spondit
429 1905 489 1939 illa
513 1908 636 1945 caute,
689 1903 782 1949 quod
817 1903 991 1937 utiliorem
1015 1904 1275 1947 possessionem
1300 1911 1432 1947 sponsa
1459 1911 1523 1935 sua
1548 1902 1645 1935 inve-

262 1975 385 2014 nisset,
414 1981 516 2016 quam
542 1980 605 2004 suo
634 1969 775 2004 volebat
797 1960 935 2002 n'omine
960 1978 1180 2013 comparare,
1209 1972 1243 2004 et
1268 1968 1346 2003 ideo
1372 1966 1557 2001 videbatur
1579 1966 1645 2000 ali-

262 2042 393 2084 quanta
420 2035 628 2071 distrahere.
701 2034 857 2070 Credidit
882 2034 1007 2068 stultus
1039 2035 1180 2070 carnale
1212 2034 1450 2069 commercium
1474 2036 1508 2067 et
1531 2033 1648 2077 eoepit

261 2108 383 2137 auctor
417 2112 495 2137 esse
530 2101 759 2136 vendentium.
833 2099 992 2135 Venditis
1028 2104 1141 2135 autem
1177 2099 1334 2134 omnibus
1368 2103 1402 2134 et
1433 2097 1646 2144 pauperibus

262 2169 418 2214 erogatis
446 2178 594 2212 sponsus
621 2166 729 2201 trahit
755 2175 971 2201 eamroram
996 2164 1187 2199 Paschasio
1213 2164 1400 2206 consulari,
1427 2164 1545 2199 dicens
1571 2173 1645 2199 eam

261 2233 485 2268 christianam
512 2243 589 2267 esse
615 2236 648 2267 et
672 2236 794 2266 contra
818 2231 917 2276 leges
940 2240 1048 2276 agere
1072 2231 1321 2275 Augustorum.
1381 2228 1552 2264 Invitante
1578 2230 1645 2275 igi-

261 2303 317 2334 tur
341 2298 531 2333 Paschasio
557 2297 602 2331 ad
629 2297 800 2331 sacrificia
823 2296 1003 2340 ydolorum
1037 2295 1234 2340 respondit:
1276 2295 1480 2330 sacrificium
1504 2295 1647 2340 placens

263 2364 335 2399 lleo
361 2367 435 2404 est,
488 2364 633 2397 visitare
668 2372 841 2407 pauperes
875 2366 908 2395 et
933 2363 983 2396 eis
1008 2362 1040 2394 in
1068 2361 1337 2395 necessitatibus
1363 2360 1565 2396 subvenire:
1615 2364 1647 2394 et

265 2432 344 2475 quia
371 2428 518 2474 amplius
545 2440 612 2462 non
638 2427 774 2467 habeo,
811 2427 892 2472 quid
921 2428 1086 2467 olli-ram,
1122 2437 1173 2461 me
1196 2428 1305 2471 ipsam
1328 2426 1396 2460 sibi
1422 2425 1535 2460 tribuo
1562 2424 1646 2458 otl'e-

265 2495 417 2529 rendam.
446 2494 507 2528 Cui
531 2493 761 2528 Paschasius:
786 2494 854 2526 ista
869 2492 1048 2527 verbatibi
1065 2493 1168 2526 simili
1196 2492 1302 2526 stulto
1322 2493 1355 2538 )
1382 2500 1525 2525 narrare
1549 2493 1648 2534 pote

266 2561 326 2597 ris,
353 2559 434 2592 mihi
457 2563 584 2599 autem,
613 2560 670 2604 qui
699 2559 889 2603 principum
915 2558 1057 2593 decreta
1083 2558 1255 2599 custodio,
1284 2559 1353 2591 ista
1377 2557 1507 2591 frustra
1531 2564 1649 2598 perse

335 2705 360 2736 1)
381 2703 545 2731 nocentior,
567 2703 679 2729 :ulduni
700 2703 738 2728 ln
751 2703 862 2729 ristin
874 2713 890 2729 n
903 2714 927 2729 .
