1742 3005
372 110 471 164 Cap.
503 112 708 152 CLXVIII.
780 113 838 152 De
870 120 1001 152 sancta
1029 111 1243 152 Elizabeth.
1422 113 1502 152 767

113 217 301 254 bibendum
339 227 447 264 super
483 219 629 255 eandem
664 218 813 254 tumbam
847 218 960 254 eidem
993 218 1228 261 obtulissent,
1261 230 1339 255 mox
1365 221 1501 256 eunctis

112 285 332 331 stupentibus
364 290 398 321 et
429 285 635 320 mirantibus
673 295 760 320 sana
785 287 949 320 surrexit.
976 306 1021 312 -—-
1045 306 1089 312 —-
1113 305 1158 311 —-
1205 289 1256 323 4.
1281 286 1345 322 Vir
1361 288 1500 333 quidam

111 350 156 386 de
182 351 346 397 ‹tyoecesi
374 350 617 397 Trajectensi,
651 350 840 386 Gedericus
875 352 1033 393 nomine,
1073 362 1147 385 cum
1176 361 1252 386 una—
1277 362 1379 387 manu
1416 364 1500 387 con-

109 421 242 451 tractus
270 418 346 462 ejus
372 428 469 452 usum
500 418 637 462 penitus
664 418 839 451 amisisset
856 420 890 451 et
915 416 1135 460 sepulchrum
1163 418 1290 452 beatae
1316 418 1500 454 Elizabetli

111 482 167 516 bis
189 483 336 518 visitans
355 486 565 518 curationem
588 484 723 516 minime
744 483 955 525 recepisset,
986 482 1090 514 tertio
1110 481 1192 515 illuc
1212 493 1286 516 cum
1308 495 1417 519 uxore
1435 495 1500 519 sua

111 558 186 582 cum
213 549 319 583 multa
343 549 531 584 devotione
558 549 717 582 accessit.
767 548 842 586 Quo
871 547 949 580 (lum
974 546 1149 587 tenderet,
1185 557 1302 583 senem
1328 550 1499 594 quendam

110 614 296 649 reverendi
321 618 486 658 aspectus
512 612 634 646 habuit
659 612 811 654 obvium,
838 614 896 658 qui
917 612 959 646 ab
982 622 1022 646 eo
1044 613 1218 648 salutatus
1246 618 1291 655 et,
1318 615 1411 650 unde
1437 627 1499 651 ve-

110 681 239 721 nisset,
265 680 454 725 requisitus
481 678 590 721 dixit,
616 689 655 712 se
683 678 725 713 de
754 678 944 724 Marpurg,
972 678 1032 712 ubi
1057 689 1183 723 corpus
1209 685 1354 715 sanctae
1379 680 1498 716 Eliza-

105 744 192 779 beth
223 746 437 790 requiescit,
469 746 610 785 venire,
644 745 704 778 ubi
739 744 831 779 Deus
859 744 965 778 multa
994 745 1160 778 miracula
1186 751 1365 789 operatur.
1413 748 1496 782 Cum

106 813 222 845 autem
248 812 301 845 vir
325 821 421 846 suam
447 809 679 845 infirmitatem
707 811 934 855 exposuisset
967 810 1097 851 eidem,
1131 810 1189 845 ille
1224 822 1326 846 manu
1358 813 1497 847 elevata

107 876 288 912 benedixit
303 887 376 911 eum
393 876 529 911 dicens:
546 886 689 911 securus
702 887 823 921 perge,
844 877 924 920 quia
934 877 1119 909 sanitatem
1131 878 1292 920 recipies,
1311 878 1495 912 dummodo

106 951 242 976 manum
267 942 434 977 infirmam
459 942 504 976 ad
531 946 635 986 caput
659 941 836 986 sepulchri
861 943 895 974 in
921 942 1068 986 quadam
1097 942 1201 976 fovea
1228 942 1279 976 ibi
1310 943 1404 978 sacta
1431 945 1495 979 sub

105 1007 227 1052 lapide
244 1010 399 1050 miseris3
419 1017 518 1053 quam
536 1011 664 1052 quanto
682 1007 889 1052 profundius
906 1009 1055 1050 miseris,
1077 1012 1173 1042 tanto
1190 1009 1291 1043 citius
1309 1012 1495 1046 sanitatem

105 1073 293 1109 obtinebis.
343 1073 441 1108 Tunc
465 1078 579 1108 autem
605 1078 759 1107 sanctum
787 1072 966 1107 Nicolaum
988 1075 1022 1107 in
1046 1075 1211 1108 memoria
1228 1074 1372 1117 habeas,
1401 1077 1495 1121 quod

105 1143 250 1174 sanetae
274 1138 460 1174 Elizabeth
485 1143 659 1185 tamquam
685 1149 801 1173 comes
831 1143 865 1173 et
889 1140 1007 1173 socius
1035 1141 1068 1173 in
1097 1141 1170 1173 suis
1197 1141 1373 1175 miraculis
1399 1152 1494 1176 com-

103 1208 251 1249 paratur
275 1205 400 1242 eidem.
447 1205 590 1250 Adjecit
614 1207 717 1240 etiam
745 1204 871 1238 stultos
906 1215 1008 1246 esse,
1043 1206 1101 1250 qui
1137 1206 1306 1250 projectis
1340 1207 1494 1242 oblatio-

102 1269 206 1305 nibus
229 1272 346 1305 statim
373 1270 576 1312 discedunt,
605 1282 679 1305 cum
705 1272 836 1305 sanctis
862 1270 1019 1315 placeat,
1056 1274 1093 1304 ut
1124 1281 1197 1304 cum
1231 1274 1496 1315 perseverantia

102 1346 222 1372 eorum
256 1337 430 1383 suffragia
459 1337 689 1382 postulentur.
738 1336 893 1382 Moxque
927 1346 1034 1370 senex
1067 1336 1110 1370 ab
1145 1338 1187 1370 iis
1224 1336 1397 1381 disparuit
1432 1349 1494 1374 nec

99 1402 197 1437 ultra
246 1404 359 1447 ipsum
408 1403 529 1438 videre
568 1406 775 1447 potuerunt,
829 1412 937 1446 super
981 1412 1048 1447 quo
1101 1402 1284 1446 plurimum
1331 1404 1495 1439 admirati

103 1468 319 1514 pergebant,
369 1467 508 1513 plenam
555 1469 718 1502 sanitatis
767 1467 1029 1513 recuperandae
1075 1467 1236 1502 fiduciam
1279 1468 1491 1504 obtinentes,

101 1533 165 1569 Vir
195 1535 304 1580 igitur
331 1534 435 1578 juxta
468 1535 563 1568 senis
598 1534 771 1578 praedicti
802 1534 984 1568 consilium
1016 1544 1151 1568 manum
1178 1535 1241 1568 sub
1273 1535 1392 1579 lapide
1420 1547 1494 1570 mo-

100 1601 254 1635 numenti
280 1601 400 1644 posuit
426 1604 460 1635 et
483 1601 594 1644 ipsam
620 1601 782 1633 continuo
809 1600 958 1634 retraxit
978 1601 1116 1634 omnino
1137 1605 1306 1635 sanatam.
1324 1621 1368 1626 —
1386 1621 1427 1627 —
1448 1622 1492 1627 -

98 1666 148 1703 5.
186 1665 332 1705 Quidam
367 1665 409 1700 de
444 1665 611 1710 dyoecesi
638 1665 853 1705 Coloniensi,
888 1664 1103 1700 Hermannus
1139 1667 1296 1708 nomine,
1343 1666 1422 1701 (lum
1458 1669 1493 1702 in

101 1741 242 1766 earcere
269 1741 291 1765 a
309 1730 430 1776 Judice
454 1735 643 1773 teneretur,
670 1730 715 1764 ad
740 1730 846 1765 Deum
874 1741 912 1765 se
938 1731 1096 1766 totaliter
1121 1733 1266 1766 contulit
1293 1736 1326 1767 et
1351 1732 1491 1768 beatam

100 1796 287 1832 Elizabeth
327 1800 361 1831 et
403 1798 607 1842 magistrum
643 1796 841 1831 Conradum
875 1798 910 1830 in
943 1798 998 1831 sui
1037 1797 1249 1842 adjutorium
1289 1798 1489 1841 devotione,

100 1873 169 1909 qua
201 1866 363 1909 poterat,
395 1862 594 1897 invocabat.
643 1862 820 1907 Sequente
848 1866 961 1897 autem
994 1867 1097 1898 nocte
1123 1863 1224 1898 ambo
1250 1865 1387 1899 insimul
1415 1875 1489 1899 cum

99 1929 205 1963 multo
225 1929 354 1964 lumine
372 1928 441 1962 sibi
461 1932 711 1973 apparuerunt,
739 1928 979 1973 multipliciter
1003 1940 1078 1964 eum
1103 1930 1342 1967 consolantes.
1390 1930 1489 1965 Tan-

99 1994 176 2029 dem
195 1996 371 2029 sententia
391 1995 426 2028 in
451 2005 526 2029 eum
551 1993 635 2028 data
659 1993 886 2038 suspenditur
911 1998 945 2029 et
970 1995 1013 2029 ad
1033 1997 1184 2040 spatium
1206 1997 1307 2030 unius
1329 1996 1491 2031 milliaris

99 2058 290 2094 Teutonici
313 2060 348 2092 in
373 2059 534 2103 patibulo
561 2058 747 2093 detinetur.
795 2059 909 2095 Judex
934 2064 1048 2094 autem
1073 2062 1252 2095 concessit
1270 2061 1491 2104 parentibus,

98 2127 137 2158 ut
166 2125 282 2169 ipsum
311 2123 528 2168 deponerent
565 2128 600 2158 et
640 2125 676 2157 in
709 2124 841 2158 tumulo
876 2124 1080 2168 sepelirent.
1128 2124 1347 2169 Praeparata
1379 2126 1492 2170 igitur

98 2189 226 2232 fovea,
252 2199 328 2223 cum
354 2193 449 2224 esset
473 2189 668 2234 depositus,
694 2193 795 2234 pater
819 2193 853 2224 et
877 2193 1023 2234 patruus
1047 2193 1238 2234 coeperunt
1262 2200 1326 2234 pro
1351 2195 1489 2224 mortuo

97 2254 224 2290 beatae
251 2253 438 2290 Elizabeth
461 2256 661 2300 patrocinia
685 2256 861 2297 invocare,
887 2259 922 2290 et
944 2264 1024 2290 ecce
1045 2254 1252 2289 mirantibus
1280 2259 1314 2290 et
1342 2259 1488 2300 stupen-

96 2319 193 2355 tibus
230 2321 429 2364 universis,
478 2322 538 2366 qui
579 2321 694 2356 fuerat
732 2325 908 2363 mortuus,
956 2322 1110 2356 surrexit
1149 2322 1258 2356 visus.
1275 2339 1328 2355 ,—-
1369 2341 1412 2346 —
1443 2341 1489 2346 —

99 2389 152 2424 6.
177 2384 362 2420 Scholaris
392 2385 532 2431 quidam
566 2386 610 2422 de
638 2386 801 2432 dyoecesi
826 2387 1092 2433 Moguntinensi
1118 2386 1308 2422 Oui‘tardus
1334 2387 1488 2428 nomine,

99 2451 180 2485 dum
214 2451 402 2495 piscationi
431 2453 544 2486 minus
577 2457 700 2487 cautus
733 2454 935 2495 insisteret,
977 2454 1013 2487 in
1042 2453 1167 2487 flumen
1197 2452 1320 2496 lapsus
1346 2450 1485 2486 cecidit.

97 2515 231 2562 Magno
264 2519 381 2551 autem
413 2518 582 2561 temporis
619 2519 736 2563 spatio
769 2518 976 2563 interiecto,
1009 2517 1088 2552 dum
1124 2518 1202 2562 eJus
1235 2526 1363 2561 corpus
1391 2519 1488 2552 esset

100 2586 310 2624 extractum,
338 2576 429 2616 adeo
454 2583 531 2616 sine
556 2591 662 2617 sensu
688 2587 723 2617 et
748 2586 842 2617 motu
866 2586 902 2617 et
925 2582 1077 2627 rigidum
1103 2585 1158 2616 est
1178 2585 1365 2626 repertum,
1392 2581 1487 2627 quod

101 2648 197 2683 nullo
231 2649 268 2683 in
299 2658 341 2684 eo
374 2648 478 2693 signo
508 2648 604 2683 vitae
633 2648 774 2682 invento
808 2657 891 2683 vere
929 2650 1085 2682 mortuus
1123 2647 1167 2680 ab
1201 2645 1398 2681 hominibus
1431 2651 1488 2682 est

98 2712 293 2759 judicatus.
347 2713 447 2749 Tunc
486 2712 616 2748 beatae
645 2710 831 2748 Elizabeth
870 2711 1099 2758 implorantur
1128 2713 1253 2747 merita
1287 2715 1323 2748 et
1351 2713 1487 2748 eunctis
