1742 3005
402 24 497 72 Cap.
533 23 672 58 (lxiii.
732 25 788 59 De
821 31 951 59 sancio
983 22 1197 58 Doininico.
1418 21 1494 58 471

112 128 219 161 trater
243 137 433 161 conversus
459 137 480 161 a
505 127 656 172 dyabolo
683 131 803 162 vexari
830 130 956 172 eoepit.
1007 126 1105 168 Quod
1132 138 1204 162 rum
1232 128 1341 161 l'ruter
1360 127 1493 171 Κυμο-

110 194 180 227 rius
215 191 454 227 Lausanensis
488 194 658 238 magister
693 195 768 238 eJus
804 194 1019 232 audivisset,
1054 193 1160 228 beato
1193 193 1374 227 Dominico
1409 192 1496 226 baec

107 257 241 292 studuit
267 257 447 301 indicare,
474 263 615 292 sanctus
640 264 753 294 autem
779 258 982 294 Dominieus
1010 259 1054 293 ad
1077 260 1260 294 ecclesiam
1282 264 1362 293 ante
1383 259 1495 292 altare

107 335 183 358 eum
216 325 351 368 portari
383 324 478 358 set-it.
529 324 594 363 Qui
628 335 701 359 cuni
737 326 791 358 vix
818 335 839 358 a
864 324 1031 358 fratribus
1057 324 1089 357 X
1121 326 1248 359 fuisset
1275 325 1492 370 deportatus,

107 389 194 424 dixit
226 392 352 426 beatus
384 390 604 424 Dominicus:
643 389 768 433 adjuro
794 394 846 431 te,
881 391 1004 431 miser,
1041 394 1077 423 ut
1115 389 1211 423 dicas
1246 390 1348 432 milii,
1385 401 1493 435 ‹giiure

107 467 211 492 vexas
244 461 437 492 ereaturam
469 455 532 489 Dei
572 459 607 489 et
644 464 752 499 quare
787 458 821 490 et
853 454 1027 499 quomodo
1053 454 1118 488 bue
1145 456 1295 489 intrasti.
1345 456 1407 494 Qui
1439 467 1493 490 rw

104 522 265 567 spondit:
303 532 390 556 vexo
417 531 510 561 eum,
547 520 630 564 quia
655 520 799 562 meruit,
836 519 925 554 bibit
960 521 1048 555 enini
1080 519 1156 553 beri
1190 522 1221 553 in
1250 522 1391 555 civitate
1418 522 1493 555 sine

104 589 245 623 lieentia
263 589 392 632 prioris
410 596 476 620 non
496 584 656 619 adhibito
674 586 777 630 signo
797 587 922 620 crucis.
950 585 1049 620 Unde
1066 590 1146 619 tune
1167 588 1292 620 intravi
1312 588 1344 620 in
1364 598 1437 620 eum
1458 589 1489 620 in

102 654 219 699 speeie
233 653 400 694 bibionis,
428 652 508 697 quin
527 652 643 696 potius
666 652 742 695 ipse
763 650 854 684 bibit
868 662 920 686 me
937 651 1037 685 simul
1054 663 1128 685 cum
1147 653 1237 685 tino.
1286 651 1359 686 Hoc
1377 657 1490 687 autem

102 724 182 754 tunc
201 729 276 754 eum
295 717 431 752 bibisse
452 728 568 752 verum
586 721 796 761 compertum
818 721 881 751 est.
908 716 1001 751 Inter
1019 716 1107 752 baec
1125 718 1252 752 sactum
1272 722 1325 752 est
1346 720 1489 763 primuni

99 787 238 832 signum
266 783 311 819 ad
335 785 521 818 matutinas
540 811 547 825 ,
578 794 646 828 quo
673 782 792 816 audito
819 782 1013 827 dyabolus,
1050 785 1107 828 qui
1136 785 1168 817 iu
1197 794 1238 818 eo
1267 784 1490 829 loquebatur,

100 851 206 885 dixit:
230 850 355 885 amodo
382 849 437 884 hic
462 850 540 894 plus
568 853 663 883 stare
690 859 758 882 non
784 858 940 892 possum,
966 859 1008 883 ex
1035 860 1102 894 quo
1129 851 1302 894 capuciati
1328 856 1486 895 surgunt.

99 916 143 951 Et
166 918 219 952 sic
245 916 288 951 ad
316 917 509 950 orationem
536 914 632 949 beati
665 914 837 948 Dominiei
872 915 970 949 exire
1002 915 1202 960 compulsus
1229 920 1294 950 est.
1346 915 1428 951 Cum
1457 918 1488 950 in

99 983 260 1028 partibus
287 982 477 1017 Tolosanis
511 980 686 1026 quoddam
720 980 845 1015 flumen
870 983 1093 1024 transiisset,
1136 981 1219 1016 libri
1253 982 1329 1027 eJus
1360 983 1489 1016 nullum

99 1048 270 1083 hahentes
304 1048 603 1082 conservator-ium
639 1048 673 1080 in
707 1046 846 1080 fluvium
879 1046 1104 1090 ecciderunt,
1142 1047 1198 1082 die
1232 1052 1346 1082 autem
1383 1050 1489 1083 tertia

99 1113 238 1159 quidam
262 1115 420 1159 piscator
443 1112 492 1146 ibi
517 1112 654 1146 hamum
680 1113 885 1157 projiciens,
911 1123 985 1146 cum
1007 1122 1166 1158 magnum
1187 1115 1316 1157 piscem
1341 1124 1379 1149 se
1406 1125 1486 1159 pre-

97 1179 266 1215 hendisse
299 1183 456 1224 putaret,
489 1178 601 1213 libros
635 1180 732 1223 ipsos
767 1180 920 1214 extraxit
953 1180 1091 1223 penitus
1115 1180 1166 1213 sic
1192 1180 1357 1222 illaesos,
1391 1190 1431 1214 ac
1456 1183 1485 1214 si

97 1247 132 1279 in
164 1245 284 1290 aliquo
315 1246 467 1279 armario
502 1244 651 1278 fuissent
678 1255 751 1279 oum
778 1245 870 1278 onini
895 1243 1081 1289 diligentia
1103 1245 1281 1280 custoditi.
1332 1245 1412 1280 (lum
1441 1247 1483 1280 ad

97 1310 271 1356 quoddam
304 1311 551 1344 monasterium
588 1311 744 1344 venisset
777 1314 811 1345 et
847 1310 974 1344 fratres
1000 1312 1239 1354 quiescerent,
1272 1322 1334 1347 eos
1363 1313 1485 1348 nolens

98 1376 313 1420 inquietare,
340 1377 502 1410 oratione
529 1376 609 1410 susa
632 1375 763 1409 clausis
787 1376 907 1420 januis
933 1378 1180 1410 monasterium
1210 1387 1282 1411 cum
1310 1380 1406 1411 sorio
1431 1381 1484 1411 in-

97 1442 229 1477 troivit.
276 1441 370 1476 Idem
401 1442 505 1476 etiam
539 1445 751 1486 compertum
776 1445 847 1483 est,
881 1451 954 1475 euin
983 1442 1016 1474 in
1041 1442 1203 1476 conflictu
1229 1442 1484 1477 baereticorum

96 1517 172 1542 cum
201 1507 349 1552 quodam
377 1516 546 1542 converso
573 1507 799 1542 cisterciensi
826 1506 970 1549 suisset,
997 1518 1072 1541 nam
1098 1518 1172 1541 cuin
1199 1518 1279 1542 sero
1306 1508 1347 1542 ad
1376 1519 1486 1554 quan-

96 1572 172 1606 dam
198 1573 381 1607 ecclesiam
407 1573 631 1608 devenissent
655 1576 690 1606 et
712 1572 869 1605 clausam
896 1573 1130 1615 invenissent,
1166 1575 1326 1608 oratione
1360 1575 1439 1609 susa
1464 1586 1485 1609 a

95 1637 200 1672 beato
213 1638 390 1673 Dominieo
406 1640 498 1672 intra
508 1638 692 1672 ecclesiam
705 1647 742 1672 se
753 1638 869 1671 subito
888 1639 1093 1673 invenerunt
1111 1644 1144 1674 et
1161 1644 1293 1674 noctem
1316 1641 1406 1674 illam
1429 1646 1482 1674 to-

94 1708 163 1738 tam
187 1705 220 1738 in
239 1705 399 1739 oratione
417 1703 598 1738 duxerunt.
626 1703 875 1738 Postlaborem
889 1705 1025 1739 itineris
1036 1709 1220 1751 antequam
1235 1706 1277 1740 ad
1295 1706 1484 1751 hospitium

92 1769 311 1812 devenisset,
347 1771 439 1804 sitim
473 1769 519 1803 ad
553 1769 683 1804 sontem
716 1770 866 1815 aliquem
893 1772 1119 1816 exstinguere
1144 1774 1346 1814 cousuevit,
1383 1783 1424 1807 ne
1451 1775 1484 1806 in

92 1834 193 1869 domo
225 1833 378 1880 hospitis
411 1835 488 1879 plus
520 1834 674 1870 bibendo
708 1835 861 1881 aliquam
897 1841 1012 1870 notam
1048 1838 1250 1873 incurreret.
1299 1838 1482 1873 S‹·liolaris

91 1899 232 1945 quidam
258 1900 414 1934 lubrie-us
449 1902 566 1935 earnis
593 1903 731 1946 patiens
764 1904 858 1937 venit
892 1903 927 1936 in
957 1902 1106 1946 quodam
1144 1903 1235 1937 sesto
1267 1904 1310 1938 ad
1346 1904 1480 1939 domum

91 1965 237 1999 fratrum
272 1964 314 1998 de
347 1964 528 2007 Bononia,
561 1970 599 2000 ut
635 1967 684 2000 ibi
716 1970 857 2001 missam
883 1967 1033 2001 audiret.
1083 1968 1241 2014 Contigit
1263 1973 1376 2003 autem
1402 1974 1482 2003 tune

91 2030 232 2063 missam
266 2028 405 2063 beatum
439 2030 652 2064 Dominieum
685 2032 881 2069 celebrare.
930 2031 1011 2065 Cum
1043 2037 1157 2066 autem
1189 2033 1234 2067 ad
1266 2034 1479 2075 oblationem

92 2098 228 2131 ventum
255 2094 403 2138 fuisset,
437 2094 551 2129 dictus
574 2095 748 2130 scholaris
777 2099 927 2132 accessit
952 2101 986 2131 et
1010 2108 1144 2131 manum
1171 2099 1248 2144 ejus
1275 2110 1347 2133 euni
1375 2100 1481 2135 multa

91 2160 278 2196 devotione
313 2160 494 2195 osculatus
527 2165 590 2197 est.
641 2162 750 2202 Quam
787 2173 860 2197 eum
887 2162 1065 2197 osculatus
1092 2163 1237 2207 suisset,
1272 2169 1403 2199 tantam
1437 2177 1478 2200 ex

88 2226 152 2261 illa
184 2225 330 2271 prodire
363 2228 474 2261 sensit
505 2226 625 2262 odoris
658 2227 907 2274 fragrantiam,
950 2233 1112 2273 quantam
1147 2231 1180 2263 in
1208 2233 1279 2266 vita
1304 2242 1368 2266 sua
1391 2243 1478 2266 nun-

87 2358 207 2392 biliter
231 2357 416 2403 refriguit,
444 2358 534 2393 adeo
561 2362 615 2401 ut,
642 2360 700 2404 qui
726 2363 830 2394 antea
855 2365 932 2395 erat
956 2371 1065 2396 vanus
1095 2366 1128 2396 et
1152 2362 1329 2405 lubricus,
1357 2363 1475 2398 effice-

85 2427 183 2459 retur
208 2422 426 2467 postmodum
456 2425 637 2458 continens
663 2428 698 2459 et
721 2428 852 2460 castus.
902 2426 929 2460 Ο
956 2431 1088 2471 quanta
1112 2427 1300 2463 munditiae
1325 2431 1477 2473 puritate

88 2490 165 2535 ejus
192 2498 275 2524 caro
301 2489 480 2534 pollebat,
516 2490 616 2534 euJus
641 2489 729 2524 odor
760 2495 828 2524 tam
858 2491 1067 2526 mirabiliter
1091 2492 1216 2528 sordes
1241 2496 1365 2529 mentis
1391 2506 1473 2540 pur-

87 2553 206 2599 gabat.
255 2553 433 2589 Sacerdos
460 2554 599 2600 quidam
628 2554 749 2590 videus
776 2556 964 2602 aliquando
993 2558 1131 2593 beatum
1158 2558 1371 2594 Dominieum
1400 2572 1473 2595 cum

88 2619 161 2653 suis
195 2619 362 2654 fratribus
397 2620 650 2665 praedicationi
679 2627 745 2655 tum
774 2622 948 2658 ferventer
973 2624 1155 2666 insistere,
1190 2624 1399 2660 deliberavit
1431 2628 1472 2660 iis
