1742 3005
217 110 299 152 526
359 113 454 164 Cap.
487 111 624 148 CXiX.
672 110 729 146 De
762 110 996 149 assumtione
1027 118 1179 149 sanctae
1209 111 1355 149 Mariae
1386 108 1553 160 virginis.

217 217 426 259 honoravit,
454 218 546 261 pium
573 218 627 249 est
652 213 809 256 credere,
836 224 909 249 eam
940 216 973 249 in
1001 219 1110 250 morte
1136 215 1309 260 singulari
1336 213 1550 248 salutatione
1577 215 1612 247 et

217 282 365 327 speciali
390 283 507 327 gratia
533 279 741 314 honorasse.
789 279 942 333 Putredo
970 283 1003 314 et
1027 281 1155 314 vermis
1189 280 1359 314 humanae
1394 284 1448 314 est
1481 289 1611 324 oppro-

218 348 328 381 brium
354 346 577 381 conditionis.
627 345 681 380 Ab
716 345 782 379 hoe
815 345 1007 390 opprobrio
1044 356 1118 380 cum
1143 345 1248 381 Jesus
1274 347 1321 380 sit
1352 345 1508 387 alienus,
1549 354 1611 379 na-

215 418 295 446 tura
328 412 466 448 Mariae
503 412 697 456 excipitur,
742 422 842 457 quam
880 411 984 446 Jesus
1026 410 1069 446 de
1109 422 1151 446 ea
1185 413 1395 446 assumsisse
1429 410 1609 455 probatur.

217 479 308 513 Caro
336 479 425 513 enim
449 478 533 513 Jesu
560 488 642 512 caro
669 482 722 512 est
746 478 901 521 Mariae⁷
936 488 1038 523 qnam
1071 487 1178 522 snpra
1203 481 1300 511 astra
1325 477 1521 511 transvexit
1545 476 1609 510 ho-

216 554 345 578 norans
381 555 514 578 omnem
549 543 732 578 humanam
766 549 924 578 naturam
961 548 996 578 et
1026 543 1133 577 multo
1168 545 1280 589 magis
1321 547 1523 577 maternam.
1572 543 1611 577 Si

215 614 342 643 natura
367 611 488 643 matris
516 614 570 644 est
594 610 705 652 tilius,
732 611 943 644 conveniens
971 613 1042 652 est,
1075 613 1112 643 ut
1145 610 1191 643 sit
1221 613 1255 643 et
1289 609 1350 643 lilii
1375 613 1505 651 mater,
1541 619 1610 643 non

217 680 381 720 quantum
408 675 451 709 ad
478 677 645 709 unitatem
671 686 844 719 personae
861 703 868 717 ‚
895 675 956 710 sed
987 679 1150 721 (plantum
1176 674 1220 708 ad
1246 676 1411 709 unitatem
1439 685 1609 719 corpora-

215 740 260 773 lis
287 744 447 774 naturae.
497 741 532 774 Si
561 742 649 775 enim
675 742 841 775 unitatem
870 742 987 775 faeere
1013 745 1131 785 potest
1157 743 1275 786 gratia
1299 743 1374 775 sine
1392 742 1609 785 proprietate

216 806 382 850 specialis
410 810 577 848 naturae,
612 810 741 851 quanto
768 808 902 851 magis,
938 806 997 839 nbi
1031 807 1169 851 gratiae
1200 808 1315 840 unitas
1346 810 1380 840 et
1413 806 1609 850 corporalis

216 871 382 916 specialis
409 872 589 906 nativitas.
638 871 761 906 Unitas
795 874 934 918 gratiae
970 876 1023 906 est
1058 876 1095 906 ut
1120 871 1368 915 discipulorum
1395 873 1429 904 in
1455 871 1608 912 Christo,

216 937 260 972 de
287 937 413 982 quibus
441 936 542 971 dicit:
567 941 603 971 ut
628 938 698 971 sint
724 948 839 980 unum,
867 939 958 972 sicut
984 942 1017 972 et
1042 948 1118 978 nos,
1146 941 1179 971 et
1206 941 1350 982 postea:
1376 941 1489 981 pater,
1517 937 1609 977 volo,

215 1007 265 1046 ut,
292 1003 352 1037 ubi
378 1014 452 1037 sum
479 1014 565 1049 ego,
602 1009 635 1038 et
660 1003 709 1037 illi
739 1005 808 1037 sint
841 1014 981 1039 mecum.
1032 1003 1069 1037 Si
1105 1005 1213 1048 igitur
1238 1014 1354 1038 secum
1381 1002 1512 1037 habere
1538 1002 1611 1037 vult

216 1080 300 1111 005,
337 1071 394 1114 qui
419 1069 476 1103 hic
501 1080 565 1103 sua
590 1069 656 1105 fide
685 1072 842 1115 ¹)juncti
867 1081 967 1104 unum
996 1080 1070 1104 eum
1099 1080 1139 1103 eo
1168 1080 1247 1103 esse
1267 1069 1492 1114 judicantur,
1527 1068 1610 1114 quid

217 1135 485 1169 existimandum
512 1139 567 1170 est
591 1135 634 1170 de
660 1140 782 1178 matre,
808 1137 868 1170 ubi
891 1136 998 1183 digna
1017 1138 1062 1170 sit
1090 1135 1226 1178 haberi,
1252 1137 1320 1169 nisi
1347 1136 1380 1169 in
1406 1136 1610 1180 praesentia

215 1201 308 1235 tilii?
358 1200 529 1240 Quantum
558 1203 668 1247 igitur
692 1202 874 1248 intelligo,
901 1207 1065 1247 quantum
1094 1202 1213 1243 eredo,
1242 1201 1380 1236 Mariae
1407 1203 1523 1235 anima
1547 1212 1609 1237 ex-

215 1267 414 1302 cellentiori
449 1267 597 1312 quadam
632 1270 885 1314 praerogativa
925 1278 946 1302 a
980 1268 1050 1302 lilio
1093 1268 1304 1309 honoratur,
1345 1267 1533 1311 possidens
1574 1269 1608 1302 in

217 1332 356 1367 Christo
380 1343 508 1378 corpus
528 1344 638 1375 suum,
665 1333 759 1379 quod
778 1336 900 1379 genuit
919 1334 1181 1380 glorificatum?
1206 1333 1250 1367 Et
1270 1342 1378 1378 quare
1403 1343 1471 1366 non
1496 1343 1607 1377 suum,

214 1409 280 1444 per
304 1398 398 1444 quod
423 1400 574 1445 genuit?
623 1399 661 1433 Si
688 1410 757 1434 non
786 1400 1006 1443 obviaverit,
1045 1410 1107 1435 nec
1131 1399 1210 1433 dum
1234 1402 1423 1443 perspecta
1453 1400 1608 1433 auctori·

214 1469 294 1507 tas,
342 1475 424 1499 vere
460 1465 588 1500 credo:
638 1470 672 1500 et
713 1477 778 1511 per
811 1466 905 1512 quod
940 1468 1079 1512 genuit,
1126 1467 1209 1511 quia
1243 1469 1344 1499 tanta
1376 1463 1607 1499 sanctificatio

216 1529 360 1576 dignior
385 1535 438 1565 est
462 1531 563 1565 eoelo
592 1542 692 1577 quam
721 1536 827 1567 terra.
878 1532 1056 1567 Thronum
1078 1532 1156 1575 Dei,
1182 1531 1371 1565 thalamum
1388 1532 1521 1575 sponsi,
1544 1530 1608 1565 do-

215 1607 304 1630 mum
333 1596 463 1630 domini
496 1601 602 1641 atque
628 1597 760 1631 Christi
795 1598 1058 1633 tabernaculum
1084 1598 1227 1644 (lignum
1261 1601 1316 1631 est
1340 1596 1388 1631 ibi
1414 1607 1515 1640 esse,
1547 1596 1608 1631 ubi

215 1664 293 1707 ipse
323 1667 396 1705 est;
421 1666 492 1696 tam
517 1663 708 1706 pretiosum
739 1663 938 1698 thesaurum
965 1664 1106 1710 dignius
1134 1667 1188 1698 est
1205 1662 1338 1697 eoelum
1356 1673 1458 1708 quam
1477 1667 1607 1697 terram

215 1737 374 1763 servare.
425 1727 574 1762 Tantam
600 1729 838 1773 integritatem
874 1731 997 1763 merito
1025 1729 1354 1773 incorruptibilitas,
1390 1740 1459 1763 non
1484 1733 1605 1774 putre-

215 1793 307 1827 dinis
337 1793 411 1827 ulla
436 1793 607 1828 resolutio
637 1795 815 1838 sequitur,
848 1794 934 1828 illud
967 1796 1225 1828 sanctissimum
1257 1804 1384 1838 corpus
1418 1795 1452 1827 in
1491 1803 1605 1828 escam

214 1860 392 1893 vermibus
425 1859 612 1901 traditinn,
650 1861 733 1903 quia
765 1861 896 1894 sentire
940 1871 1009 1893 non
1052 1859 1174 1902 valeo,
1222 1859 1342 1893 dicere
1384 1860 1604 1902 pertimesco.

217 1924 326 1965 Quam
360 1925 651 1959 existimationem
686 1925 808 1969 procul
845 1925 945 1969 pellit
978 1924 1264 1970 incomparabilis
1299 1926 1437 1970 gratiae
1470 1934 1603 1965 munus,

215 1990 310 2036 quod
343 2000 396 2025 me
429 1990 547 2025 dicere
580 1990 762 2024 multarum
799 1992 1051 2035 scripturarmn
1077 1990 1314 2025 consideratio
1341 1990 1476 2023 invitat.
1524 1990 1605 2024 Suis

215 2056 406 2102 aliquando
432 2057 600 2090 ministris
625 2058 755 2091 veritas
780 2058 850 2091 ait:
875 2056 936 2104 nbi
965 2067 1032 2101 ego
1059 2067 1145 2099 sum,
1172 2056 1244 2089 illio
1268 2059 1303 2090 et
1326 2056 1485 2089 minister
1510 2066 1605 2090 meus

215 2125 294 2159 erit.
342 2122 380 2156 Si
406 2122 495 2157 haec
519 2126 573 2157 est
598 2122 776 2168 generalis
803 2124 978 2157 sententia
1002 2123 1151 2155 omnium
1184 2131 1248 2165 per
1279 2119 1393 2155 fidem'
1417 2125 1451 2155 et
1479 2131 1605 2165 opera—

215 2190 343 2222 tionem
369 2187 508 2223 Christo
538 2189 817 2230 ministrantium,
844 2189 1105 2233 quantomagis
1125 2185 1380 2232 quodammodo
1402 2187 1607 2231 specialiter

213 2253 375 2296 Mariae,
410 2263 500 2299 quae
526 2253 661 2299 absque
687 2254 793 2288 dubio
820 2255 912 2288 omni
938 2263 1045 2298 opere
1072 2253 1299 2286 ministratrix
1329 2253 1480 2294 exstitit,
1516 2261 1605 2297 quae

214 2319 305 2353 hunc
332 2321 367 2353 in
397 2323 498 2354 utero
524 2321 639 2365 gessit
664 2324 836 2364 partuque
862 2320 1042 2364 profusum
1068 2319 1155 2353 aluit
1181 2322 1215 2352 et
1246 2317 1333 2352 fovit
1364 2321 1398 2352 et
1433 2319 1467 2351 in
1499 2327 1604 2362 prae-

214 2386 315 2430 sepio
343 2386 528 2420 reclinavit
551 2390 586 2420 et
611 2386 750 2431 fugiens
775 2386 809 2419 in
835 2385 1030 2431 Aegyptum
1055 2384 1242 2419 abscondit
1273 2388 1308 2418 et
1333 2393 1465 2417 omnem
1490 2382 1603 2417 infan-

213 2453 297 2485 tiam
325 2452 401 2497 ejus
427 2455 614 2496 prosecuta
640 2454 751 2496 nsque
776 2450 821 2484 ad
851 2461 987 2486 crucem
1014 2450 1057 2484 al)
1086 2450 1162 2495 ejus
1191 2460 1258 2483 non
1284 2450 1432 2484 recessit
1455 2451 1600 2482 sectatu.

215 2514 291 2549 Non
317 2518 430 2561 potuit
452 2520 567 2551 autem
603 2517 679 2561 eJ'us
715 2515 909 2551 divinitatis
943 2527 1011 2551 non
1047 2526 1129 2551 esse
1163 2514 1325 2557 credula,
1360 2523 1447 2559 quae
1473 2522 1512 2546 se
1537 2522 1599 2545 no-

217 2584 314 2613 verat
346 2581 435 2615 hunc
471 2592 539 2616 non
571 2582 662 2617 virili
696 2583 849 2625 semine,
891 2581 953 2618 scd
996 2582 1114 2619 divino
1154 2581 1343 2626 spiramine
1385 2578 1601 2622 concepisse.

285 2719 312 2749 1)
331 2717 407 2744 Alii:
427 2718 536 2746 uniti.
