1742 3005
337 111 432 160 Cap.
468 109 641 149 CXLVI.
700 111 757 148 De
788 118 916 147 sancto
951 112 1195 160 Hieronymo,
1376 111 1458 152 655

69 214 212 256 didicit,
244 215 278 248 in
305 224 454 249 eremum
482 216 709 260 properavit,
743 215 799 249 ubi
830 226 892 260 pro
919 215 1058 251 Christo
1085 219 1216 261 quanta
1240 217 1455 258 sustinuerit,

69 282 145 325 ipse
179 279 222 314 ad
256 278 481 315 Eustochium
515 284 635 314 narrat
667 281 805 315 dicens:
844 282 1006 326 quotiens
1040 283 1072 315 in
1107 292 1222 316 eremo
1248 283 1456 318 constitutus

67 346 162 383 etin
187 345 250 380 illa
276 350 377 381 vasta
404 346 615 388 solitudine,
656 356 745 391 quae
780 351 903 381 exusta
938 347 1024 380 solis
1058 347 1244 382 ardor-Ibus
1275 347 1454 382 horridum

66 411 242 445 monachis
270 416 427 456 praestat
452 411 706 454 habitaculmu,
733 413 897 456 putabam
925 422 976 446 me
1004 415 1156 445 romanis
1183 413 1318 447 deliciis
1345 415 1452 449 inter-

64 487 155 512 esse.
215 477 412 511 Horrebant
448 487 551 511 saeco
587 476 739 511 membra
784 476 972 517 deformia,
1018 477 1179 521 squalida
1218 479 1306 511 cutis
1350 480 1452 513 situm

64 541 296 587 Aethiopicae
323 545 438 577 caruis
465 541 677 582 adduxei·at‚
705 540 860 585 quotidie
887 540 1074 585 lacrymae,
1103 540 1260 585 quotidie
1285 545 1450 588 gemitus,

63 613 98 642 et
124 609 154 642 si
192 607 330 653 quando
358 611 608 652 repugnantem
635 616 774 639 somnus
802 606 981 640 imminens
1006 607 1264 651 oppressisset,
1303 607 1451 652 ¹)humo

62 673 155 708 nuda
192 675 248 707 vix
281 682 365 706 ossa
398 672 582 706 haerentia
619 671 886 705 collidebantur.
934 672 984 706 De
1021 672 1109 706 cibis
1147 676 1181 706 et
1216 677 1301 717 potu
1332 677 1449 717 taceo,

62 749 137 773 cum
163 739 266 772 etiam
292 738 499 783 languentes
526 748 618 783 aqua
644 737 775 783 frigida
800 742 943 771 utantur
969 741 1004 772 et
1026 741 1160 771 coctum
1187 738 1320 784 aliquid
1346 750 1448 774 acce-

59 806 155 849 pisse
172 803 312 838 luxuria
330 804 386 843 sit,
415 807 450 838 et
471 803 549 836 dum
567 805 788 847 scorpionum
806 807 935 836 tantum
957 814 1068 837 essem
1088 805 1206 838 socius
1226 808 1259 837 et
1284 804 1447 847 ferarum,

58 879 165 914 saepe
198 869 337 904 choreis
375 870 559 903 intereram
595 869 787 912 puellarum
823 872 855 902 et
883 869 916 902 iu
946 868 1077 914 frigido
1106 879 1253 913 corpore
1283 874 1316 903 et
1340 880 1445 905 carne

58 939 281 980 praemortua
307 934 489 968 libidinum
516 934 676 968 incendia
701 933 930 978 pullulabant.
980 933 1102 978 ltaque
1127 936 1291 968 continuo
1320 935 1445 970 ssebam

58 1005 92 1036 et
126 1004 378 1047 repugnantem
411 1010 548 1034 carnem
584 998 879 1034 hebdomadarum
923 998 1042 1033 inedia
1077 999 1300 1045 subigebam.
1359 1001 1444 1037 Dies

58 1067 183 1102 crebro
225 1067 389 1111 conjunxi
431 1076 505 1100 eum
545 1065 706 1100 noctibus
752 1074 818 1099 nec
858 1066 954 1109 prius
1001 1074 1023 1099 a
1060 1067 1215 1110 pectoris
1259 1067 1444 1101 cessabam

58 1131 275 1174 verberibus,
301 1142 403 1176 quam
429 1141 452 1166 a
475 1131 613 1165 domino
639 1130 877 1176 tranquillitas
904 1131 1122 1166 redderetur.
1169 1130 1284 1175 Ipsam
1306 1144 1444 1178 quoque

56 1197 215 1232 cellulam
250 1207 360 1233 meam
391 1198 494 1243 quasi
528 1198 781 1243 cogitationum
819 1197 1067 1230 conscientiam
1093 1197 1382 1241 pertimescebam
1410 1202 1444 1233 et

54 1262 138 1297 mihi
171 1264 281 1298 iratus
314 1267 349 1298 et
384 1263 519 1310 rigidus
557 1262 654 1298 solus
689 1262 831 1298 deserta
857 1262 1083 1307 penetrabam
1113 1267 1146 1297 et
1170 1267 1207 1297 ut
1231 1263 1312 1297 mihi
1339 1265 1442 1300 testis

55 1333 110 1364 est
133 1328 305 1372 dominus,
331 1333 413 1374 post
429 1329 555 1364 multas
574 1329 746 1374 lacrymas
776 1333 810 1364 et
834 1339 1078 1374 nonnunquam
1103 1329 1253 1364 videbar
1269 1331 1441 1365 interesse

53 1395 250 1441 agminibus
270 1395 486 1441 angelorum.
524 1395 590 1430 Per
609 1394 874 1439 quadriennium
896 1396 1006 1440 igitur
1022 1395 1150 1430 ibidem
1180 1397 1442 1441 ²)poenitentia

52 1462 103 1494 sic
122 1464 268 1505 peracta
285 1459 329 1494 ad
349 1459 554 1494 Bethlehem
573 1459 738 1504 oppidum
758 1462 938 1502 remeavit,
964 1461 1024 1494 ubi
1053 1462 1194 1506 ³)quasi
1212 1461 1438 1496 domesticum

50 1526 179 1560 animal
200 1525 245 1559 ad
273 1535 445 1570 praesepe
476 1525 604 1559 domiui
632 1536 711 1560 sese
734 1525 860 1559 obtulit
878 1535 1159 1570 permansurum,
1186 1526 1438 1561 bibliothecam

49 1596 164 1627 autem
189 1601 305 1633 suam,
331 1602 432 1636 quam
459 1602 589 1625 summo
615 1591 730 1625 studio
759 1591 826 1626 sibi
853 1591 1060 1626 condiderat
1084 1592 1250 1634 clausam,
1276 1592 1438 1638 aliosque

51 1656 161 1691 libros
173 1658 295 1692 iterum
308 1657 471 1703 relegens
484 1656 728 1702 diemjejuuiis
743 1656 893 1691 ducebat
904 1656 947 1690 ad
963 1668 1159 1701 vesperum,
1171 1658 1297 1692 multos
1308 1658 1437 1693 ibidem

50 1721 244 1767 discipulos
277 1722 480 1758 coadunans
515 1724 550 1757 in
571 1727 691 1757 sancto
718 1724 901 1767 proposito
928 1727 962 1757 et
987 1724 1218 1759 translatione
1245 1727 1437 1769 scriptura-

48 1799 121 1822 rum
147 1790 401 1835 quinquaginta
425 1790 576 1834 quinque
604 1789 704 1823 annis
732 1792 766 1823 et
789 1798 852 1822 sex
872 1789 1050 1824 mensibus
1068 1789 1255 1824 desudavit
1275 1794 1310 1824 et
1324 1800 1436 1835 usque

47 1853 93 1888 ad
126 1853 224 1889 tinem
260 1855 354 1890 vitae
387 1856 488 1901 virgo
526 1856 727 1900 permansit.
775 1855 876 1889 Licet
903 1859 1017 1890 autem
1052 1857 1086 1890 iu
1111 1855 1177 1890 hac
1202 1856 1356 1902 legenda
1380 1856 1434 1890 tli-

49 1923 167 1963 catur,
198 1920 293 1966 quod
328 1931 467 1966 semper
500 1922 600 1967 virgo
634 1921 759 1963 suerit,
791 1922 869 1965 ipse
893 1925 1008 1956 tamen
1033 1921 1076 1956 de
1102 1932 1141 1956 se
1167 1923 1216 1956 ita
1241 1922 1365 1956 scribit
1389 1921 1435 1956 ad

46 1985 320 2020 Pammachium:
367 1987 602 2032 virginitatem
640 1988 676 2020 in
708 1986 807 2021 coelo
843 1987 1030 2031 praefero,
1071 1998 1141 2022 non
1182 1989 1265 2033 quia
1305 1987 1432 2022 haheo.

48 2050 166 2085 Tanta
199 2050 348 2096 denique
380 2052 589 2099 lassitudine
625 2051 795 2097 fatigatus
830 2055 904 2093 est,
942 2057 980 2086 ut
1012 2054 1048 2086 in
1081 2057 1194 2087 stratu
1220 2064 1283 2087 suo
1305 2055 1433 2098 jacens

46 2115 200 2150 funiculo
226 2115 271 2150 ad
299 2116 432 2150 trabem
459 2125 631 2160 suspenso
660 2118 794 2161 supinis
821 2115 980 2150 manibus
1005 2127 1044 2151 se
1068 2116 1215 2159 levaret,
1240 2121 1277 2151 ut
1300 2118 1435 2152 scilicet

0 2208 2 2210 .
45 2181 197 2216 officium
230 2182 455 2223 monasterii,
489 2185 593 2226 prout
626 2186 782 2226 poterat,
817 2181 1009 2216 exhiberet.
1059 2181 1216 2221 Quadam
1252 2193 1333 2217 vero
1375 2182 1432 2218 die

43 2247 365 2293 advesperascente
399 2257 474 2281 eum
508 2246 735 2292 Hieronymus
771 2257 844 2281 cum
878 2246 1046 2281 fratribus
1075 2247 1120 2281 ad
1146 2258 1279 2282 sacram
1304 2248 1430 2283 lectio—

43 2324 119 2348 nem
145 2312 352 2347 audiendnm
376 2313 535 2356 sederet,
564 2312 680 2347 subito
706 2313 762 2347 leo
791 2312 930 2358 quidam
957 2312 1158 2347 claudicans
1183 2315 1430 2351 monasterium

42 2380 224 2424 ingressus
251 2382 316 2412 est.
366 2378 440 2418 Quo
467 2380 542 2413 viso
569 2389 643 2413 cum
666 2381 797 2414 caeteri
823 2378 950 2413 fratres
985 2378 1164 2424 fugerent,
1199 2379 1428 2424 Hieronymus

43 2444 76 2479 ei
101 2444 203 2488 quasi
227 2441 359 2486 hospiti
383 2443 551 2478 obviavit.
598 2445 673 2479 Leo
692 2447 801 2491 igitur
821 2445 898 2479 dum
918 2444 1040 2489 pedem
1063 2444 1132 2478 sibi
1153 2444 1285 2479 laesum
1307 2450 1426 2479 osteu—

41 2508 161 2552 deret,
196 2509 331 2543 vocatis
367 2508 534 2542 fratribus
571 2510 680 2553 pedes
713 2512 781 2546 sibi
815 2512 997 2555 praecepit
1031 2509 1126 2544 ablui
1162 2514 1196 2544 et
1237 2510 1427 2556 diligenter

41 2574 117 2619 ejus
150 2573 290 2619 plagam
327 2574 467 2618 inquiri.
518 2572 617 2613 Quod
650 2585 724 2609 eum
751 2575 880 2610 sactum
904 2574 1052 2618 fuisset,
1082 2576 1289 2610 invenerunt
1311 2575 1424 2611 leonis

107 2673 136 2705 1)
153 2672 208 2699 Ed.
227 2676 272 2699 Pr.
290 2672 375 2705 legit:
395 2672 495 2699 unde
513 2672 624 2699 humo
645 2686 674 2691 —
695 2671 943 2699 collidebam.
1051 2672 1080 2704 2)
1098 2672 1152 2699 Ed.
1167 2675 1211 2702 Pr,
1230 2672 1319 2706 legit:
1339 2682 1421 2708 poe-

39 2716 249 2745 nitentiam
274 2721 480 2753 peractam.
602 2717 630 2750 3)
649 2716 701 2743 Ed.
722 2720 780 2743 I‘r.:
800 2716 970 2751 prudens
991 2716 1143 2744 animal.
