1742 3005
242 116 322 153 472
541 120 636 168 (Tap.
671 118 807 156 (lett.
866 120 922 156 Dc
953 126 1084 156 sancto
1115 119 1331 156 Doininiffl.

245 223 453 259 adhaerere,
483 223 666 257 duimnodo
692 234 815 258 novum
840 228 1082 259 testamentum
1109 225 1177 259 sibi
1203 224 1246 259 ad
1274 225 1545 270 praedicandum
1572 236 1631 260 ne-

246 289 436 323 cessarium
466 288 595 322 babere
623 293 753 333 posset.
803 289 896 324 Haec
920 300 961 325 eo
989 291 1166 335 cogitante
1193 291 1330 335 quidam
1351 292 1492 336 juvenis
1513 292 1636 326 venale

247 358 488 388 testanwiuum
515 353 579 387 sub
607 359 704 389 veste
728 355 894 400 bajulans
920 355 1054 398 adsuit,
1090 355 1181 400 quod
1216 357 1331 389 statim
1365 357 1532 391 sacerdos
1560 368 1634 391 eum

246 430 371 466 niagno
398 419 529 465 gaudio
557 423 654 463 emit,
691 422 751 455 sed
785 422 863 456 dum
902 421 1016 455 adhuc
1042 421 1293 466 aliquantulum
1321 418 1517 464 dubitaret,
1556 423 1636 457 fusa

245 485 289 519 ad
324 486 432 520 Deum
470 497 574 530 prece
611 489 852 533 impressaque
887 499 994 533 super
1026 487 1150 521 librum
1189 487 1343 521 exterius
1377 498 1478 521 cruce
1510 488 1635 522 librum

245 553 385 597 aperuit
418 556 452 586 et
477 553 597 586 oculos
624 553 667 586 ad
694 554 904 598 capitulum,
946 554 1038 599 quod
1065 554 1174 598 primo
1201 563 1239 586 se
1265 551 1412 593 obtulit,
1448 564 1526 587 mox
1551 564 1635 588 con-

241 619 329 663 J'ecit
364 621 397 652 et
431 618 536 660 illud,
575 619 668 664 quod
696 621 727 653 in
754 621 891 655 actibus
917 621 1020 655 Petro
1056 620 1181 654 dictum
1210 623 1287 661 est,
1323 618 1434 653 eidem
1470 620 1637 653 occurrit:

245 694 373 729 surge,
410 683 584 718 descende
616 689 650 719 et
684 685 771 720 vade
805 698 878 721 cum
913 689 956 720 iis
992 686 1088 720 nitur
1115 684 1304 727 dubitans,
1342 687 1423 729 quia
1458 696 1525 732 ego
1558 688 1638 721 misi

245 749 337 782 illos
386 749 582 795 Statimque
607 761 757 795 surgens
784 752 905 785 iisdem
933 751 1107 786 adhaesit.
1158 751 1239 785 Cum
1274 750 1366 795 apud
1401 751 1569 786 Tolosam
1604 754 1638 786 iu

246 814 427 859 theologia
470 820 612 860 regeret
653 818 823 862 magister
857 817 995 862 quidam
1034 817 1182 850 scientia
1217 821 1252 850 et
1293 816 1385 850 l'aina
1417 818 1637 861 praeclarus,

245 880 393 925 quodam
421 890 519 915 mane
546 882 745 925 antediem,
771 894 845 917 cum
870 893 953 917 suas
981 881 1207 927 praevideret
1228 881 1419 924 lectiones,
1445 894 1638 927 oppressus

244 957 365 981 somno
398 952 502 992 caput
538 958 635 981 suum
670 950 703 982 iu
742 948 913 983 cathedra
951 948 1127 993 paululum
1163 947 1347 982 reclinavit
1380 949 1559 993 visumque
1586 953 1641 983 est

244 1012 332 1055 sibi,
375 1013 467 1059 quod
503 1013 562 1048 Vll
597 1015 722 1049 stellae
757 1016 789 1049 ei
825 1019 1144 1060 praesentarentur.
1195 1013 1260 1054 Qui
1293 1024 1368 1047 cum
1408 1013 1450 1048 de
1482 1015 1639 1049 novitate

244 1079 326 1113 talis
351 1080 490 1113 exeimii
524 1080 705 1124 plurimum
739 1083 942 1122 miraretur,
986 1080 1102 1114 subito
1147 1081 1181 1113 in
1214 1080 1342 1114 lumine
1375 1083 1409 1114 et
1443 1082 1638 1124 quantitate

244 1144 448 1190 praedictae
474 1145 600 1179 stellae
626 1147 658 1179 iu
684 1150 815 1180 tantum
841 1150 1041 1188 creverunt,
1068 1145 1160 1191 quod
1189 1150 1296 1179 totum
1324 1145 1483 1179 mundum
1510 1146 1638 1180 illumi-

244 1214 426 1244 naverunt.
478 1211 542 1250 Qui
572 1212 769 1257 evigilans,
797 1212 960 1257 quidnam
987 1212 1056 1245 sibi
1083 1212 1199 1253 vellet,
1225 1211 1406 1255 plurimum
1432 1211 1636 1254 mirabatur,

245 1280 279 1311 et
307 1287 400 1317 ecce,
427 1276 503 1310 dum
533 1277 675 1311 scholas
702 1279 869 1312 intrasset
896 1281 929 1312 et
956 1278 1103 1322 legeret,
1128 1277 1252 1311 beatus
1279 1277 1476 1311 llominicus
1505 1282 1537 1313 et
1563 1289 1637 1312 cum

245 1354 287 1377 eo
324 1344 434 1386 ¹)scx
468 1342 596 1377 fratres
623 1343 780 1388 ejusdem
808 1344 949 1378 habitus
983 1343 1026 1377 ad
1053 1342 1269 1387 praedictum
1295 1344 1499 1388 magistrum
1525 1344 1637 1378 bumi-

245 1409 327 1442 liter
351 1414 577 1443 accesserunt
602 1414 635 1444 ct
663 1420 759 1443 snum
787 1410 855 1443 sibi
884 1411 1100 1454 propositum
1126 1410 1324 1443 intimantes
1345 1408 1518 1451 dixerunt,
1545 1410 1638 1455 quod

245 1474 387 1508 scholas
420 1486 503 1509 suas
537 1480 704 1520 cuperent
729 1476 977 1521 ·l'requentare.
1028 1475 1095 1514 Qui
1131 1474 1291 1508 recolens
1337 1476 1502 1509 visionem
1541 1478 1639 1520 ipsos

248 1552 327 1575 esse
353 1545 484 1585 septeni
508 1542 653 1585 stellas,
693 1553 780 1587 quas
809 1542 957 1584 viderat,
995 1553 1062 1575 non
1089 1540 1272 1575 dubitavit.
1320 1540 1450 1576 Romae
1477 1543 1551 1576 viro
1576 1543 1639 1577 Dei

247 1606 428 1640 Dominico
463 1609 578 1652 posito
615 1610 667 1642 vir
701 1609 841 1654 quidam
876 1609 1046 1654 magister
1069 1606 1287 1652 Reginaldus
1315 1608 1428 1642 sancti
1459 1607 1639 1652 ²)Ainiani

248 1672 516 1707 Aurelianensis
544 1674 716 1717 decanus,
746 1676 803 1720 qui
830 1676 931 1709 etiam
958 1674 1106 1708 Parisiis
1132 1675 1164 1707 in
1187 1675 1268 1719 jure
1294 1675 1461 1707 canonico
1491 1676 1526 1718 ³)
1538 1685 1641 1709 rexe-

249 1744 303 1772 rat
326 1740 427 1773 annis
454 1741 625 1785 quinque,
654 1740 795 1775 Romam
822 1752 895 1774 cum
922 1741 1167 1775 Aurelianensi
1197 1741 1365 1784 episcopo
1392 1750 1487 1774 mare
1510 1742 1640 1774 transi-

247 1810 346 1838 turus
373 1805 575 1839 advenerat.
624 1807 756 1841 lindum
790 1810 903 1840 autem
937 1807 969 1839 in
1003 1807 1187 1850 proposito
1221 1805 1376 1839 habebat
1410 1806 1540 1840 relictis
1566 1817 1640 1839 om—

249 1868 352 1903 nibus
379 1871 633 1914 praedicationi
660 1874 835 1913 insistere,
861 1871 922 1905 sed
950 1881 1096 1915 quonam
1125 1870 1227 1904 modo
1255 1869 1288 1903 id
1316 1870 1490 1914 complere
1507 1875 1640 1914 posset,

250 1934 395 1969 necdum
423 1936 635 1971 adverterat.
686 1939 767 1972 Cum
793 1942 906 1971 autem
933 1947 953 1970 a
979 1937 1126 1982 quodum
1153 1935 1334 1976 cardinali,
1362 1937 1414 1969 cui
1441 1935 1640 1981 hujusmodi

251 2005 365 2034 votum
405 2008 654 2046 expresserat,
703 2003 745 2037 de
792 2005 1010 2036 institutione
1055 2002 1337 2046 praedicatorinn
1382 2000 1564 2036 didicisset
1608 2007 1643 2036 et

252 2067 355 2100 beato
381 2068 562 2102 Dominico
598 2070 771 2103 accersito
801 2068 913 2111 eidem
939 2078 1035 2102 suum
1062 2069 1278 2111 propositum
1312 2066 1529 2110 revelasset,
1562 2072 1643 2102 tunc

253 2134 365 2177 ipsius
382 2133 516 2168 ordinis
544 2134 756 2169 deliberavit
784 2136 994 2180 ingressum,
1023 2144 1087 2168 nec
1114 2143 1222 2175 mora,
1248 2134 1349 2178 gravi
1377 2132 1522 2167 febrium
1549 2133 1643 2167 intir-

254 2200 371 2233 initate
397 2202 585 2245 corripitur
610 2206 643 2235 et
671 2202 713 2235 de
740 2202 815 2246 ejus
834 2200 947 2234 salute
967 2201 1104 2244 penitus
1124 2199 1343 2244 desperatur.
1392 2199 1644 2233 Perseverante

254 2269 366 2299 :nutem
402 2267 435 2299 iu
470 2270 629 2301 oratioue
665 2267 769 2301 beato
805 2267 984 2301 Dominico
1011 2276 1050 2299 ac
1077 2266 1215 2299 beatam
1243 2265 1433 2309 virginem,
1469 2265 1522 2297 cui
1558 2268 1645 2297 tam-

255 2340 355 2375 quam
383 2332 529 2375 speciali
558 2338 728 2377 patronae
754 2343 870 2366 curam
899 2332 1031 2366 ordinis
1058 2336 1165 2365 totam
1192 2331 1428 2371 conmiserat,
1464 2333 1644 2372 exorante,

257 2400 293 2430 ut
319 2397 372 2430 vel
399 2398 522 2433 saltem
551 2398 687 2432 modico
715 2403 871 2443 tempore
900 2409 974 2433 eum
1002 2397 1070 2431 sibi
1097 2396 1289 2431 concedere
1316 2396 1534 2441 dignaretur,
1567 2404 1646 2429 eece

257 2462 373 2496 subito
408 2466 564 2510 reginam
600 2464 862 2499 misericordiae
896 2463 1032 2497 duabus
1067 2462 1262 2497 comitatam
1299 2461 1426 2506 puellis
1463 2459 1645 2494 admodum

260 2530 433 2572 speciosis
460 2530 675 2576 Reginaldus
703 2530 855 2575 vigilans
880 2534 911 2563 et
938 2534 1079 2564 mortem
1109 2532 1318 2573 exspectans
1334 2527 1376 2562 ad
1404 2537 1442 2561 se
1463 2524 1649 2559 visibiliter

262 2598 452 2630 venientem
479 2598 639 2641 adspexit
666 2596 866 2640 blandaque
895 2597 986 2630 l'acie
1014 2595 1082 2629 sibi
1109 2594 1296 2630 dicentem:
1323 2596 1403 2637 pete
1431 2602 1452 2624 a
1470 2600 1534 2631 me,
1555 2590 1646 2635 quod

335 2697 357 2724 l,
380 2695 430 2719 tat.
453 2699 493 2720 Ι·ι,
516 2701 593 2729 :mi-1
609 2706 613 2718 ι
632 2707 657 2721 ιιι
682 2695 759 2726 Ιιςιί.
863 2696 889 2726 ¹2)
914 2694 962 2719 tjzt.
984 2697 1025 2720 l'r.
1047 2693 1207 2720 Arriani.
1312 2693 1339 2723 ἦ)
1360 2690 1437 2717 1ᾹῖἸῖ
1461 2700 1515 2716 ΓΝ·
1545 2689 1650 2721 *PL-’¹'-

266 2743 316 2763 ι-ι1
341 2738 388 2763 utl'·
404 2743 477 2763 ιιιιιΙ.
