1742 3005
388 140 485 189 Cap.
519 139 705 178 CXLVu.
765 142 824 178 De
856 147 986 180 sancto
1018 142 1205 194 Remigio.
1409 145 1489 184 (559

510 355 635 418 GAP.
670 356 871 419 cxlvii.
920 357 1072 421 (142.)

370 456 478 500 De
527 456 792 500 Sancto
825 454 1204 510 Remigio·

182 562 360 609 Remigius
398 563 524 597 dieitur
551 572 571 596 a
605 563 756 607 remige,
790 563 849 607 qui
882 566 936 596 est
970 564 1071 597 navis
1109 563 1232 598 ductor
1266 565 1318 600 vel
1349 570 1479 602 rector:

93 628 144 662 vel
176 628 303 662 dicitur
327 639 347 662 a
373 629 498 670 remis,
535 637 623 672 qnae
656 631 736 661 sunt
770 629 1018 670 instrumenta,
1054 628 1180 674 quibus
1206 632 1304 664 navis
1331 631 1479 668 ducitur.

90 692 133 727 Et
157 693 283 727 dieitur
307 703 329 727 a
355 704 465 738 gyon,
491 692 585 738 quod
611 697 665 727 est
691 693 850 729 luctatio.
898 693 979 738 Ipse
1014 695 1104 729 enini
1136 695 1319 731 ecclesiam
1345 699 1477 744 guber-

89 760 184 793 navit
215 768 236 793 a
272 759 427 804 periculo
453 759 648 805 naufragii,
684 769 757 794 eain
784 759 882 793 duxit
907 759 950 794 ad
975 764 1111 804 portam
1136 762 1311 806 paradisi,
1345 775 1408 808 pro
1436 776 1479 801 ea

88 824 238 859 luctatus
269 829 322 859 est
348 829 470 860 eontra
496 825 643 859 insidias
672 824 826 870 d5aboli.

177 890 357 936 Remigius
385 902 502 937 regem
529 895 563 926 et
587 895 724 936 gentem
750 890 960 924 Francorum
988 892 1031 925 ad
1058 892 1231 926 (Ilii-istum
1258 898 1475 932 convertisse

87 957 224 991 dicitur.
272 956 433 992 Habebat
470 958 558 992 enim
592 966 654 991 rex
690 966 851 998 uxorem,
884 958 1022 991 nomine
1063 957 1274 999 ¹)Clotildin
1309 960 1474 997 christia—

87 1025 285 1067 nissimam,
326 1033 414 1069 quae
447 1024 556 1058 virum
587 1033 684 1056 suum
719 1022 897 1056 nitebatur
927 1022 972 1056 ad
1005 1021 1106 1057 sidem
1140 1030 1362 1068 convertere,
1409 1029 1472 1063 sed

85 1090 263 1134 nequibat.
314 1089 410 1129 Quae
435 1098 509 1122 cuni
534 1088 638 1121 silium
666 1089 869 1133 genuisset,
903 1089 1014 1132 ipsum
1040 1089 1224 1134 baptizare
1251 1091 1375 1135 voluit,
1410 1094 1472 1129 sed

86 1165 147 1189 rex
173 1156 310 1188 omnino
337 1154 533 1199 prohibuit:
568 1154 627 1188 illa
653 1157 766 1188 autem
794 1155 977 1199 quiescere
1003 1166 1071 1188 non
1105 1155 1224 1190 valens
1250 1157 1390 1192 tandem
1416 1161 1473 1194 vix

85 1220 152 1255 hoc
177 1230 199 1254 a
224 1230 309 1266 rege
334 1220 484 1259 obtinuit
510 1224 544 1255 et
569 1220 672 1254 tilium
699 1219 907 1265 baptizavit.
957 1220 1116 1260 Quidum
1138 1221 1337 1265 baptizatus
1364 1230 1471 1269 esset,

85 1286 200 1321 subito
236 1291 291 1322 est
320 1286 515 1321 defunctus.
566 1287 630 1320 Cui
663 1296 723 1321 rex
757 1288 823 1320 ait:
865 1296 954 1320 nunc
989 1290 1157 1331 apparet.
1192 1288 1284 1333 quod
1311 1289 1470 1327 Christus

85 1353 165 1388 vilis
191 1357 245 1388 est
268 1353 381 1395 Deus,
409 1355 466 1398 qui
496 1363 591 1394 eum,
621 1363 684 1397 per
709 1363 808 1397 quem
835 1350 921 1386 fides
949 1353 1024 1397 ejus
1051 1356 1190 1396 poterat
1217 1354 1409 1399 sublimari,
1436 1359 1470 1393 in

84 1419 156 1452 vita
180 1429 389 1454 conservare
417 1430 484 1453 non
511 1420 634 1463 potuit.
684 1418 746 1452 Cui
772 1418 850 1451 illa:
878 1418 944 1451 imo
970 1419 1003 1451 in
1031 1417 1095 1453 lioc
1121 1429 1142 1453 a
1167 1420 1239 1455 Deo
1264 1432 1340 1456 meo
1366 1423 1470 1460 valde

80 1494 133 1519 me
160 1483 262 1529 diligi
287 1485 421 1527 sentio,
448 1484 540 1530 quod
566 1485 709 1529 primum
738 1483 882 1517 fructum
909 1486 1039 1518 ventris
1062 1487 1130 1519 mei
1155 1488 1265 1531 ipsum
1291 1491 1469 1533 recepisse

82 1559 280 1596 cognosco,
317 1552 374 1596 qui
412 1561 554 1596 regnum
591 1550 758 1584 inlinitum
792 1554 850 1584 tuo
877 1550 1000 1584 melius
1027 1550 1097 1585 filio
1123 1562 1199 1586 meo
1226 1553 1376 1598 largitus
1402 1559 1466 1590 est.

81 1615 250 1661 Concepit
274 1617 383 1662 igitur
407 1617 528 1651 iterum
555 1620 588 1650 ct
615 1615 719 1650 silium
745 1616 848 1650 alium
873 1617 1028 1661 peperit,
1065 1628 1164 1662 quem
1196 1619 1286 1652 sicut
1322 1621 1466 1664 primum

81 1691 155 1716 cum
181 1682 290 1716 multa
315 1684 483 1716 instantia
507 1682 678 1727 baptizari
705 1682 807 1724 fecit,
835 1682 897 1717 sed
923 1693 1003 1717 ecce
1028 1681 1145 1717 subito
1172 1683 1380 1729 infirmatur,
1415 1688 1466 1722 ita

80 1747 173 1793 quod
201 1747 244 1782 de
269 1749 345 1793 ejus
372 1750 444 1782 vita
469 1747 686 1793 desperetur.
732 1748 897 1794 Dixitque
918 1760 979 1783 rex
1003 1750 1125 1783 uxori:
1152 1760 1233 1784 vere
1260 1750 1387 1786 debilis
1412 1757 1466 1788 est

78 1813 172 1848 Deus
196 1817 288 1856 tuus,
316 1816 372 1859 qui
391 1814 518 1848 nullum
545 1815 579 1847 in
604 1824 667 1848 suo
694 1816 831 1850 nomine
855 1814 1070 1859 baptIzatum
1097 1817 1130 1849 in
1158 1817 1229 1850 vita
1254 1826 1465 1854 conservare

78 1883 211 1924 potest,
246 1889 323 1914 nam
348 1881 378 1915 si
403 1880 497 1915 mille
521 1881 688 1926 genueris
717 1885 751 1915 et
777 1885 918 1915 cunctos
941 1880 1189 1925 baptizas-em,
1217 1893 1336 1917 omnes
1364 1885 1465 1919 simul

77 1945 250 1990 peribunt.
294 1946 362 1981 Sed
387 1951 503 1981 tamen
530 1956 618 1991 puer
642 1946 820 1980 convaluit
847 1950 880 1981 et
906 1948 1090 1980 sanitatem
1117 1949 1269 1992 recepit,
1297 1949 1345 1983 ita
1370 1951 1463 1995 quod

77 2015 158 2055 post
172 2015 301 2063 patrem
321 2014 492 2058 regnavit.
531 2012 578 2047 At
596 2012 708 2047 fidelis
730 2012 853 2047 mulier
874 2014 980 2047 virum
999 2023 1096 2046 suum
1115 2013 1157 2046 ad
1176 2012 1275 2048 fidem
1296 2015 1464 2051 reducere

77 2075 291 2119 conabatur,
325 2077 389 2111 sed
423 2078 482 2112 ille
518 2077 631 2112 modis
658 2078 816 2111 omnibus
846 2078 1046 2113 resistebat.
1097 2078 1255 2118 Qualiter
1279 2084 1392 2114 autem
1418 2081 1464 2115 ad

77 2142 177 2177 tidem
211 2152 402 2177 conversus
437 2146 514 2184 est,
555 2143 588 2176 in
631 2142 701 2175 alio
739 2142 851 2184 sesto,
893 2142 986 2187 quod
1026 2146 1080 2177 est
1115 2147 1195 2187 post
1227 2143 1461 2188 epiphaniam,

77 2209 204 2243 dictum
231 2213 295 2243 est.
345 2207 473 2243 volens
500 2211 614 2242 autem
639 2207 840 2251 praedictus
865 2218 927 2242 rex
949 2207 1147 2242 Clodoreus
1170 2208 1280 2242 sactus
1299 2209 1462 2245 christia-

76 2285 139 2309 nus
163 2274 366 2309 Remensem
393 2273 574 2308 ecclesiam
601 2272 742 2313 dotare,
769 2272 874 2307 beato
901 2273 1059 2319 Remigio
1090 2273 1187 2316 dixit,
1216 2278 1271 2316 ut,
1300 2281 1461 2321 quantum

75 2341 258 2382 circuiret,
295 2339 373 2374 dum
404 2340 481 2384 ipse
517 2339 552 2372 in
584 2337 728 2372 meridie
766 2338 950 2382 dormiret,
987 2339 1057 2373 sibi
1095 2340 1170 2374 dari
1200 2341 1314 2375 vellet.
1364 2342 1463 2382 Quod

77 2410 111 2440 et
144 2405 272 2438 facttum
307 2409 370 2439 est.
420 2405 488 2440 Sed
523 2415 597 2439 cum
629 2404 767 2450 quidam
800 2405 1032 2440 molendinum
1066 2416 1162 2439 suum
1190 2405 1343 2440 babebat
1372 2409 1463 2442 intra

75 2471 160 2506 fines
185 2470 280 2504 beati
306 2469 475 2515 Remigii,
509 2468 782 2504 molendinarius
816 2472 949 2515 ipsum,
988 2471 1065 2505 dum
1091 2472 1274 2514 circuiret,
1310 2482 1382 2506 eum
1410 2474 1462 2508 in-

77 2536 280 2583 dignatione
304 2536 442 2580 repulit.
493 2535 555 2570 Cui
580 2535 667 2569 dixit
691 2534 891 2582 Remigius:
918 2538 1049 2580 amice,
1075 2547 1144 2571 non
1171 2538 1217 2570 sit
1240 2537 1303 2572 tibi
1328 2538 1460 2583 durum,

75 2607 113 2637 ut
134 2601 201 2637 hoc
226 2600 458 2636 molendinum
485 2600 584 2635 simul
611 2599 815 2636 habeamus.
864 2601 910 2636 At
935 2602 993 2637 ille
1018 2607 1054 2637 ut
1083 2613 1157 2637 eum
1184 2604 1317 2648 rejecit,
1344 2606 1461 2640 statim

142 2747 169 2780 1)
187 2745 239 2774 Ed.
259 2750 302 2774 Pr.
323 2745 408 2779 legit:
431 2743 702 2774 chrothildin,

1096 2796 1140 2831 42
1164 2797 1182 2818 *
