1742 3005
347 127 444 178 Cap.
477 127 575 164 th.
637 127 693 163 De
726 126 1011 164 circumcisione
1039 126 1194 164 domiui.
1430 132 1477 167 231

95 232 260 269 sacerdos
287 237 321 268 et
345 243 418 268 rex·
492 233 583 268 Istae
617 233 703 267 enim
742 236 891 277 quatuor
925 243 1097 278 personae
1123 234 1203 268 oiim
1229 241 1479 270 consueverunt

95 300 226 345 inungi.
273 297 352 334 Fuit
376 300 464 333 enim
492 298 665 345 propheta
691 288 932 335 indoctrinae
957 299 1176 341 eruditione,
1211 299 1307 347 pugil
1334 301 1369 334 iu
1395 300 1476 346 dya-

92 363 165 398 boli
190 362 446 406 debellatione,
497 363 662 399 sacerdos
691 365 725 398 in
751 365 861 408 patris
886 365 1191 408 reconciliatione,
1232 375 1293 400 rex
1315 367 1350 400 in
1376 376 1477 411 prae-

94 430 237 464 miorum
264 428 505 465 retributione.
563 429 616 464 Ab
641 429 705 464 hoc
730 429 881 464 secundo
910 431 1046 463 nomine
1073 429 1349 473 denominamur,
1399 435 1480 478 quia

94 504 115 529 a
137 494 276 530 Christo
301 494 446 529 dicimur
471 494 671 532 Christiani.
728 495 778 529 De
805 505 872 540 quo
897 495 1033 528 nominc
1063 494 1113 528 sic-
1138 495 1222 529 dicit
1245 496 1479 542 Augustinus:

94 559 305 594 christianus
327 560 508 605 justitiae,
551 559 737 601 honitatis,
772 560 1010 606 integritatis,
1046 560 1258 604 patientiae,
1292 565 1478 604 eastitatis,

94 625 294 671 pudentiae‚
320 624 558 666 humanitatis,
583 625 815 666 innocentiae,
841 625 984 670 pietatis
1010 628 1063 660 est
1086 635 1221 660 nomen.
1259 625 1304 661 Et
1327 631 1363 661 tu
1387 629 1480 663 istud

96 690 270 737 quomodo
298 690 362 724 tibi
387 689 548 725 defendis
574 692 609 724 et
637 689 815 732 vindicas,
867 692 922 725 cui
948 689 990 724 de
1014 693 1083 724 tam
1109 689 1266 735 plurimis
1290 691 1394 728 rebus
1417 705 1479 729 nei·

94 765 207 801 pauca
239 755 460 791 subsistunt?
531 754 752 790 Christianus
777 758 830 790 est
855 755 934 797 ille,
984 756 1043 802 qui
1076 766 1144 790 uon
1172 759 1308 792 nomine
1334 763 1478 801 tantum,

93 820 155 857 sed
179 822 281 856 etiam
306 831 413 867 opere
438 825 501 856 cst.
553 820 645 856 Haec
669 820 897 867 Augustinus.
955 820 1110 856 Tertium
1138 832 1260 858 nomen
1289 828 1341 859 est
1363 824 1478 860 Jesus.

94 887 163 922 Hoc
188 891 303 922 autem
327 897 450 922 nomen
473 886 576 922 Jesus
603 885 790 921 seeundum
814 886 1028 921 Bernardum
1058 887 1184 923 dicitur
1219 888 1338 931 cibus,
1388 891 1478 932 sons,

93 953 274 996 medicina,
300 957 335 988 et
357 953 428 987 lux.
475 952 536 987 Hic
560 955 674 987 autem
701 951 798 986 cibus
825 952 1048 998 multiplicem
1073 952 1179 988 habet
1206 954 1384 997 effectum,
1425 962 1475 992 est

92 1021 181 1054 enim
204 1019 302 1053 cibus
324 1017 591 1059 confortativus,
617 1018 910 1063 impinguativus,
939 1018 1162 1054 roborativus
1187 1023 1221 1054 et
1244 1023 1465 1066 vegetativus

92 1083 220 1119 Deliis
244 1085 295 1118 sic
321 1083 404 1117 dicit
428 1083 648 1118 Bernardus:
699 1087 751 1117 est
780 1082 876 1117 cibus
914 1083 979 1118 hoc-
1011 1095 1134 1119 nomen
1166 1085 1281 1120 Jesus.
1330 1087 1383 1120 An
1410 1098 1475 1121 non

90 1151 194 1184 toties
218 1148 452 1191 confortaris,
495 1150 632 1194 quoties
657 1148 884 1184 recordaris?
934 1149 1021 1190 Quid
1057 1160 1168 1196 aeque
1205 1155 1350 1186 mentem
1377 1155 1473 1199 eogi-

91 1215 482 1261 tantis¹)impinguat?
509 1214 598 1254 Quid
623 1215 672 1248 ita
696 1216 908 1249 exercitatos
934 1220 1075 1260 reparat
1090 1226 1226 1255 sensus,
1250 1219 1394 1252 virtutes
1417 1230 1474 1253 ro-

91 1279 205 1323 borat,
231 1284 376 1326 vegetat
398 1279 509 1314 bonos
533 1291 647 1315 mores
673 1284 777 1326 atque
801 1283 918 1314 castas
947 1280 1043 1315 fovet
1056 1282 1288 1316 affectiones?
1315 1284 1473 1318 Secundo

90 1345 216 1380 dicitur
244 1346 335 1389 fons,
361 1346 450 1381 unde
475 1346 557 1380 dicit
585 1346 673 1380 idem
702 1345 921 1380 Ber-nardus:
945 1345 1048 1380 Jesus
1074 1351 1126 1380 est
1151 1347 1226 1380 sons
1248 1349 1339 1383 vitae
1354 1351 1472 1395 signa-

89 1415 165 1453 tus,
193 1413 250 1456 qui
275 1413 309 1445 in
335 1415 500 1456 quattuor
525 1413 618 1445 rivos
645 1422 682 1445 se
708 1410 867 1444 diffundit
895 1412 927 1443 in
949 1410 1102 1454 plateas.
1154 1411 1251 1447 Unde
1277 1415 1333 1458 qui
1363 1414 1474 1449 sactus

91 1480 146 1510 est
172 1475 273 1510 nobis
300 1478 495 1522 sapientia,
526 1478 687 1521 justitia,
725 1475 952 1510 sanctificatio
978 1480 1012 1510 et
1037 1476 1251 1521 redempti03
1301 1481 1476 1524 sapientia

92 1543 125 1575 in
150 1541 424 1586 praedicatione,
445 1543 585 1587 justitia
611 1543 644 1575 in
671 1545 888 1586 peccatorum
917 1540 1159 1585 absolutione,
1186 1544 1415 1578 sanctificatio
1441 1548 1473 1579 in

89 1608 355 1642 conversatione
381 1607 435 1642 vel
458 1609 492 1641 in
516 1608 757 1648 conversione,
786 1606 977 1651 redemptio
1003 1607 1036 1639 in
1062 1609 1238 1651 passione.
1284 1608 1471 1645 IIaecBer-

91 1671 230 1706 nardus.
279 1672 374 1707 Alibi
399 1683 536 1718 quoque
563 1673 612 1706 sic
638 1671 781 1706 dicitur:
825 1676 894 1706 tres
922 1672 987 1705 rixi
1013 1672 1184 1706 fluxerunt
1210 1682 1228 1706 a
1254 1673 1360 1717 Jesu,
1396 1686 1472 1710 vei*

90 1736 169 1770 bum
196 1736 348 1781 doloris,
374 1739 408 1772 in
435 1749 502 1784 quo
531 1742 584 1773 est
609 1738 805 1779 consessio,
831 1739 976 1783 sanguis
1002 1739 1239 1782 aspersionis,
1268 1740 1302 1773 in
1328 1751 1395 1785 quo
1422 1748 1473 1776 est

90 1802 252 1845 afflictio,
303 1813 395 1849 aqua
420 1803 694 1846 emundationis,
745 1804 778 1837 in
807 1813 875 1848 qua
899 1807 953 1837 est
980 1805 1208 1848 compunctio.
1275 1804 1396 1840 Tertio
1422 1812 1475 1842 est

90 1867 279 1911 medicina,
313 1869 403 1904 unde
427 1871 476 1904 sic
503 1871 570 1904 ait:
608 1873 662 1904 est
687 1871 791 1904 etiam
818 1867 883 1903 hoc
909 1878 1032 1904 nomen
1054 1869 1158 1904 Jesus
1183 1869 1363 1907 medicina.
1412 1872 1472 1907 Ni-

89 1933 139 1967 hil
164 1934 253 1968 enim
276 1935 327 1969 ita
350 1936 425 1970 irae
447 1936 611 1981 impetum
635 1934 794 1975 cohibet,
830 1933 1018 1979 superbiae
1041 1938 1208 1970 tumorem
1233 1936 1346 1981 sedat,
1372 1945 1475 1973 sanat

89 2001 211 2036 livoris
236 2001 381 2044 vulnus,
407 2002 589 2047 restringit
612 2001 773 2035 luxuriae
799 2000 947 2043 fluxum,
977 2002 1170 2047 exstinguit
1193 2001 1350 2038 libidinis
1376 2004 1471 2039 flam-

88 2076 199 2110 mam,
253 2068 345 2101 sitim
368 2070 560 2112 temperat,
605 2067 762 2101 avaritae
789 2071 823 2101 et
848 2067 955 2100 totius
984 2066 1166 2102 dedecoris
1194 2067 1295 2114 sugat
1319 2071 1472 2116 prurigi-

89 2143 177 2168 nem.
240 2132 372 2173 Quarto
397 2135 451 2167 est
474 2131 546 2175 lux,
573 2132 662 2167 unde
687 2133 754 2166 ait:
789 2131 879 2166 unde
904 2136 1020 2177 putas,
1048 2134 1082 2166 in
1106 2136 1180 2166 toto
1206 2132 1291 2168 orbe
1317 2138 1414 2169 tanta
1441 2141 1475 2171 et

89 2203 158 2232 tam
183 2197 301 2232 subita
325 2197 405 2233 fidei
427 2197 499 2241 lux,
524 2199 591 2231 nisi
617 2197 660 2232 de
684 2197 948 2242 praedicatione
973 2198 1028 2233 vel
1053 2198 1256 2243 praedicato
1282 2199 1379 2243 Jesu,
1409 2201 1473 2236 hoe

90 2267 144 2297 est
157 2274 294 2307 nomen,
321 2263 414 2309 quod
426 2262 554 2298 Paulus
579 2263 744 2307 portabat
767 2273 884 2298 coram
909 2263 1072 2310 gentibus
1098 2268 1270 2309 tamquam
1299 2265 1473 2301 lucernam

89 2337 195 2372 super
219 2328 476 2363 candelabrum.
526 2328 597 2363 Hoc
621 2330 744 2363 iterum
771 2333 894 2364 nomen
916 2328 1020 2364 Jesus
1047 2333 1099 2364 est
1126 2330 1254 2364 multae
1273 2332 1470 2371 suavitatis,

90 2391 179 2427 unde
204 2392 424 2427 Bernardus:
449 2396 478 2428 si
506 2393 662 2436 scribas,
688 2405 757 2428 non
780 2395 873 2438 sapit
896 2393 998 2435 mihi,
1027 2396 1093 2428 nisi
1122 2394 1242 2440 legero
1268 2395 1316 2428 ibi
1341 2395 1469 2430 Jesum.

88 2459 126 2493 Si
147 2457 304 2503 disputes
328 2467 368 2491 ac
392 2458 568 2501 conferas,
592 2469 662 2493 non
685 2460 779 2503 sapit
804 2457 898 2500 mihi,
924 2459 992 2491 nisi
1010 2461 1167 2493 sonuerit
1186 2458 1361 2495 ihiJesuS.
1386 2459 1469 2496 Item

87 2522 280 2559 Richardus
309 2522 352 2557 de
384 2523 512 2558 Sancto
548 2522 707 2557 Victore:
749 2522 852 2558 Jesus
877 2526 929 2557 est
956 2534 1078 2558 nomen
1106 2523 1224 2564 dulce,
1261 2533 1382 2559 nomen
1409 2524 1470 2559 de-

87 2587 262 2631 lectabile,
289 2599 414 2623 nomen
437 2587 639 2623 confort-ans
665 2591 883 2632 peccatorem
909 2590 941 2622 et
968 2587 1095 2623 beatae
1119 2589 1206 2633 spei.
1267 2587 1361 2635 Ergo
1386 2589 1468 2625 Jesu

154 2733 180 2766 l)
198 2734 320 2760 necent.
340 2732 441 2765 legunt
461 2732 533 2767 imp
544 2740 586 2764 ug
598 2741 612 2758 n
625 2740 638 2757 a
650 2736 669 2760 t.

1169 2788 1191 2820 (ἰ
