1742 3005
413 45 510 94 Cap.
546 44 607 79 (ΣΙ.
666 43 723 80 De
755 50 898 93 septem
932 41 1220 79 dormientibus.
1433 40 1514 78 435

614 269 741 333 cAP.
775 269 845 331 el.
888 268 1013 332 (96.)

369 371 469 415 De
499 372 751 426 septem
779 366 1261 413 dormientibus.

208 477 346 522 Septem
374 477 585 512 dormientes
613 479 646 511 in
672 478 813 511 civitate
840 475 973 520 Ephesi
999 476 1067 509 orti
1101 478 1191 508 sunt.
1238 473 1367 507 Decius
1400 476 1513 506 autem

119 544 307 588 imperator
347 553 563 588 persequens
606 542 818 576 christianos
860 552 934 575 eum
983 542 1139 575 venisset
1171 539 1366 584 Ephesum,
1407 539 1515 583 jussit

118 608 297 642 aedificari
323 609 452 653 templa
477 610 510 642 in
540 608 654 643 medio
682 609 859 649 civitatis,
894 613 930 642 ut
964 617 1083 641 omnes
1121 616 1195 639 cum
1221 617 1262 641 eo
1287 606 1516 639 miscerentur

118 673 301 708 sacrificiis
325 674 519 718 ydolorum.
569 675 652 709 Cum
693 685 779 720 ergo
804 685 923 708 omnes
953 673 1165 708 christianos
1194 672 1322 717 inquiri
1342 672 1515 716 jussisset

118 744 152 774 et
183 741 318 774 vinctos
355 745 416 775 aut
450 742 652 775 sacrificare
687 746 747 775 aut
780 742 866 774 mori
893 739 1144 784 compelleret,
1180 742 1298 771 tantus
1324 746 1513 781 poenarum

117 809 232 840 terror
265 808 397 841 cunctis
434 809 568 848 inerat,
602 807 695 853 quod
733 808 863 841 amicus
897 808 1043 839 amicum
1070 809 1104 839 et
1130 804 1234 838 tilium
1262 807 1362 847 pater
1389 807 1423 836 et
1449 812 1513 846 pa—

116 872 203 906 trem
242 871 334 906 filius
367 872 579 919 abnegabat.
628 873 729 907 Tunc
764 875 797 906 in
831 872 892 906 illa
925 870 1011 905 urbe
1044 872 1176 904 inventi
1211 872 1291 903 sunt
1330 868 1514 902 christiani

117 941 273 982 septem,
298 937 532 973 Maximianus
548 966 555 980 ‚
586 938 803 983 ¹)Malcl1us‚
832 938 1055 979 Marcianus,
1082 936 1289 980 DionysiuS,
1314 934 1511 974 Joliannes,

118 1003 292 1048 Serapion
317 1008 351 1039 ct
376 1005 647 1046 Constantinus,
674 1006 732 1050 qui
758 1004 826 1038 lioc
850 1003 1008 1037 videntes
1027 1004 1127 1036 nimis
1146 1001 1322 1036 dolebant.
1370 999 1413 1034 Et
1435 1010 1512 1033 cum

119 1074 237 1104 essent
268 1072 371 1115 primi
407 1071 551 1115 palatii,
589 1070 765 1104 sacrificia
799 1070 978 1115 ydolorum
1017 1072 1224 1113 spernentes
1259 1068 1293 1100 in
1320 1066 1422 1100 domo
1447 1075 1514 1099 sua

117 1145 156 1170 se
181 1136 344 1171 celabant
369 1140 403 1171 et
421 1138 570 1182 Jejuniis
598 1141 631 1171 et
656 1136 876 1170 orationibus
902 1135 1087 1174 vacabant,
1117 1134 1271 1167 accusati
1297 1133 1406 1178 igitur
1431 1135 1512 1166 ante

116 1201 259 1236 Decium
285 1207 484 1237 statuuntur
509 1207 543 1237 et
566 1203 784 1247 comprobati
820 1202 991 1235 veraciter
1024 1200 1206 1234 christiani
1244 1198 1325 1232 dato
1353 1199 1395 1232 iis
1420 1199 1511 1233 resi-

117 1268 277 1312 piscendi
308 1270 423 1313 spatio
459 1279 570 1314 usque
604 1268 647 1302 ad
674 1268 820 1301 reditum
846 1267 944 1301 Decii
971 1266 1212 1307 dimittuntur,
1245 1269 1282 1298 at
1316 1264 1366 1298 illi
1401 1265 1511 1309 patri-

118 1335 268 1367 monium
297 1344 394 1368 suum
420 1336 556 1368 interim
585 1336 674 1368 inter
700 1343 873 1378 pauperes
908 1332 1145 1378 expendentes
1179 1332 1266 1365 inito
1302 1330 1451 1364 consilio
1476 1332 1511 1363 in

119 1403 266 1433 montem
295 1398 416 1434 Celion
452 1404 677 1435 secesserunt
712 1404 746 1434 et
773 1399 820 1432 ibi
848 1409 927 1433 esse
960 1399 1129 1432 secretius
1155 1397 1397 1431 decreverunt.
1446 1396 1512 1430 Diu

120 1474 205 1510 ergo
239 1466 290 1499 sic
323 1465 473 1500 latentes
507 1477 595 1500 unus
624 1477 741 1500 eorum
769 1475 907 1509 semper
932 1463 1154 1497 ministrabat
1179 1467 1212 1497 et
1238 1464 1376 1507 quoties
1401 1463 1510 1496 intra-

118 1529 180 1563 bat
199 1530 332 1572 urbem,
362 1531 476 1578 figura
494 1543 531 1566 se
549 1532 695 1567 mendici
718 1536 752 1566 et
777 1530 898 1564 habitu
924 1529 1101 1564 vestiebat
1162 1527 1245 1562 Cum
1273 1538 1358 1573 ergo
1384 1527 1512 1562 Decius

120 1597 155 1629 in
179 1596 298 1631 urbem
325 1598 489 1633 rediisset
514 1603 548 1632 et
571 1608 632 1633 eos
659 1597 703 1631 ad
729 1595 990 1630 sacrificandum
1021 1596 1176 1640 perquiri
1196 1596 1386 1639 jussisset,
1417 1594 1511 1628 Mal-

121 1660 205 1696 chus
224 1664 381 1698 minister
397 1675 515 1698 eorum
535 1666 678 1699 territus
706 1663 751 1697 ad
775 1663 894 1697 socios
921 1661 1026 1696 rediit
1052 1665 1087 1695 et
1112 1661 1155 1694 iis
1182 1660 1333 1694 furorem
1358 1661 1511 1704 impera-

117 1729 206 1761 toris
232 1728 411 1763 indicavit.
461 1730 524 1769 Qui
551 1740 624 1764 eum
650 1731 809 1775 graviter
832 1732 1070 1768 terrerentur,
1106 1726 1270 1761 Male-hus
1293 1726 1424 1760 allatos
1450 1736 1512 1770 pa-

118 1804 181 1828 nes
210 1795 253 1828 iis
279 1797 465 1839 apposuit,
499 1800 536 1830 ut
569 1796 648 1830 cibo
684 1795 872 1830 contortati
909 1793 1075 1827 fortiores
1111 1792 1155 1826 ad
1190 1792 1359 1837 praelium
1385 1792 1513 1826 redde-

119 1864 249 1895 rentur.
306 1860 496 1907 Postquam
541 1867 656 1896 autem
698 1860 894 1896 coenabant
932 1860 1096 1894 sedentes
1134 1862 1168 1892 et
1200 1858 1444 1903 colloquentes
1478 1860 1513 1892 in

120 1926 213 1960 luctu
246 1930 280 1960 et
308 1926 485 1971 lacrymis,
522 1928 659 1967 subito,
694 1928 785 1961 sieut
820 1926 913 1961 Deus
948 1926 1077 1967 voluit,
1113 1925 1359 1959 dormiverunt.
1407 1923 1513 1958 Mane

122 1991 214 2025 sacto
240 2002 314 2025 cum
342 1994 494 2036 quaesiti
519 1993 669 2027 fuissent
694 1996 728 2026 et
755 1993 902 2026 inveniri
927 2002 995 2025 non
1019 1995 1166 2035 possent
1199 1994 1232 2024 et
1257 1990 1385 2023 Decius
1413 1988 1513 2022 dole-

121 2061 192 2098 ret,
219 2057 311 2102 quod
335 2057 426 2090 tales
448 2058 599 2102 juvenes
625 2056 863 2101 perdidisset,
891 2057 1050 2091 accusati
1078 2059 1177 2095 sunt,
1214 2054 1307 2099 quod
1333 2054 1515 2098 hucusque

121 2124 156 2156 in
181 2127 295 2157 monte
321 2123 444 2157 Celion
473 2122 659 2171 latuissent
693 2126 727 2156 et
762 2132 827 2156 sua
855 2121 1057 2155 christianis
1084 2119 1299 2165 pauperibus
1325 2123 1515 2165 erogantes

121 2189 156 2221 in
180 2198 243 2222 suo
270 2189 453 2233 proposito
480 2193 733 2233 permanerent.
782 2189 895 2224 Jussit
920 2197 1006 2232 ergo
1032 2186 1173 2226 Dec-ius,
1199 2190 1235 2219 ut
1260 2190 1424 2230 parentes
1454 2195 1514 2219 eo-

124 2264 196 2286 rum
222 2253 408 2295 adessent,
445 2259 479 2288 et
504 2256 729 2288 comminatus
763 2259 817 2289 est
842 2256 885 2288 iis
913 2257 1077 2294 mortem,
1109 2252 1177 2285 nisi
1205 2251 1248 2286 de
1278 2252 1320 2285 iis
1346 2251 1515 2286 dicerent.

124 2317 294 2363 quidquid
331 2321 470 2353 scirent.
519 2319 573 2353 llli
607 2325 720 2355 autem
754 2331 815 2354 eos
851 2321 1013 2354 similiter
1037 2321 1293 2352 accusaverunt
1317 2321 1350 2350 et
1375 2316 1517 2349 divitias

124 2394 207 2418 suas
245 2383 459 2428 pauperihus
497 2385 709 2429 expendisse
742 2388 925 2431 conquesti
951 2389 1041 2419 sunt.
1091 2383 1190 2417 Tune
1213 2384 1400 2428 cogitans,
1434 2380 1518 2426 quid

124 2449 168 2484 de
197 2451 240 2483 iis
267 2450 414 2491 faceret,
449 2453 534 2484 nutu
558 2449 624 2485 Dei
653 2452 764 2495 jussit
789 2462 829 2485 os
859 2451 1048 2496 speluncae
1083 2448 1260 2493 lapidibus
1287 2448 1443 2488 obstrui,
1481 2452 1519 2481 ut

126 2515 175 2549 ibi
209 2520 426 2550 morerentur
460 2515 551 2550 fame
589 2520 622 2550 et
655 2517 776 2561 inopia
801 2514 1029 2550 circumclusi.
1080 2513 1179 2554 Quod
1205 2514 1354 2547 ministri
1379 2512 1518 2558 quidem

197 2661 224 2693 1)
242 2660 295 2690 Ed.
314 2663 383 2689 Ree.
402 2660 504 2692 legunt
524 2663 696 2693 Marcus,
714 2659 991 2687 Martinianus.

1160 2711 1205 2744 98
1220 2710 1238 2728 *
