1742 3005
245 85 340 134 Cap.
372 84 552 121 ΧΧΧΙΧ.
619 85 677 122 De
708 91 836 121 sancta
869 84 1017 134 Agatha
1049 86 1203 133 virgine.
1347 84 1418 122 l7l

36 200 176 237 genere,
199 192 236 224 nt
260 190 372 224 omnis
397 189 581 235 parentela
606 199 682 224 mea
705 192 864 224 testatur.
914 190 976 223 Cui
1005 188 1236 229 Qulntianus:
1272 190 1302 223 si
1327 190 1425 235 inge-

35 264 104 290 nua
127 265 184 298 es,
233 265 294 290 eur
318 255 473 289 moribus
499 260 533 290 te
559 255 720 290 servilem
747 265 933 301 personam
960 254 1089 290 habere
1116 253 1304 290 ostendis?
1362 254 1426 289 Illa

36 320 235 366 respondit:
287 322 369 366 quia
392 321 520 356 ancilla
545 321 675 356 Christi
704 332 798 363 sum,
846 321 925 355 ideo
951 320 1113 355 servilem
1139 330 1248 355 meam
1275 319 1424 356 exhibeo

36 395 231 432 personam.
281 387 488 427 Quintianus
517 387 622 422 dixit:
664 389 694 422 si
718 391 751 421 te
778 388 963 432 ingenuam
989 385 1088 427 dicis,
1116 386 1288 430 quomodo
1318 387 1426 421 ancil-

36 453 102 486 lam
127 453 287 488 asseris?
332 452 398 487 Illa
422 452 622 498 respondit:
672 461 803 486 summa
829 452 1028 496 ingenuitas
1056 454 1131 493 est,
1157 453 1191 484 in
1218 462 1287 496 qua
1313 454 1425 487 serri-

36 523 91 553 tus
119 518 247 553 Christi
271 517 526 563 comprobatur.
577 517 783 559 Quintianus
810 517 915 551 dixit:
942 516 1035 562 elige
1063 516 1156 562 quod
1176 517 1340 561 voluer1s‚
1368 524 1425 553 aut

37 584 170 619 seilicet
192 583 266 618 Diis
291 583 489 618 sacrificare
515 587 575 617 aut
599 582 740 618 diversa
765 583 938 628 supplicia
961 583 1146 618 sustinere.
1184 583 1245 618 Cui
1265 583 1426 629 Agatha:

37 651 84 684 sit
107 649 189 684 talis
213 659 302 683 uxor
325 652 397 690 tua,
423 647 538 694 qualis
563 648 681 684 Venus
706 648 780 684 Dea
803 653 876 691 tna,
903 652 936 684 et
962 652 998 682 tu
1022 649 1104 684 talis
1130 649 1192 691 sis,
1221 649 1336 695 qualis
1363 650 1427 684 fuit

37 715 130 751 Deus
160 718 241 749 tuus
272 713 420 759 Jupiter.
494 714 591 749 Tune
622 715 829 755 Quintianus
861 716 971 759 Jussit
1004 725 1079 750 eam
1105 716 1219 760 alapis
1247 716 1348 750 caedi
1374 715 1425 750 di-

37 790 138 815 ceus:
189 781 223 814 in
251 781 412 826 injuriam
433 779 563 825 judicis
589 780 661 814 noli
684 782 869 816 temerario
897 791 958 815 ore
982 782 1131 827 garrire.
1201 781 1345 828 Agatha
1371 793 1425 817 rc-

37 846 198 892 spondit:
223 847 330 880 miror
352 849 386 880 te
412 847 521 880 virum
546 846 749 891 prudentem
779 846 825 881 ad
849 850 981 880 tantam
1006 846 1188 881 stultitiam
1215 847 1425 889 devolutum,

38 917 75 948 ut
98 912 178 947 illos
203 911 299 946 dieas
326 911 418 947 Deos
440 915 516 946 tuos
543 922 640 955 esse,
688 923 832 958 quorum
860 914 962 946 vitam
987 923 1055 947 non
1080 914 1201 958 cupias
1227 917 1319 947 tuam
1344 924 1427 948 con-

33 980 154 1025 jugem
181 978 235 1013 vel
259 982 293 1013 te
320 979 468 1020 imitari,
523 982 559 1012 ut
583 977 679 1011 dicas
705 977 768 1011 tibi
793 979 954 1023 injuriam
982 979 1078 1021 lieri,
1129 980 1160 1012 si
1184 989 1301 1013 eorum
1330 981 1427 1014 vivas

38 1043 209 1089 exemplo.
237 1043 323 1078 Nam
347 1045 376 1078 si
403 1044 466 1079 Dei
490 1045 541 1078 tui
568 1047 648 1078 sunt
666 1042 761 1086 honi,
790 1043 915 1078 bonum
941 1044 1004 1078 tihi
1030 1046 1164 1089 optavi,
1190 1047 1218 1078 si
1234 1049 1348 1080 autem
1366 1057 1426 1080 ex-

38 1111 188 1145 secraris
213 1120 330 1145 corum
357 1110 546 1152 consortia,
572 1119 702 1144 mecum
729 1111 850 1144 sentis.
878 1111 1084 1150 Quintianus
1111 1110 1213 1146 dixit:
1242 1111 1324 1156 quid
1344 1111 1426 1145 mihi

38 1175 233 1221 superfluus
260 1175 442 1210 verborum
467 1177 616 1210 cursus?
685 1175 755 1210 Aut
787 1176 948 1210 sacrifica
980 1176 1054 1210 Diis
1081 1180 1139 1210 aut
1165 1180 1197 1210 te
1225 1176 1349 1211 faciam
1375 1176 1426 1211 di-

40 1242 149 1277 versis
172 1241 354 1287 suppliciis
378 1243 533 1277 interire.
568 1241 710 1287 Agatha
735 1242 934 1287 respondit:
953 1244 982 1276 si
1010 1242 1105 1276 seras
1132 1241 1213 1275 mihi
1231 1244 1426 1287 promittas,

39 1306 157 1341 audito
181 1306 311 1342 Christi
337 1309 474 1343 nomine
505 1310 769 1349 mansuescunt,
820 1308 851 1341 si
876 1309 992 1353 ignem
1018 1306 1210 1351 adhibeas,
1260 1308 1302 1343 de
1328 1309 1426 1344 coelo

40 1371 122 1407 mihi
147 1383 261 1407 rorem
286 1373 474 1407 salvificum
502 1373 621 1419 angeli
646 1372 911 1415 ministrabunt,
959 1375 989 1407 si
1024 1373 1150 1418 plagas
1180 1374 1233 1408 vel
1258 1378 1430 1409 tormenta

40 1440 203 1484 ingeras,
249 1437 364 1473 habeo
397 1440 556 1483 spiritum
589 1442 766 1481 sanctum,
817 1449 880 1483 per
914 1450 1013 1484 quem
1055 1439 1211 1484 despicio
1253 1441 1426 1475 universa.

41 1503 138 1539 Tune
159 1505 268 1549 jussit
292 1514 367 1539 eam
391 1504 483 1538 trahi
509 1504 552 1538 ad
579 1514 766 1547 carcerem,
794 1506 877 1549 quia
904 1516 986 1539 voce
1014 1516 1088 1540 eum
1116 1506 1253 1549 publice
1281 1506 1425 1540 confun-

38 1569 157 1612 debat,
182 1569 226 1604 ad
254 1580 355 1615 quem
379 1570 571 1606 laetissime
599 1574 633 1605 et
656 1569 852 1615 glorianter
876 1570 949 1604 ibat
976 1576 1009 1606 et
1034 1573 1135 1617 quasi
1160 1571 1203 1605 ad
1232 1572 1355 1616 epulas
1376 1573 1427 1606 in<

40 1637 150 1670 vitata
179 1634 328 1682 agonem
359 1646 456 1670 suum
489 1635 627 1671 domino
660 1635 934 1670 commendabat.
1008 1638 1175 1682 Sequenti
1200 1637 1256 1673 die
1282 1638 1370 1672 dixit
1398 1640 1428 1673 ei

41 1703 267 1742 Quintianus:
315 1701 455 1748 abnega
480 1701 653 1736 Christum
679 1705 714 1736 et
739 1701 851 1736 adora
876 1702 979 1737 Deos.
1030 1704 1127 1743 Quae
1152 1714 1227 1738 eum
1252 1709 1426 1742 renueret,

36 1769 144 1813 Jnssit
167 1777 243 1802 eam
269 1769 304 1802 in
329 1768 513 1813 equuleum
539 1767 705 1813 suspendi
727 1771 761 1803 et
784 1770 962 1813 torqueri,
989 1769 1146 1814 dixitque
1170 1769 1335 1815 Agatha:
1363 1781 1430 1816 ego

40 1836 75 1874 iu
101 1832 154 1868 his
179 1835 302 1879 poenis
326 1835 376 1868 ita
402 1834 576 1877 delector,
626 1835 714 1868 sicut
747 1836 805 1880 qui
836 1834 963 1869 honum
987 1836 1140 1869 nuntium
1167 1835 1264 1869 audit
1288 1839 1348 1870 aut
1373 1839 1432 1881 qui

44 1899 148 1942 videt,
175 1910 274 1945 quem
299 1899 357 1934 diu
382 1899 610 1944 desideravit,
638 1904 699 1935 aut
721 1902 779 1946 qui
803 1901 928 1935 multos
954 1901 1142 1936 thesauros
1170 1903 1313 1937 invenit.
1355 1902 1431 1937 Non

43 1967 130 2001 enim
155 1970 273 2010 potest
293 1966 444 2000 triticum
467 1967 504 2000 in
528 1965 690 2002 horreum
715 1968 811 2012 poni,
837 1968 905 2001 nisi
930 1966 1033 2001 theca
1055 1967 1161 2002 suerit
1188 1968 1326 2002 fortiter
1349 1979 1427 2002 con-

43 2031 179 2065 culcata
203 2035 239 2066 et
263 2033 295 2065 in
321 2031 432 2076 paleis
460 2031 613 2067 redacta.
679 2032 737 2067 Sic
762 2034 877 2067 anima
902 2043 980 2067 mea
1003 2044 1072 2067 non
1095 2038 1212 2078 potest
1237 2037 1369 2070 intrare
1397 2037 1430 2070 in

44 2096 244 2142 paradisum
271 2107 346 2131 cum
373 2097 491 2142 palma
513 2099 682 2140 martirii,
709 2099 776 2132 nisi
803 2099 992 2145 diligenter
1018 2100 1143 2135 feceris
1169 2110 1296 2146 corpus
1322 2111 1431 2136 meum

44 2162 309 2197 atcarnilicibus
333 2166 525 2199 attrectari.
581 2163 679 2199 Tunc
701 2165 812 2199 iratus
839 2166 1045 2205 Quintianus
1065 2167 1174 2211 jussit
1198 2168 1275 2212 ejus
1301 2167 1433 2201 mamil-

45 2228 111 2262 lam
135 2230 291 2274 torqueri
318 2233 352 2264 et
376 2233 501 2264 tortam
529 2230 721 2265 diutissime
741 2231 851 2276 jussit
873 2230 1020 2267 absc-idi.
1069 2233 1131 2266 Cui
1161 2232 1322 2278 Agatha:
1372 2235 1414 2267 iin

0 2303 2 2342 5
46 2294 102 2338 pie
127 2293 276 2328 crudelis
302 2298 337 2330 et
357 2295 430 2330 dire
455 2299 620 2341 tyranne,
669 2306 738 2330 non
763 2307 800 2332 es
833 2297 998 2332 confusus
1024 2302 1204 2343 amputare
1230 2300 1265 2332 in
1292 2298 1431 2334 femina.

47 2358 138 2405 quod
171 2360 248 2404 ipse
269 2362 304 2394 in
327 2366 436 2396 matre
461 2363 615 2397 suxisti?
683 2361 762 2408 Ego
785 2362 900 2397 haheo
925 2364 1095 2398 mamillas
1120 2365 1277 2409 integras
1303 2364 1337 2396 in
1362 2365 1433 2397 ani-

0 2435 1 2451 ³
48 2434 102 2458 ina
127 2434 221 2466 mea,
272 2434 315 2459 ex
339 2425 466 2470 quibus
489 2429 604 2462 nutrio
631 2439 750 2464 omnes
776 2438 900 2463 sensus
927 2439 1045 2471 meos,
1096 2438 1182 2473 quas
1217 2428 1261 2462 ab
1287 2429 1436 2463 infantia

0 2499 3 2529 ἐ
47 2490 185 2525 domino
211 2494 425 2526 consecrari.
484 2492 580 2527 Tune
608 2494 716 2538 jussit
746 2504 821 2528 eam
848 2495 883 2527 in
908 2503 1081 2529 carcerem
1109 2495 1217 2539 recipi
1245 2493 1435 2539 prohibens

48 2557 243 2602 ingressum
277 2557 486 2592 medicorum
518 2563 552 2593 et
584 2568 721 2603 panem
742 2558 796 2593 vel
832 2569 956 2604 aquam
991 2559 1059 2594 sibi
1094 2558 1138 2594 ab
1173 2560 1291 2605 aliquo
1319 2562 1438 2594 minis-

49 2623 145 2656 trari.
216 2621 261 2656 Et
286 2633 365 2659 ecce
403 2626 494 2659 cirea
524 2624 669 2659 inediam
702 2628 834 2658 noctem
862 2626 957 2660 venit
983 2625 1026 2660 ad
1053 2635 1125 2660 eam
1151 2626 1289 2671 quidam
1316 2637 1436 2664 senex.

50 2696 147 2731 quem
172 2689 403 2725 'antecedebat
428 2701 514 2735 puer
537 2690 674 2725 luminis
701 2693 869 2735 portitor.
915 2691 1055 2727 diversa
1081 2702 1196 2727 seeum
1225 2693 1338 2727 serens
1364 2702 1416 2727 me
