1742 3005
280 92 362 133 378
491 94 586 144 Cap.
629 93 834 131 Lxxxlx.
893 95 952 133 De
981 103 1112 134 sancio
1145 97 1257 135 Petro
1289 98 1475 149 apostolo.

280 201 469 246 dispersit,
501 202 537 233 ut
562 208 604 233 ea
630 197 723 243 apud
749 199 972 235 catacumbas
997 201 1233 247 dimitterent,
1268 203 1332 239 sed
1357 215 1431 239 eum
1457 203 1668 245 dubitarent,

280 277 368 313 quae
394 274 479 300 ossa
504 269 622 300 essent
646 265 744 300 beati
762 264 857 300 Petri
881 270 916 301 et
940 276 1029 312 quae
1052 266 1151 302 beati
1168 268 1280 312 Pauli,
1305 270 1486 305 orantibus
1506 270 1669 305 fidelibus

276 339 311 369 et
341 333 489 379 jejuniis
518 330 763 365 insistentibus
799 330 841 366 de
867 332 966 367 coelo
997 334 1047 368 eis
1075 343 1281 379 responsum
1309 340 1382 370 est:
1415 338 1551 381 majora
1584 345 1668 370 ossa

276 403 357 434 sunt
380 397 636 443 praedicatoris
652 425 660 439 ‚
694 398 829 431 minora
853 408 937 433 vero
961 400 1172 444 piscatoris,
1210 404 1244 435 et
1276 402 1329 435 sio
1363 411 1447 435 ossa.
1479 412 1519 436 se
1543 401 1587 436 ab
1613 403 1665 435 in<

274 467 385 500 vicem
421 467 676 509 separaverunt
702 467 736 498 et
768 465 803 497 in
831 465 905 498 suis
933 464 1113 507 ecclesiis,
1151 476 1240 511 quas
1274 466 1420 502 cuilibet
1454 466 1667 502 aedificave-

276 535 373 573 rant,
408 532 614 575 posueruut.
663 528 736 564 Alii
769 540 851 564 vero
892 529 1029 573 dicunt,
1077 532 1171 577 quod
1208 532 1512 577 silvesterpapa
1544 531 1666 567 volens

274 597 443 633 ecelesias
470 605 682 631 consecrare
708 599 778 629 tam
805 606 933 641 magna
958 607 1059 642 quam
1090 607 1199 643 parva
1224 609 1308 633 ossa
1340 600 1376 632 in
1399 598 1499 633 lance
1534 607 1667 631 summa

273 664 471 698 reverentia
496 662 708 707 ponderavit
732 665 766 695 et
791 661 1013 697 medietatem
1050 664 1084 697 in
1114 674 1184 698 una
1207 664 1358 699 ecclesia
1385 669 1420 699 et
1445 663 1665 699 medietatem

272 731 306 763 in
330 729 402 762 alia
426 727 624 761 collocavit.
672 726 793 761 Refert
819 726 1013 773 Gregorius
1044 729 1078 762 in
1112 728 1286 776 dsfflogo,
1322 730 1416 776 quod
1447 731 1481 763 in
1514 730 1666 765 ecelesia

271 795 383 828 saneti
407 793 522 835 Petri,
560 794 621 828 ubi
656 803 783 837 corpus
811 794 889 838 eJ'us
915 795 1128 838 requiescit,
1162 796 1216 829 vir
1241 795 1380 840 qnidam
1415 800 1510 837 erat,
1542 796 1663 841 Agon-

271 862 339 895 tius
364 861 513 901 nomine,
540 869 688 905 magnae
715 858 921 893 humilitatis
949 862 983 893 et
1008 860 1208 893 sanctitatis
1235 862 1422 895 exsistens.
1473 860 1554 895 Cum
1579 872 1662 896 vero

270 926 442 971 quaedam
464 924 583 970 puella
602 924 788 970 paralitica
804 926 838 958 in
855 925 931 970 ejus
949 925 1099 960 ecelesia
1117 936 1324 970 permanens
1345 926 1505 960 manibus
1524 929 1664 971 reperet

270 997 304 1028 et
325 992 508 1026 dissolutis
527 991 669 1026 renibus
697 995 731 1026 et
751 990 898 1035 pedibus
917 1001 1044 1035 eorpus
1069 1002 1133 1036 per
1157 996 1284 1028 terram
1312 992 1472 1027 traheret
1495 992 1622 1038 diuque
1641 1001 1663 1026 a.

268 1058 373 1092 beato
392 1057 495 1092 Petro
513 1059 697 1092 sanitatem
725 1061 873 1102 peteret,
900 1058 932 1092 ei
954 1068 1019 1101 per
1044 1058 1212 1092 visionem
1239 1058 1377 1092 adstitit
1402 1058 1542 1093 dicens:
1569 1057 1661 1092 vade

266 1124 311 1158 ad
330 1124 519 1169 Agontium
540 1124 812 1156 mansionarium
836 1127 869 1157 et
893 1124 970 1167 ipse
988 1127 1022 1157 te
1047 1123 1152 1157 saluti
1181 1125 1353 1159 restituet.
1404 1125 1529 1168 Coepit
1552 1125 1661 1169 igitur

266 1191 328 1225 illa
366 1200 430 1234 per
462 1188 633 1224 eeclesiae
671 1188 751 1222 loca
790 1198 828 1222 se
867 1187 932 1222 huc
963 1193 1068 1234 atque
1102 1190 1183 1224 illue
1206 1190 1348 1224 trahere
1381 1194 1426 1231 et,
1461 1190 1539 1234 quis
1564 1194 1660 1224 esset

265 1258 453 1303 AgentinS,
490 1256 730 1300 investigare,
763 1255 819 1288 eui
843 1259 989 1299 repente
1014 1254 1152 1289 obviam
1188 1256 1266 1300 ipse
1303 1256 1415 1289 sactus
1448 1259 1520 1297 est,
1558 1266 1657 1300 quem

264 1322 479 1368 quaerebat,
517 1323 620 1367 eique
653 1320 765 1354 dixit:
805 1324 929 1365 pastor
964 1325 999 1356 et
1030 1322 1182 1355 nutritor
1218 1325 1339 1355 noster
1375 1320 1500 1355 beatus
1534 1320 1657 1356 Petrus

262 1388 447 1433 apostolus
472 1386 516 1421 ad
541 1391 576 1421 te
601 1378 653 1421 nie
679 1387 792 1429 misit,
826 1390 863 1420 ut
895 1386 938 1421 ab
976 1386 1176 1421 infirmitate
1210 1396 1288 1421 mea
1324 1396 1377 1420 me
1402 1386 1545 1423 liberes.
1594 1386 1657 1421 Cui

261 1454 320 1489 ille
350 1453 551 1498 respondit:
585 1454 616 1487 si
651 1454 695 1486 ab
731 1440 808 1497 ipso
844 1454 953 1487 missa
987 1463 1045 1495 es,
1084 1462 1212 1498 surge,
1251 1438 1553 1498 apprehensaque
1580 1454 1656 1498 ejus

261 1530 362 1554 mauu
387 1521 500 1564 ipsam
527 1519 659 1553 levavit
684 1518 816 1564 illaque
842 1518 937 1552 nullo
965 1518 1148 1564 languoris
1169 1519 1319 1563 vestigio
1337 1523 1536 1553 remanente
1553 1518 1656 1563 plene

260 1589 386 1620 sanata
411 1585 488 1619 fuit.
536 1584 574 1618 In
600 1583 723 1618 eodem
750 1595 888 1630 quoqne
913 1584 1005 1618 libre
1032 1586 1082 1618 ait
1107 1583 1322 1630 Gregorius,
1349 1583 1442 1629 qnod
1470 1582 1571 1618 Galla
1597 1595 1655 1618 ur-

258 1652 314 1686 bis
347 1651 477 1686 Romae
511 1650 733 1685 nobilissima
766 1650 885 1696 puella
919 1649 1115 1696 Symmachi
1152 1650 1307 1684 consulis
1340 1659 1383 1684 ae
1408 1651 1549 1695 patricii
1584 1650 1656 1685 iilia

258 1719 383 1751 marito
410 1717 542 1752 tradita
567 1718 601 1751 in
626 1718 727 1751 unius
753 1717 835 1750 anni
859 1718 974 1760 spatio
1014 1717 1090 1761 ejus
1125 1720 1179 1751 est
1203 1720 1314 1751 morte
1339 1716 1495 1751 viduata.
1545 1716 1652 1756 Quam

258 1782 338 1816 dum
363 1782 407 1816 ad
435 1783 630 1817 iterandum
654 1767 843 1816 thalamum
869 1785 968 1815 aetas
1005 1785 1038 1816 et
1064 1791 1149 1825 opes
1176 1786 1364 1823 vocarent,
1397 1782 1506 1827 elegit
1540 1783 1652 1827 magis

257 1847 500 1892 spiritualibus
526 1848 658 1892 nuptiis
683 1847 843 1891 copulari
869 1846 965 1889 Deo,
1001 1847 1037 1880 in
1062 1846 1187 1891 quibus
1212 1856 1233 1880 a
1260 1846 1354 1880 luctu
1377 1848 1553 1891 incipitur,
1587 1847 1650 1881 sed

256 1913 300 1948 ad
328 1918 473 1949 aeterna
495 1912 627 1959 gaudia
654 1914 865 1958 pervenitur,
893 1922 994 1957 quam
1014 1898 1369 1957 oariialibus‘nuptiis
1394 1912 1534 1957 subjici,
1554 1923 1651 1958 —quae

256 1991 277 2014 a
315 1980 452 2014 laetitia
487 1990 626 2024 semper
661 1980 850 2023 incipiunt,
897 1978 961 2013 sed
995 1977 1041 2012 ad
1087 1978 1188 2013 finem
1231 1988 1306 2012 eum
1353 1979 1447 2012 luetu
1491 1978 1648 2013 tendunt.

255 2045 342 2079 lluio
368 2050 484 2079 autem
511 2056 585 2079 eum
611 2045 712 2079 valde
740 2046 1078 2091 ignea-conspersio
1105 2045 1264 2089 corporis
1290 2045 1434 2087 inesset,
1460 2034 1651 2088 coeperniit

255 2111 382 2145 medici
417 2111 557 2153 dicere,
597 2112 699 2156 quia,
723 2113 792 2145 nisi
817 2111 862 2145 ad
887 2110 1068 2156 amplexus
1103 2112 1169 2145 viri
1205 2110 1355 2152 rediret,
1399 2110 1517 2145 calore
1542 2111 1648 2145 nimio

253 2180 375 2210 contra
399 2181 556 2211 naturam
581 2177 724 2211 barbam
751 2176 917 2211 habitura
943 2180 1048 2211 esset.
1098 2176 1198 2216 Quod
1238 2178 1287 2210 ita
1315 2179 1396 2220 post
1424 2176 1550 2210 sactum
1576 2180 1648 2211 cst:

253 2241 316 2277 sed
341 2242 404 2276 illa
426 2243 512 2276 nihil
537 2244 692 2278 exterius
719 2243 952 2279 deformitatis
977 2244 1110 2284 timuit,
1146 2241 1239 2287 quod
1265 2243 1465 2277 interiorem
1494 2243 1646 2286 speciem

253 2310 397 2349 amavit,
436 2319 501 2343 nec
527 2310 637 2343 verita
664 2313 736 2351 est,
777 2310 807 2343 si
845 2309 912 2343 hoc
945 2311 979 2343 in
1006 2318 1048 2343 ea
1076 2307 1300 2350 foedaretur,
1334 2307 1428 2353 qnod
1453 2318 1475 2342 a
1499 2308 1646 2358 coelesti

251 2385 383 2418 sponso
409 2386 478 2409 non
502 2378 688 2409 amaretur.
737 2374 886 2420 Abjeeto
924 2376 1032 2420 igitur
1065 2374 1240 2409 saeculari
1264 2374 1386 2408 habitu
1411 2374 1505 2419 apud
1529 2373 1642 2409 eecle-

251 2442 340 2475 siam
365 2442 479 2475 saneti
504 2440 599 2475 Petri
624 2441 838 2475 monasterio
865 2452 903 2475 se
931 2440 1029 2476 dedit
1061 2440 1179 2486 ibique
1213 2443 1345 2475 nostris
1371 2443 1471 2476 annis
1499 2442 1534 2474 in
1558 2441 1639 2473 sim-

252 2507 408 2551 plicitate
445 2506 666 2541 orationibus
701 2511 736 2541 et
776 2506 977 2542 elemosinis
1013 2507 1087 2542 Deo
1127 2507 1281 2541 servivit.
1331 2506 1488 2542 Tandem
1524 2507 1640 2539 caneri

252 2573 370 2607 ulcere
393 2574 426 2607 in
452 2572 638 2607 mammilla
671 2582 854 2618 pereussa,
881 2573 959 2608 dum
981 2577 1061 2608 ante
1087 2574 1164 2618 ejus
1191 2572 1316 2607 lectum
1337 2571 1404 2605 duo
1426 2570 1640 2605 candelabra

253 2647 389 2681 semper
416 2638 595 2679 lucerent,
624 2639 707 2683 qnia
733 2639 828 2674 velut
853 2639 964 2674 amica
989 2638 1076 2673 lucis
1107 2649 1174 2673 uon
1199 2637 1309 2672 solum
1334 2635 1548 2680 spirituales,
1575 2636 1637 2671 sed

253 2707 285 2736 et
311 2703 514 2748 corporales
539 2703 704 2740 tenebras
731 2704 812 2740 odio
832 2704 998 2747 habebat,
1024 2704 1108 2739 vidit
1127 2703 1263 2738 beatum
1284 2701 1420 2738 Petrum
1439 2702 1635 2748 apostolum
