1742 3005
405 65 502 114 Cap.
533 62 737 100 LXXVIII.
797 62 856 100 De
885 69 1017 99 sancta
1050 61 1278 98 Fen-onena.
1459 61 1537 98 343

572 191 698 255 cAP.
733 190 962 254 LXXVIII.
997 191 1119 254 (73.)

355 295 463 338 lle
512 293 786 339 sancta
832 290 1303 338 Petronella.

229 385 453 435 Petr‘onellffi
487 393 587 439 eujus
621 394 723 426 vitam
758 397 898 427 sanetus
928 393 1118 429 Marcellus
1156 395 1317 438 scripsit,
1360 392 1426 426 fuit
1460 392 1529 426 filla

140 457 251 490 sancti
276 456 370 491 Petri
402 458 573 503 apostoli,
611 467 701 503 quae
735 467 810 491 cum
843 459 944 492 nimis
969 461 1133 503 speciosa
1159 463 1254 494 esset
1279 462 1312 493 et
1337 469 1378 493 ex
1407 457 1527 492 volun-

138 525 209 556 tate
234 524 343 567 patris
369 523 525 557 febribus
552 523 750 564 laboraret,
786 522 1082 558 discumbentibus
1113 523 1205 568 apud
1243 534 1318 558 eum
1346 523 1528 567 discipulis

137 586 225 621 dixit
249 587 292 622 ad
322 598 398 622 cum
424 588 547 622 Titus:
582 598 655 621 cum
691 597 809 621 omnes
844 597 864 621 a
888 592 923 622 te
951 593 1119 624 sanentur
1143 588 1285 631 infirmi,
1320 599 1381 623 cur
1404 588 1527 623 Petro-

135 653 261 688 nellam
282 653 406 698 Jacere
431 653 633 698 permittis?
681 651 743 687 Cui
768 651 910 688 Petrus:
938 656 1020 700 quia
1046 656 1096 689 sic
1122 656 1154 690 ei
1182 654 1334 700 expedit.
1379 653 1526 689 Verum-

135 723 248 752 tamen
271 728 315 752 ne
343 721 484 762 putetur
508 717 777 766 impossibilitas
808 720 971 754 sanitatis
1001 720 1077 764 ejus
1102 722 1187 754 meis
1214 719 1435 755 sermonibus
1463 729 1524 754 ex-

133 785 269 826 cusari,
294 784 344 818 ait
368 783 412 817 ad
437 783 551 818 illam:
589 794 707 829 surge,
736 783 949 827 Pon-onena,
980 785 1135 819 velocius
1168 790 1201 820 et
1225 786 1384 820 ministra
1408 786 1522 820 nohis,

132 850 229 889 Quae
263 851 379 883 statim
414 853 539 883 sanata
571 851 726 883 surrexit
765 854 799 884 et
843 852 886 883 iis
922 852 1141 885 ministravit.
1192 851 1373 896 Completo
1409 855 1524 885 autem

130 916 324 950 ministerio
349 915 438 949 dixit
462 914 605 949 Petrus:
631 914 843 957 petronella,
872 915 948 950 redi
973 916 1017 950 ad
1044 916 1168 950 lectum
1193 921 1306 958 tuum3
1335 926 1425 961 quae
1449 919 1521 949 sta-

128 982 187 1015 tim
204 981 309 1016 rediit
327 986 361 1016 et
383 985 420 1015 ut
446 982 542 1025 prius
569 979 728 1014 febribus
755 979 919 1015 laborare
946 984 1084 1027 coepit;
1112 988 1148 1018 at
1171 983 1229 1017 ubi
1257 985 1291 1016 in
1312 981 1378 1017 Ilei
1405 992 1522 1015 amore

126 1049 245 1092 coepit
270 1057 348 1082 esse
375 1046 553 1091 perfecta,
587 1055 661 1080 eam
692 1046 847 1090 perfecte
886 1050 1036 1083 sanarit.
1087 1048 1210 1084 Comes
1243 1050 1352 1094 igitur
1376 1047 1520 1081 Flaccus

126 1112 170 1147 ad
210 1099 284 1148 eam
320 1114 436 1155 venit,
471 1115 509 1146 ut
544 1113 655 1156 ipsam
689 1116 833 1156 propter
858 1114 934 1157 ejus
962 1114 1256 1158 pulchritudinem
1284 1115 1460 1158 acciperet
1485 1114 1519 1145 in

66 1174 69 1175 ⁷
124 1189 288 1220 uxorem,
323 1179 377 1213 cui
413 1178 475 1211 illa
508 1177 707 1221 respondit:
745 1178 774 1211 si
811 1188 863 1211 me
890 1179 923 1211 in
950 1190 1091 1214 uxorem
1127 1180 1330 1221 desideras,
1363 1179 1451 1225 jube
1475 1177 1517 1212 ad

124 1255 178 1279 me
203 1246 359 1291 virgines
384 1244 525 1285 venire,
566 1253 655 1288 quae
691 1254 745 1277 me
779 1254 889 1288 usque
927 1245 970 1278 ad
999 1244 1135 1279 domum
1159 1250 1251 1280 tuam
1278 1245 1431 1279 debeant
1456 1254 1515 1277 so-

124 1312 230 1346 ciare.
281 1310 375 1350 Quas
401 1301 475 1343 cum
511 1309 571 1342 ille
607 1313 773 1353 pararet,
810 1308 1010 1344 Petronella
1039 1311 1186 1356 jejuniis
1226 1315 1259 1345 et
1295 1308 1515 1344 orationibus

124 1377 287 1410 insistere
311 1376 429 1419 coepit
455 1378 489 1408 et
513 1384 639 1418 corpus
667 1373 797 1407 domini
823 1376 1021 1419 suscipiens
1044 1385 1083 1409 ac
1107 1377 1141 1409 in
1168 1376 1259 1411 lecto
1277 1386 1314 1410 se
1341 1374 1513 1409 reclinans

121 1446 203 1487 post
228 1440 379 1475 triduum
405 1440 449 1473 ad
477 1439 648 1473 dominum
674 1441 847 1485 migrarit.
896 1439 1040 1474 Flaccus
1068 1441 1225 1475 delusum
1259 1452 1298 1475 se
1322 1440 1444 1474 videns
1469 1439 1513 1472 ad

119 1505 308 1542 Feliculam
329 1507 458 1540 sociam
474 1504 695 1539 petronellae
722 1515 760 1539 se
787 1507 958 1540 convertit
984 1509 1028 1547 et,
1054 1510 1091 1539 ut
1115 1510 1174 1540 aut
1199 1507 1265 1540 sibi
1284 1505 1431 1540 nuberet
1456 1507 1513 1537 aut

118 1572 234 1617 ydolis
254 1572 460 1610 immolaret,
482 1572 671 1615 praecepit.
714 1570 813 1611 Quod
832 1581 906 1604 cum
924 1570 984 1604 illa
1001 1575 1183 1617 utrumque
1206 1575 1379 1612 renueret,
1406 1580 1510 1615 prae-

121 1638 232 1673 fectus
270 1642 403 1682 septem
440 1636 564 1671 diebus
600 1638 675 1671 sine
709 1636 787 1670 cibo
818 1640 851 1670 et
885 1640 967 1680 potu
993 1637 1026 1670 in
1052 1647 1195 1672 carcere.
1220 1647 1293 1672 eam
1322 1647 1402 1672 esse
1430 1636 1513 1669 fecit

120 1708 155 1738 et
181 1702 401 1748 postmodum
428 1703 462 1736 in
487 1701 635 1747 equuleo
662 1705 786 1736 tortam
814 1701 944 1736 occidit
969 1711 1008 1735 ac
1041 1703 1117 1747 ejus
1144 1713 1270 1747 corpus
1296 1704 1331 1736 in
1357 1701 1510 1736 cloacam

118 1769 288 1814 proJecit;
317 1778 417 1813 quam
441 1771 557 1801 tamen
582 1771 723 1801 sanctus
749 1766 957 1802 Nicodemus
985 1767 1126 1802 elevans
1152 1769 1336 1814 sepelivi13
1372 1767 1463 1802 unde
1490 1777 1510 1801 a

118 1834 242 1869 Flacco
270 1834 394 1868 comite
410 1832 622 1867 Nicodemus
649 1834 844 1867 accersitur
881 1837 915 1868 et
940 1834 1141 1868 sacrificare
1166 1845 1318 1869 renuens
1346 1833 1507 1879 plumba-

116 1902 161 1934 tis
195 1899 355 1935 caeditur
387 1902 422 1933 et
453 1899 488 1933 in
523 1898 688 1944 Tyberim
724 1908 851 1943 corpus
889 1901 965 1944 ejus
1004 1901 1209 1946 projicitur,
1254 1900 1315 1936 sed
1354 1911 1374 1935 a
1407 1899 1507 1934 Justo

115 1965 243 2000 clerico
267 1965 405 2001 levatur
432 1968 468 1999 et
491 1962 683 1998 honorifice
709 1964 888 2008 sepelitur.

552 2186 677 2248 GAP.
713 2187 901 2249 LXXIX.
948 2187 1073 2251 (74.)

315 2287 416 2331 De
444 2286 665 2331 sancto
695 2287 891 2333 Petro
922 2285 1304 2332 exorcista¹).

205 2384 328 2419 Petrus
364 2385 540 2418 exorcista
574 2384 651 2418 dum
691 2385 734 2419 ab
764 2386 950 2420 Archemio
983 2388 1018 2420 in
1051 2395 1192 2420 carcere
1229 2384 1444 2418 detineretur
1470 2386 1504 2416 ct

116 2450 287 2496 praedicti
302 2448 478 2484 Ar'ebemii
500 2448 573 2482 filia
596 2459 617 2483 a
642 2449 812 2485 daemone
834 2455 1023 2485 vexaretur
1045 2455 1079 2485 et
1095 2450 1138 2484 ob
1161 2450 1226 2484 hoc
1251 2458 1272 2482 a
1297 2452 1396 2493 patre
1421 2457 1501 2482 sac-

115 2517 194 2561 pius
218 2514 464 2561 plangeretur,
503 2513 592 2548 dixit
617 2515 650 2548 ei
675 2513 822 2557 Petrus,
851 2515 964 2561 quod,
993 2517 1022 2549 si
1055 2517 1091 2549 in
1125 2514 1298 2549 Christum
1333 2513 1503 2554 crederet,

116 2582 232 2615 statim
265 2582 451 2615 sanitatem
489 2578 562 2614 filia
588 2580 665 2625 ejus
689 2581 876 2625 reciperet.
927 2581 988 2616 Cui
1015 2581 1239 2616 Archemius:
1276 2581 1400 2622 miror,
1437 2589 1505 2624 qua

183 2679 211 2713 1)
230 2681 350 2706 Recent.
370 2678 502 2706 addunt:
525 2683 561 2706 et
580 2677 824 2706 Marcellino.
