1742 3005
220 89 301 130 756
479 89 574 137 Cap.
608 85 811 124 CLXYlll.
881 84 939 121 De
970 90 1099 121 sancta
1129 84 1344 123 Elizabetli.

221 197 402 231 abstinens
428 194 547 225 noctes
572 189 722 224 ducebat
750 189 946 229 insomnes,
980 191 1016 222 ut
1049 187 1268 222 orationibus
1295 192 1417 233 posset
1441 189 1605 224 insistere

221 266 255 295 et
282 262 315 293 in
340 256 547 292 abscondito
574 258 706 299 patrem
731 253 920 288 coelestem
948 262 1070 295 orare,
1098 263 1243 298 cumque
1268 255 1377 288 somni
1399 255 1604 299 interpella-

220 329 274 360 ret
306 324 522 363 necessitas,
556 330 664 365 super
696 323 808 354 strata
841 319 976 363 tapetia
1008 318 1220 360 dormiebat,
1261 319 1322 353 sed
1356 330 1430 353 cum
1463 322 1606 355 maritus

221 391 383 430 abesset,
421 398 495 422 cum
532 396 663 431 sponso
699 385 845 420 coelesti
880 386 914 418 iu
950 383 1171 418 orationibus
1202 384 1443 429 pernoctabat.
1492 385 1607 430 Saepe

221 457 324 490 etiam
350 464 413 499 per
438 462 559 487 manus
597 450 801 485 ancillarum
837 449 990 484 faciebat
1022 459 1061 484 se
1095 451 1128 483 in
1159 449 1321 484 cubiculo
1357 449 1495 485 sortiter
1530 460 1609 485 ver·

222 522 359 562 berari,
398 523 436 553 ut
466 518 636 553 salvatori
670 516 851 563 flagellato
895 517 1002 551 vicem
1035 514 1245 560 rependeret
1275 519 1309 550 et
1345 515 1529 560 ¹)carnem
1564 515 1609 550 ab

223 588 315 621 omni
341 586 489 620 lascivia
512 587 706 618 coerceret.
756 582 905 618 Tantam
930 585 1044 615 autem
1071 582 1105 615 iu
1129 581 1208 615 cibo
1242 585 1276 615 et
1303 585 1387 626 potu
1410 586 1610 626 temperan-

223 654 306 686 tiam
325 649 526 690 exhibebat,
552 652 589 683 ut
616 650 649 682 iu
676 657 794 682 mensa
819 649 934 681 mariti
961 649 1052 681 inter
1076 647 1217 681 diversa
1244 646 1452 681 serculorum
1478 657 1612 692 genera

224 715 395 751 interdum
430 724 520 758 pane
554 713 705 757 simplici
740 717 835 747 esset
866 716 1040 746 contenta.
1096 712 1272 757 Magister
1306 714 1394 747 enim
1428 712 1610 748 Conradus

224 782 294 817 sibi
319 764 520 820 interdixit,
546 788 589 812 ne
615 777 658 813 de
683 777 772 812 cibis
798 778 913 811 mariti
939 776 1127 821 quidquam
1147 779 1384 822 contingeret,
1412 778 1455 813 de
1483 778 1610 823 quibus

225 857 346 882 sanam
381 844 631 880 conscientiam
663 854 731 878 non
768 842 926 877 haberet.
976 841 1075 882 Quod
1110 843 1189 886 ipsa
1216 846 1313 876 tanta
1338 842 1520 888 diligentia
1547 844 1610 878 ob-

227 913 404 954 servavit,
437 913 473 944 ut
507 909 587 943 aliis
625 908 775 943 diversis
810 908 946 942 deliciis
979 907 1238 941 abundantibus
1273 909 1352 952 ipsa
1376 918 1449 942 cum
1475 909 1613 942 ancillis

227 980 301 1013 suis
328 976 414 1011 cibis
441 974 682 1021 grossioribus
708 978 877 1010 uteretur.
925 974 1039 1018 Saepe
1064 977 1178 1008 tamen
1204 973 1247 1007 ad
1280 983 1430 1008 mensam
1465 973 1615 1008 sedebat

227 1048 262 1079 et
278 1042 376 1077 cibos
401 1051 502 1074 manu
526 1040 768 1074 contrectabat
793 1043 827 1074 et
851 1039 1044 1082 dividebat,
1074 1043 1111 1073 ut
1130 1050 1171 1074 ex
1192 1039 1257 1073 hoe
1275 1039 1456 1073 comodere
1475 1039 1613 1075 videre-

226 1114 304 1150 tur,
331 1117 372 1141 nc
400 1106 663 1150 superstitionis
690 1109 806 1139 notam
832 1106 1046 1148 incurreret,
1073 1105 1136 1139 sed
1162 1105 1360 1139 urbanitate
1385 1105 1447 1139 tali
1472 1110 1615 1140 cunctos

229 1173 396 1208 convivas
423 1170 640 1206 laetificaret.
691 1170 845 1210 Quadam
875 1172 960 1213 vice,
986 1182 1060 1204 cum
1081 1170 1178 1216 longi
1197 1172 1332 1205 itineris
1354 1171 1477 1205 suisset
1492 1171 1614 1206 labore

229 1239 421 1283 depressa,
456 1240 489 1272 et
513 1238 637 1271 marito
667 1240 701 1271 et
725 1237 794 1270 sibi
820 1236 969 1270 tuissent
993 1237 1061 1271 cibi
1094 1236 1224 1270 diversi
1253 1236 1382 1278 oblati,
1416 1238 1475 1282 qui
1504 1238 1614 1281 ²)non

229 1303 462 1339 credebantur
502 1302 545 1336 de
579 1303 688 1347 justis
729 1301 910 1336 laboribus
947 1303 1134 1347 acquisiti,
1185 1304 1322 1336 omnino
1371 1302 1539 1337 abstinuit
1581 1307 1616 1337 et

228 1372 366 1416 nigrum
401 1378 524 1413 panem
558 1373 592 1403 et
624 1367 744 1402 durum
781 1370 814 1401 in
840 1377 932 1412 aqua
957 1367 1072 1402 calida
1100 1367 1331 1403 madefactum
1357 1378 1431 1401 cum
1457 1370 1529 1402 suis
1553 1378 1616 1402 an-

229 1435 321 1481 cillis
353 1436 530 1480 patienter
562 1433 725 1476 eomedit.
775 1433 827 1468 Ob
861 1433 927 1468 hoc
961 1434 1129 1479 quosdam
1156 1433 1288 1468 reditus
1309 1436 1427 1478 Justos
1454 1435 1508 1468 vir
1531 1444 1616 1469 suus

230 1500 301 1535 sibi
340 1501 606 1545 assignaverat,
642 1500 686 1535 de
725 1500 852 1545 quibus
884 1510 959 1534 cum
991 1499 1197 1545 quibusdam
1233 1499 1371 1534 ancillis
1397 1501 1489 1542 suis,
1525 1509 1616 1545 quae

231 1566 300 1601 sibi
335 1565 380 1599 ad
418 1565 505 1600 haec
539 1567 655 1600 onmia
689 1565 977 1608 consentiebant,
1020 1566 1173 1600 vivebat.
1222 1565 1338 1610 Saepe
1370 1569 1485 1600 autem
1517 1565 1616 1600 cibos

232 1633 350 1667 curiae
382 1633 516 1676 respuit
551 1635 585 1665 et
618 1631 813 1675 aliquorum
846 1633 1015 1666 bonorum
1052 1634 1203 1666 virorum
1246 1632 1383 1666 cibaria
1422 1633 1615 1678 requisivit.

231 1697 326 1732 Haec
357 1701 469 1732 autem
503 1698 557 1730 vir
591 1706 675 1730 suus
710 1699 825 1731 omnia
856 1707 930 1730 cnm
963 1699 1134 1741 patientia
1159 1698 1407 1742 supportabat,
1440 1708 1617 1740 asserens,

233 1762 326 1808 quod
351 1762 438 1797 liaeo
464 1766 499 1797 et
524 1764 598 1807 ipse
625 1761 776 1796 libenter
800 1762 944 1803 faceret,
972 1764 1002 1796 si
1021 1762 1252 1797 turbationem
1272 1773 1357 1798 suae
1378 1763 1532 1798 familiae
1549 1774 1618 1798 non

232 1829 381 1862 timeret.
408 1827 541 1862 Statum
560 1839 698 1873 quoque
716 1829 934 1872 paupertatis
956 1828 1255 1872 insummagloria
1270 1830 1618 1863 constitutasumnio-

233 1903 317 1938 pere
344 1892 553 1935 affectabat,
586 1897 623 1927 ut
649 1897 683 1927 et
708 1892 848 1927 Christo
875 1895 1020 1937 pauperi
1048 1894 1155 1927 vicem
1182 1893 1389 1937 rependeret
1413 1897 1446 1928 et
1471 1894 1618 1928 mundus

233 1959 268 1992 in
297 1967 339 1992 ea
364 1957 411 1991 nil
438 1960 616 2003 proprium
642 1958 800 1992 baberet.
851 1958 1073 2003 Quapropter
1098 1958 1290 2000 interdum,
1321 1970 1395 1993 cum
1423 1959 1500 1993 sola
1524 1963 1621 1995 esset

232 2033 307 2057 cnm
333 2024 490 2065 ancillis,
525 2025 739 2058 vestimentis
767 2023 894 2057 vilibus
919 2023 1066 2057 induens
1096 2034 1134 2058 se
1162 2027 1195 2057 et
1221 2023 1388 2068 despecto
1415 2025 1491 2059 velo
1517 2028 1622 2070 caput

233 2099 331 2123 suum
366 2090 531 2133 operiens
566 2087 726 2122 dicebat:
764 2088 884 2123 taliter
920 2088 1094 2130 incedam,
1135 2099 1208 2122 eum
1248 2088 1293 2123 ad
1330 2094 1456 2124 statum
1492 2100 1620 2126 venero

233 2155 466 2198 paupertatis.
514 2153 617 2188 Licet
641 2157 754 2188 autem
782 2155 850 2189 sibi
873 2154 1108 2189 abstinentiae
1127 2154 1258 2189 frenum
1281 2156 1497 2200 imposuerit,
1522 2160 1622 2191 tauta

233 2222 346 2253 tamen
384 2219 597 2254 liberalitate
629 2230 668 2254 se
702 2219 746 2253 ad
782 2230 956 2264 pauperes
990 2219 1212 2263 effundebat,
1258 2225 1295 2255 ut
1333 2221 1462 2255 nullum
1501 2222 1621 2267 aliqua

234 2285 344 2329 premi
372 2283 494 2318 inedia
518 2289 718 2328 pateretur,
751 2285 813 2320 sed
848 2286 1008 2320 omuibus
1035 2286 1124 2321 adeo
1152 2285 1351 2332 largissime
1377 2286 1620 2330 subveniebat,

234 2352 272 2383 ut
292 2359 410 2384 omnes
431 2359 504 2383 eam
522 2353 664 2384 matrem
689 2360 879 2395 pauperum
900 2352 1146 2389 acclamarent.
1177 2353 1352 2397 ³)Septem
1376 2355 1464 2387 enim
1483 2354 1618 2388 miseri-

239 2414 382 2450 cordiae
407 2414 574 2459 operibus
610 2419 683 2449 tota
717 2416 902 2462 vigilantia
933 2417 1141 2459 insudabat,
1175 2422 1212 2452 ut
1243 2428 1386 2464 regumn
1418 2422 1618 2463 perpetuum

234 2483 405 2524 perpetuo
435 2484 625 2525 regnatura
650 2482 849 2526 perciperet
873 2487 907 2518 et
926 2487 1104 2528 paternam
1127 2483 1400 2519 benedictionem
1421 2494 1493 2533 cum
1513 2482 1619 2517 bene-

235 2544 339 2579 dictis
371 2545 417 2579 ad
454 2546 611 2580 dextram
650 2547 859 2591 possideret.
909 2548 991 2594 lpsa
1024 2559 1171 2595 namque
1205 2549 1316 2585 nudos
1343 2547 1534 2590 vestiebat,
1567 2549 1616 2582 si-

303 2645 330 2676 1)
350 2645 403 2672 Ed.
422 2649 465 2671 1'r.
486 2644 570 2671 addit
592 2655 756 2674 carcere.
863 2647 891 2679 2)
911 2646 961 2673 Ed.
982 2649 1023 2674 l’r.
1044 2647 1222 2682 particulam
1242 2651 1279 2675 nt
1299 2647 1364 2675 loco
1384 2645 1548 2679 negationis
1567 2655 1617 2673 cx-

235 2686 328 2714 hibet.
432 2691 460 2721 3)
480 2689 553 2716 Alii:
575 2698 648 2717 sex.
