1742 3005
251 109 332 149 588
391 112 489 161 Cap.
521 109 694 146 CXXXl.
751 108 809 144 De
842 108 1033 144 nativitate
1064 109 1197 144 beatae
1228 106 1371 142 Mariae
1404 105 1568 154 virginis.

250 215 447 255 scendisse3
474 212 544 247 vidi
572 213 659 246 enim
687 210 852 255 pudorem
879 214 972 244 tuum
1000 215 1034 245 et
1055 210 1172 244 audivi
1193 211 1391 245 sterilitatis
1413 208 1638 254 opprobrium

251 291 317 313 uon
340 283 434 312 recte
452 278 516 311 tibi
537 276 724 321 objectum.
774 275 917 310 Peccati
937 277 1078 321 quippe,
1104 286 1173 309 non
1191 279 1336 309 naturae
1361 275 1452 309 ultor
1477 278 1530 309 est
1548 274 1640 308 Deus

252 349 286 378 et
312 343 414 385 ideo,
441 352 516 376 eum
547 342 699 386 alicujus
725 345 857 375 uterum
883 340 1033 382 claudit,
1066 340 1108 374 ad
1143 339 1207 373 hoc
1240 339 1347 381 facit,
1385 343 1422 373 ut
1445 339 1640 373 mirabilius

251 410 364 444 denuo
392 409 543 453 aperiat,
570 411 603 441 et
628 417 696 440 non
723 405 880 440 libidinis
908 417 1000 448 esse,
1034 405 1127 451 quod
1153 405 1320 445 nascitur,
1347 404 1409 438 sed
1434 404 1542 437 divini
1567 404 1643 438 sore

251 476 402 510 numeris
449 477 695 519 cognoscatur.
752 471 868 506 Prima
913 473 1028 518 gentis
1069 474 1209 505 vestrae.
1248 473 1358 503 mater
1401 470 1490 503 Sara
1531 479 1642 503 nonne

250 552 362 586 usque
397 540 442 574 ad
475 540 737 585 nonagesimum
774 548 897 571 annum
931 537 1130 572 sterilitatis
1165 534 1393 580 opprobrium
1428 534 1571 578 pertulit
1612 538 1645 568 et

250 610 365 641 tamen
410 606 543 646 Ysaac,
592 606 645 638 cni
689 605 904 649 repromissa
939 607 1015 638 crat
1053 603 1202 636 onmium
1238 601 1392 645 gentium
1430 599 1642 642 benedictio,

251 672 460 718 generavit?
507 670 638 705 Rachel
660 672 763 705 etiam
789 680 902 703 nonne
929 669 986 702 diu
1013 669 1144 702 sterilis
1173 667 1239 700 luit
1265 670 1298 700 et
1320 670 1435 699 tamen
1452 664 1642 709 Josephum

250 738 390 783 genuit,
418 737 476 780 qui
500 737 608 768 totius
637 736 789 780 Aegypti
816 734 1002 768 dominium
1028 733 1177 767 habuit?
1227 732 1310 771 Quis
1329 732 1454 765 fortior
1474 730 1643 764 Samsone

251 802 306 837 vel
334 802 489 836 sanctior
515 800 703 835 Samuele?
751 799 793 833 Et
817 803 930 833 tamen
966 798 1001 832 hi
1029 798 1130 832 ainbo
1157 802 1285 831 matres
1310 798 1449 831 steriles
1475 797 1641 831 habuere.

251 868 393 904 Rationi
418 867 527 912 igitur
553 870 587 901 et
612 865 781 910 exemplis
807 864 930 906 erede,
967 864 1096 897 dilatos
1131 863 1190 896 diu
1221 866 1409 906 conceptus
1445 866 1478 896 et
1503 862 1642 896 steriles

252 938 374 979 partus
400 931 636 966 mirabiliores
665 941 744 965 esse
771 931 897 966 solere.
946 929 1098 965 Proinde
1123 929 1223 964 Anna
1249 939 1338 963 uxor
1362 931 1423 961 tua.
1447 928 1562 972 pariet
1580 928 1643 961 tibi

251 999 357 1033 filiam
385 1002 418 1033 et
441 998 586 1032 vocabis
620 1007 744 1031 nomen
780 997 856 1041 ejus
882 995 1041 1031 Mariam.
1091 995 1202 1037 Haec,
1238 999 1275 1029 ut
1303 995 1468 1036 vovistis,
1504 995 1569 1028 erit
1600 993 1644 1027 ab

253 1065 401 1098 infantia
433 1064 571 1097 domino
606 1067 813 1097 consecrata
845 1065 879 1096 et
914 1061 1026 1095 adhuc
1055 1071 1097 1095 ex
1130 1066 1231 1095 utero
1264 1061 1384 1094 matris
1411 1069 1494 1094 suae
1519 1060 1645 1104 spiritu

254 1134 375 1164 saneto
411 1129 534 1174 plena,
569 1138 631 1163 nec
664 1128 858 1162 forinsecus
893 1129 984 1162 iuter
1018 1127 1230 1172 populares,
1269 1126 1331 1160 sed
1365 1127 1398 1159 in
1422 1125 1553 1170 templo
1580 1125 1644 1159 do-

252 1196 336 1230 mini
361 1204 497 1238 semper
522 1193 733 1235 morabitur,
761 1203 803 1227 ne
831 1193 913 1238 quid
939 1194 1118 1227 sinistrum
1145 1192 1186 1227 de
1212 1203 1253 1227 ea
1279 1192 1406 1237 aliquis
1434 1193 1642 1236 suspicetur.

252 1262 298 1297 Et
333 1262 423 1295 sicut
450 1261 529 1304 ipsa
563 1270 605 1294 ex
631 1258 745 1293 sterili
778 1262 886 1292 matre
915 1262 1098 1300 nascetur,
1137 1260 1187 1292 ita
1223 1262 1256 1292 et
1285 1257 1495 1292 mirabiliter
1527 1268 1568 1292 ex
1604 1268 1644 1292 ea

253 1328 419 1363 altissimi
451 1324 540 1359 filius
576 1324 823 1370 generabitur,
859 1324 959 1369 eujus
995 1334 1118 1358 nomen
1154 1325 1218 1357 erit
1249 1323 1373 1365 Jesus,
1407 1327 1441 1357 et
1474 1334 1538 1368 per
1569 1334 1644 1358 eum

254 1393 414 1429 omnibus
450 1391 614 1438 gentibus
647 1392 714 1425 erit
739 1390 847 1425 salus.
896 1389 939 1423 Et
963 1388 1027 1423 tibi
1054 1389 1119 1423 hoc
1145 1390 1302 1435 signum:
1337 1398 1411 1422 cum
1442 1391 1644 1433 perveneris

254 1458 497 1494 Hierosolimis
525 1457 570 1491 ad
595 1467 736 1491 auream
764 1459 920 1501 portam,
956 1455 1089 1489 Annam
1122 1464 1265 1488 uxorem
1299 1457 1391 1487 tuam
1419 1454 1556 1488 obviam
1582 1454 1646 1488 ha-

254 1525 377 1566 bebis,
405 1534 493 1569 quae
520 1522 563 1557 de
588 1527 649 1556 tua
671 1521 871 1556 tardatione
897 1522 998 1556 modo
1024 1521 1179 1555 sollicita
1204 1524 1285 1554 tunc
1314 1520 1347 1553 in
1372 1524 1562 1565 conspectu
1584 1524 1644 1554 tuo

254 1589 440 1637 gaudebit.
487 1588 547 1621 His
580 1588 681 1622 dictis
717 1587 865 1633 angelus
900 1586 943 1621 ab
981 1598 1021 1621 eo
1054 1588 1223 1627 recessit,
1264 1586 1365 1620 Anna
1398 1590 1533 1625 autem,
1571 1596 1645 1620 eum

255 1666 374 1691 amare
400 1654 499 1689 lieret
526 1657 571 1695 et,
607 1663 756 1697 quonam
787 1655 839 1686 vir
867 1663 950 1686 snus
978 1654 1120 1694 ivisset,
1151 1653 1351 1697 ignoraret,
1380 1651 1468 1686 idem
1497 1651 1645 1696 angelus

256 1723 366 1758 eidem
392 1720 557 1765 apparuit
581 1723 615 1753 et
645 1718 714 1752 sibi
750 1717 890 1759 eadem,
927 1728 1016 1762 quae
1054 1720 1128 1752 viro
1161 1719 1445 1759 annuntiaverat,
1480 1718 1646 1762 patefecit

256 1788 410 1829 addens,
445 1790 483 1819 ut
508 1796 570 1830 pro
597 1785 699 1829 signo
726 1783 941 1817 Hierusalem
977 1782 1022 1816 ad
1059 1793 1200 1816 auream
1237 1788 1374 1827 portam
1408 1787 1573 1827 pergeret
1611 1786 1645 1816 et

255 1853 384 1887 ibidem
424 1852 500 1885 viro
544 1860 607 1883 sno
651 1849 810 1883 redeunti
852 1849 1023 1882 obviaret.
1087 1846 1199 1891 Igitur
1239 1848 1341 1892 juxta
1382 1847 1500 1892 angeli
1540 1857 1641 1891 prae—

259 1922 394 1963 ceptum
415 1915 517 1950 ambo
539 1914 606 1948 sibi
634 1915 779 1948 invicem
808 1913 991 1947 obviantes
1019 1912 1060 1947 de
1088 1917 1204 1946 mutua
1230 1914 1363 1947 visione
1389 1912 1510 1946 lactati
1543 1917 1576 1947 et
1601 1913 1643 1947 de

256 1983 357 2028 prole
389 1982 563 2026 promissa
595 1981 710 2013 securi
747 1979 896 2013 adorato
931 1978 1069 2013 domino
1113 1978 1247 2011 domum
1283 1977 1461 2011 redierunt
1493 1977 1644 2011 divinum

257 2049 464 2094 promissum
497 2046 657 2080 hilariter
694 2048 948 2089 exspectantes
999 2044 1100 2078 Anna
1140 2045 1247 2089 igitur
1283 2043 1443 2087 concepit
1475 2046 1509 2077 et
1541 2043 1643 2077 tiliam

258 2115 395 2159 peperit
424 2116 457 2146 ct
482 2121 605 2145 nomen
631 2111 707 2155 ejus
731 2100 880 2144 Mariam
907 2112 1054 2144 vocavit.
1106 2109 1285 2153 Completo
1313 2110 1421 2154 igitur
1449 2119 1511 2153 per
1536 2109 1644 2143 trien-

259 2181 351 2214 nium
381 2177 671 2221 ¹)ablactationis
698 2180 853 2220 tempore
871 2175 915 2209 ad
932 2175 1093 2220 templum
1110 2175 1237 2209 domini
1254 2175 1422 2219 virginem
1447 2184 1520 2208 cum
1545 2174 1646 2208 obla-

258 2244 414 2279 tionibus
440 2242 668 2277 adduxcrunt.
718 2240 825 2275 Erant
844 2245 957 2276 autem
974 2243 1069 2275 circa
1086 2241 1247 2284 templum
1273 2240 1376 2285 juxta.
1393 2239 1456 2274 XV
1475 2239 1643 2285 graduum

260 2310 412 2355 psalmos
438 2307 502 2342 XV
528 2307 770 2341 adscensionis
797 2306 942 2352 gradus,
975 2317 1050 2340 nam
1077 2308 1159 2351 quia
1182 2306 1342 2350 templum
1369 2306 1402 2339 in
1431 2309 1544 2339 monte
1571 2309 1646 2339 erat

262 2377 499 2415 constitutum,
526 2373 638 2407 altare
664 2371 882 2412 holocausti,
909 2372 999 2416 quod
1029 2372 1225 2405 forinsecus
1254 2375 1348 2413 erat,
1377 2370 1466 2405 adiri
1493 2372 1558 2404 nisi
1585 2381 1647 2415 per

261 2440 394 2487 gradus
412 2450 480 2474 non
500 2442 650 2484 poterat.
676 2437 713 2471 ln
727 2437 847 2471 horum
862 2437 1489 2482 itaquenovissimovirgocoustituta
1504 2439 1645 2470 cunctos

262 2508 337 2540 siue
372 2505 522 2550 alicujus
556 2503 734 2548 adjutorio
759 2504 808 2536 ita
840 2502 1064 2544 conscendit,
1100 2513 1140 2537 ac
1165 2503 1195 2536 si
1216 2503 1288 2548 Jam
1318 2503 1444 2537 aetatis
1471 2499 1648 2545 pei-sectae

263 2575 368 2605 esset.
426 2570 589 2605 Perfecta
630 2569 737 2614 igitur
785 2568 964 2604 oblatione
1007 2569 1110 2603 liliam
1153 2579 1227 2603 cum
1272 2567 1352 2602 aliis
1388 2564 1580 2610 virginibus
1614 2565 1646 2597 in

263 2634 390 2678 templo
417 2634 630 2669 dimittentes
662 2632 706 2667 ad
735 2635 880 2678 propria
907 2635 1101 2675 redierunt,
1139 2635 1236 2679 virgo
1276 2636 1388 2667 autem
1424 2628 1579 2675 quotidie
1616 2630 1648 2663 iu

330 2711 358 2743 1)
379 2712 430 2737 Ed.
452 2715 494 2739 l'r.
515 2713 735 2740 oblationis
755 2712 834 2745 logii.
