1742 3005
196 113 274 151 112
480 115 574 165 Cap.
606 114 747 152 XXIII.
816 117 872 154 De
904 124 1033 154 sancto
1065 117 1305 158 Sebastiano,

200 232 302 269 quam
327 222 453 257 bonum
478 225 512 256 et
539 231 640 267 quam
668 220 858 266 jucundum
894 220 1024 257 habere
1050 221 1178 258 fratres
1203 224 1238 258 in
1264 233 1364 257 unum
1389 226 1453 257 ete.
1504 224 1580 264 Qui

197 290 260 323 bus
285 287 507 334 praefectus:
559 286 717 321 infelices
755 285 920 331 deponite
945 288 1129 322 amentiam
1156 291 1191 323 et
1216 298 1278 323 vos
1302 290 1399 334 ipsos
1426 287 1584 324 liberate.

198 356 260 391 Cui
285 353 356 388 illi:
391 362 563 397 nunquam
588 356 656 387 tam
684 352 773 387 hene
799 352 931 397 epulati
956 363 1093 395 sumus,
1139 354 1268 387 utinam
1291 353 1423 388 tamdiu
1448 355 1499 388 sic
1524 364 1586 389 nos

198 430 275 455 esse
301 419 481 464 permittas
497 446 505 461 ,
553 418 719 464 quamdiu
745 420 905 463 corporis
930 420 1081 464 tegimur
1105 418 1316 453 indumento.
1364 418 1461 453 Tune
1484 430 1587 464 prae*

199 486 309 521 fectus
338 485 447 530 Jussit
476 494 536 519 eos
562 484 694 519 lanceis
728 494 791 529 per
814 484 929 519 latera
954 484 1237 520 transverberari
1263 488 1297 519 et
1323 485 1374 519 sie
1397 485 1587 520 martirium

196 554 531 585 consummaverunt.
601 549 687 585 Post
718 550 784 585 hoe
816 550 1016 595 praefectus
1050 550 1278 596 Dyoeletiano
1316 551 1519 596 imperatori
1547 550 1589 586 de

197 617 408 653 Sebastiano
437 617 639 662 suggessit,
688 626 788 662 quem
815 615 860 650 ad
885 626 922 651 se
952 626 1080 652 vocans
1105 615 1213 651 dixit:
1253 627 1321 663 ego
1346 620 1380 652 te
1402 617 1493 652 inter
1516 618 1588 662 pri-

198 694 272 718 mos
302 684 338 717 in
367 681 501 727 palatio
534 692 610 717 meo
646 692 783 727 semper
817 681 926 717 habui
961 686 995 718 et
1027 686 1064 717 tu
1092 686 1214 717 eontra
1247 683 1394 718 salutem
1418 692 1527 718 meam
1555 685 1589 717 et

198 752 347 786 Deorum
371 749 533 793 injuriam
557 746 724 782 hactenus
751 747 898 782 latuisti.
948 748 1011 782 Cui
1038 747 1289 782 Sebastianus:
1314 759 1377 792 pro
1402 748 1516 782 salute
1528 751 1589 782 tua

198 816 373 852 Christum
399 822 537 857 semper
561 812 654 846 colui
677 817 711 848 et
734 823 798 858 pro
824 816 918 847 statu
954 812 1099 848 Romani
1129 815 1266 859 imperii
1291 813 1421 855 Deum,
1470 814 1529 858 qui
1554 814 1587 847 iu

198 881 307 916 coelis
332 883 405 922 est,
453 888 592 923 semper
615 878 776 914 adoravi.
834 878 932 913 Tunc
955 878 1203 923 Dyocletianus
1222 880 1333 924 jussit
1357 889 1433 913 eum
1458 880 1492 913 in
1518 889 1588 914 me—

198 949 291 984 dium
313 956 469 991 eampum
503 944 609 990 ligari
636 949 670 980 et
701 955 722 979 a
754 944 922 979 militibus
948 946 1133 991 sagittari,
1184 946 1244 991 qui
1268 946 1319 979 ita
1345 955 1421 980 eum
1447 946 1588 991 sagittis

199 1014 441 1060 impleverunt,
468 1015 504 1045 ut
530 1012 631 1056 quasi
658 1010 810 1046 hericius
834 1010 1035 1053 videretur,
1062 1014 1097 1046 et
1122 1012 1349 1046 aestimantes
1374 1011 1469 1045 illum
1496 1022 1587 1046 mor-

197 1086 291 1115 tuum
317 1078 489 1119 abierunt,
517 1078 575 1122 qui
600 1078 693 1111 intra
719 1086 851 1122 paucos
879 1076 954 1111 dies
979 1076 1163 1119 liberatus,
1189 1080 1287 1111 stans
1314 1088 1420 1122 super
1441 1077 1587 1124 gradum

198 1146 322 1192 palatii
345 1145 575 1188 imperatores
600 1133 780 1178 {venientes
806 1142 848 1177 de
873 1141 997 1185 malis,
1033 1152 1123 1188 quae
1147 1141 1348 1178 christianis
1376 1142 1587 1186 inferebant,

197 1213 283 1247 dure
316 1209 511 1254 redarguit.
579 1208 750 1244 Dixerunt
788 1209 1039 1253 imperatores:
1096 1210 1208 1244 istene
1251 1212 1305 1244 est
1345 1208 1589 1252 Sebastianus,

199 1288 300 1324 quem
325 1276 383 1310 diu
408 1276 549 1319 sagittis
575 1275 723 1309 interfici
743 1274 992 1319 Jusseramus?
1065 1275 1127 1309 Cui
1153 1274 1404 1310 Sebastianus:
1454 1275 1498 1309 ad
1523 1274 1589 1310 hoe

198 1354 250 1379 me
277 1342 433 1377 dominus
461 1342 671 1375 resuscitare
697 1340 860 1386 dignatus
885 1344 961 1383 est,
1011 1343 1048 1374 ut
1079 1341 1281 1375 conveniam
1317 1351 1379 1375 vos
1411 1344 1445 1375 et
1466 1340 1587 1376 redar-

198 1419 303 1457 guam
327 1418 391 1443 vos
417 1406 459 1441 de
484 1405 606 1449 malis,
649 1416 739 1452 quae
766 1406 895 1441 Christi
923 1406 1062 1440 famulis
1087 1407 1267 1452 irrogatis.
1317 1406 1414 1441 Tune
1438 1408 1588 1453 impera-

199 1480 254 1510 tor
275 1473 408 1508 tamdiu
432 1482 508 1507 eum
538 1472 704 1518 fustigari
724 1473 853 1518 jussit,
890 1472 1000 1507 donee
1020 1473 1180 1517 spiritum
1206 1471 1410 1516 exhalaret,
1436 1474 1588 1520 fecitque

198 1550 325 1585 eorpus
351 1539 427 1584 ejus
452 1539 488 1572 in
512 1538 668 1572 cloacam
693 1540 832 1584 projici,
857 1549 900 1573 ne
915 1538 1150 1572 achi-istianis
1165 1549 1228 1582 pro
1245 1540 1388 1573 martire
1403 1539 1588 1575 coleretur.

200 1606 349 1642 Sanctus
374 1607 488 1638 autem
512 1602 742 1637 Sebastianus
762 1606 922 1649 sequenti
940 1608 1040 1638 noete
1055 1607 1197 1638 sanetae
1209 1603 1341 1638 Luciae
1365 1607 1531 1649 apparuit
1557 1609 1591 1640 et

199 1681 326 1717 eorpus
352 1671 428 1715 ejus
453 1668 520 1703 sibi
547 1669 717 1704 revelavit
743 1673 789 1712 et,
815 1673 851 1703 ut
871 1670 976 1714 juxta
1001 1670 1153 1715 vestigia
1172 1669 1410 1714 apostolorum
1429 1670 1515 1705 illud
1534 1681 1589 1706 se-

200 1738 339 1784 peliret,
363 1737 556 1781 praecepit,
584 1735 677 1781 quod
702 1738 736 1769 et
758 1734 885 1769 factum
910 1739 974 1770 est.
1000 1735 1131 1770 Passus
1155 1739 1208 1770 est
1232 1738 1346 1770 autem
1366 1735 1429 1770 sub
1441 1736 1588 1781 Dyocle-

200 1805 296 1838 tiano
326 1805 361 1838 et
386 1801 601 1836 Maximiano
621 1800 904 1846 imperatoribus,
935 1802 992 1846 qui
1012 1805 1202 1847 coeperunt
1218 1802 1312 1836 cirea
1328 1811 1438 1836 anuos
1460 1801 1588 1836 domini

201 1866 437 1905 CLXXXVII.
463 1887 504 1892 —
529 1888 574 1893 —
596 1888 641 1893 -
673 1871 719 1904 4.
747 1866 869 1902 Refert
895 1865 1088 1912 Gregorius
1113 1868 1147 1901 in
1174 1868 1285 1913 primo
1310 1866 1400 1901 libro
1426 1867 1588 1913 dialogo—

200 1945 295 1977 rum,
338 1932 431 1979 quod
457 1933 627 1978 quaedam
652 1933 776 1968 mulier
800 1934 835 1966 in
859 1932 988 1967 Tuscia
1011 1943 1124 1978 nuper
1143 1937 1252 1978 nupta
1277 1942 1352 1967 eum
1378 1932 1422 1966 ad
1447 1932 1587 1967 dedica-

196 2002 326 2035 tionem
352 1999 522 2034 eeclesiao
547 2001 659 2034 sancti
685 1998 887 2033 sebastiani
920 1998 964 2033 ab
992 1999 1071 2033 aliis
1103 2000 1252 2034 invitata
1282 2001 1397 2040 esset,
1445 1999 1481 2032 in
1510 1999 1591 2044 ipsa

199 2069 321 2108 nocte,
366 2075 436 2110 qua
460 2066 619 2111 sequenti
645 2064 701 2100 die
723 2066 774 2100 ire
801 2063 972 2107 debebat,
1018 2066 1133 2099 earnis
1159 2064 1339 2110 voluptate
1363 2064 1543 2099 stimulata
1567 2075 1589 2099 a

199 2133 273 2166 viro
299 2142 363 2165 suo
389 2141 427 2166 se
452 2130 629 2166 abstinere
654 2141 723 2165 non
751 2132 874 2176 potuit.
941 2129 1049 2165 Facto
1084 2134 1199 2165 autem
1235 2140 1334 2165 mane
1371 2131 1483 2177 magis
1508 2141 1587 2166 eru-

198 2196 345 2231 bescens
372 2197 501 2230 vultum
527 2196 700 2230 hominum
729 2206 830 2241 quam
854 2196 917 2231 Dei
945 2196 1026 2230 illue
1050 2195 1209 2240 profecta
1233 2199 1297 2229 est.
1365 2195 1449 2230 Mox
1474 2199 1587 2231 autem

200 2265 236 2297 ut
259 2263 472 2304 oratorium,
520 2261 577 2295 ubi
603 2266 703 2295 erant
730 2261 900 2306 reliquiae
924 2262 1035 2295 saneti
1059 2260 1281 2303 Sebastiani,
1331 2261 1494 2306 ingressa
1520 2266 1585 2301 est,

199 2326 370 2372 dyabolus
397 2336 471 2361 eam
496 2327 644 2371 arripuit
669 2331 703 2361 et
727 2336 843 2361 coram
867 2326 1025 2361 omnihus
1047 2336 1175 2361 vexare
1200 2327 1327 2370 coepit.
1375 2325 1473 2360 Tune
1488 2337 1588 2371 pres-

199 2393 290 2427 biter
312 2392 406 2426 illius
434 2392 604 2426 ecelesiae
630 2392 771 2437 pallium
799 2393 922 2427 altaris
948 2393 1121 2437 arripiens
1144 2391 1223 2425 inde
1249 2401 1323 2425 eam
1350 2393 1499 2436 operuit,
1527 2393 1587 2427 sed

200 2457 371 2502 dyabolus
395 2459 509 2492 statim
539 2460 649 2503 ipsum
676 2457 904 2503 presbiterum
940 2459 1079 2492 invasit.
1150 2457 1328 2492 Duxerunt
1362 2461 1476 2493 autem
1512 2467 1586 2493 eam

200 2525 299 2557 amici
326 2525 378 2557 sui
407 2523 450 2557 nd
476 2525 731 2565 incantatores,
767 2528 800 2557 ut
827 2525 899 2558 suis
925 2522 1219 2557 incantationibus
1244 2522 1429 2567 dyabolum
1453 2522 1586 2568 effuga-

202 2592 289 2623 rent.
339 2588 408 2623 Sed
435 2600 526 2631 mox,
554 2589 631 2623 dum
660 2591 909 2631 incantat-etur,
930 2589 1064 2634 judicio
1087 2589 1150 2624 Dei
1178 2589 1271 2634 legio
1297 2587 1523 2630 daemonum,
1552 2588 1586 2621 id

202 2657 256 2688 cst
280 2653 326 2688 vl
350 2654 459 2688 millia
485 2656 639 2689 sexcenti
669 2658 703 2689 et
727 2654 838 2689 LXVI
868 2655 900 2689 in
927 2664 1002 2689 eam
1028 2655 1176 2700 ingressi
1193 2655 1302 2698 ipsam
1323 2654 1438 2687 aerius
1456 2663 1586 2688 vexare

203 2722 401 2764 coeperunt.
476 2719 620 2759 Quidam
648 2724 760 2755 autem
788 2721 858 2756 vir.
902 2721 1036 2754 nomine
1061 2718 1270 2753 Fortunatus
1297 2719 1482 2753 sanctitate
1505 2728 1586 2753 eon-
