1742 3005
307 98 404 150 Cap.
434 97 536 136 LlX.
602 98 660 136 De
691 106 822 136 sancto
852 99 981 138 Marco
1011 99 1258 150 evangelista.
1398 98 1480 137 269

88 203 310 239 Venetiarum
336 203 482 238 intravit
506 212 655 238 narrans
681 206 716 237 et
740 213 838 236 suum
864 203 1054 249 periculum
1071 207 1106 238 et
1122 202 1237 239 Marci
1253 202 1478 249 adjutorium.

86 269 151 304 Pro
176 270 361 314 utriusque
387 270 496 315 igitur
522 268 693 303 beneficio
720 268 794 303 Deo
820 271 1013 314 gratiarum
1039 270 1130 304 actio
1167 269 1361 304 exsolvitur
1386 274 1420 304 et
1445 270 1479 303 ln

83 338 206 369 sane-to
237 344 301 368 suo
326 334 449 383 Marco
475 335 568 369 Deus
594 334 765 368 mirabilis
791 334 1077 379 praedicatur1).
1104 355 1143 360 -
1162 355 1203 361 -
1223 355 1261 360 -—
1311 338 1354 372 3.
1391 334 1479 369 Dum

84 400 224 446 quidam
239 405 454 435 mercatores
472 400 594 435 Veneti
609 410 717 444 supra
732 399 904 444 quandam
921 410 1043 434 navem
1061 401 1313 434 Saracenorum
1324 399 1480 434 Alexan-

82 467 192 501 driam
226 471 415 511 pergerent
452 470 486 500 et
519 467 697 499 imminens
734 464 927 508 periculum
968 465 1150 499 evidenter
1178 465 1358 505 viderent,
1399 476 1479 499 mox

82 543 189 577 super
215 531 381 576 scapham
408 530 626 564 adscendunt
651 533 684 563 et
708 530 823 563 sunem
850 530 1056 574 praecidunt
1084 532 1271 575 statimque
1296 532 1395 564 navis
1418 531 1480 564 illa

85 598 244 632 fluctuum
278 596 506 630 inundatione
538 597 644 639 periit
668 600 702 630 et
734 596 920 629 universos
950 596 1146 630 Saracenos
1172 596 1265 630 unda
1290 607 1397 630 vorax
1424 599 1477 631 in-

85 663 201 698 volvit.
249 661 342 697 Unus
374 665 486 695 autem
521 671 562 695 ex
607 662 650 694 iis
691 660 832 695 beatum
864 661 1023 696 Marcum
1056 664 1222 696 invocans
1258 667 1360 704 voto,
1409 673 1477 707 quo

81 729 206 773 potuit,
230 738 268 762 se
293 726 492 769 adstrinxit,
520 727 623 772 quod,
652 728 682 760 si
709 737 804 760 suum
832 727 901 760 sibi
927 728 1105 762 conferret
1129 729 1308 770 auxilium,
1336 732 1369 762 et
1394 739 1477 762 suo-

83 805 154 828 rum
191 793 368 838 baptisma
400 794 598 838 susciperet
630 798 664 828 et
699 794 809 838 ipsius
844 792 963 827 limina
1001 795 1170 828 visitaret.
1219 794 1305 828 Mox
1329 793 1397 827 sibi
1426 795 1479 827 vir

82 858 287 904 splendidus
309 858 448 904 quidam
474 860 648 903 apparuit,
673 861 730 904 qui
756 863 908 903 ereptum
935 858 976 892 dc
1004 859 1164 892 fluetibus
1195 860 1228 892 in
1244 859 1379 903 scapha
1402 870 1478 892 cum

83 926 233 960 caeteris
258 925 454 959 collocavit.
504 924 566 959 Ille
599 928 714 958 autem
737 924 987 958 Alexandriam
1020 925 1177 966 veniens,
1204 924 1268 959 sed
1294 924 1478 958 liberatori

82 1001 146 1025 suo
172 992 330 1036 ingratus
358 991 512 1024 existens
538 1000 601 1024 nec
625 991 735 1024 sancti
750 989 863 1024 Marci
884 989 1029 1023 festinat
1052 989 1097 1024 ad
1123 990 1242 1023 limina
1259 1000 1321 1024 nec
1335 994 1480 1024 nostrae

83 1056 165 1090 fidei
189 1056 339 1100 suscipit
363 1059 595 1090 sacramenta.
647 1056 709 1089 Cui
736 1055 849 1089 denuo
876 1054 1016 1090 Marcus
1043 1057 1207 1101 apparuit
1234 1061 1268 1090 et
1297 1057 1406 1100 ipsum
1435 1055 1478 1090 de

82 1131 147 1156 sua
178 1120 430 1167 ingratitudine
464 1122 670 1166 increpavit.
717 1120 868 1155 Rediens
912 1122 1020 1166 igitur
1046 1121 1090 1155 ad
1125 1132 1163 1156 sc
1186 1121 1353 1157 Venetias
1385 1123 1480 1156 venit

82 1191 117 1222 ct
151 1186 279 1221 ibidem
314 1196 417 1221 sacro
443 1185 666 1231 baptismatis
700 1187 795 1221 fonte
824 1192 965 1222 renatus
993 1191 1026 1221 et
1050 1187 1192 1222 Marcus
1220 1188 1417 1232 appellatus
1444 1191 1479 1222 et

81 1255 116 1288 in
143 1249 317 1288 Christum
344 1252 500 1297 perfecte
529 1252 680 1287 eredidit
709 1257 743 1287 et
769 1254 803 1286 111
828 1253 929 1287 bonis
957 1253 1124 1297 operibus
1151 1255 1254 1291 vitam
1290 1253 1411 1287 linivit.
1434 1273 1480 1278 —-

82 1312 130 1345 —⁷
152 1339 195 1345 —
219 1322 269 1355 4.
293 1318 356 1353 Vir
381 1318 519 1363 quidam
545 1318 623 1352 dum
649 1319 682 1352 in
708 1320 903 1353 summitate
929 1319 1133 1362 campanilis
1161 1321 1271 1353 sancti
1298 1319 1411 1354 Marci
1437 1319 1479 1354 de

82 1385 240 1420 Venetiis
267 1383 431 1428 quiddam
456 1384 574 1427 operis
600 1388 801 1425 exerceret,
836 1383 951 1417 subito
979 1384 1072 1418 cadit
1097 1385 1279 1429 inprovide
1305 1385 1477 1420 membra-

83 1452 145 1484 tim
170 1454 244 1483 toto
270 1458 417 1493 corpore
443 1448 608 1489 laniatus,
637 1450 672 1482 in
699 1450 776 1494 ipso
803 1454 917 1483 tamen
944 1460 1029 1483 casu
1054 1461 1116 1483 suo
1143 1451 1255 1483 sancti
1276 1450 1389 1485 Marci
1405 1456 1479 1483 11011

84 1517 262 1551 immemor
289 1515 366 1559 ejus
392 1515 624 1558 patrocinium
650 1514 861 1559 imploravit,
893 1516 951 1560 qui
979 1515 1109 1549 cadens
1134 1526 1177 1549 ex
1196 1516 1377 1560 insperato
1404 1516 1478 1549 cui-

85 1582 162 1616 dam
196 1580 294 1626 ligno
328 1581 536 1624 prominenti
571 1580 742 1619 substitit„
762 1585 797 1615 et
831 1580 912 1614 dato
947 1580 1029 1615 sune
1061 1580 1205 1615 illaesus
1239 1583 1352 1616 evasit
1377 1580 1480 1615 etad

85 1656 173 1691 opus
204 1646 386 1690 pristinum
421 1646 725 1680 consummandum
752 1646 899 1681 devotus
924 1648 1091 1691 assurgit.
1118 1667 1162 1671 —
1184 1667 1229 1671 —
1253 1666 1298 1671 —
1321 1650 1369 1684 5.
1396 1647 1480 1686 Qui-

86 1711 164 1745 dam
189 1710 369 1756 cujusdam
394 1710 523 1745 nobilis
549 1712 777 1756 provincialis
802 1712 1043 1756 temporaliter
1067 1723 1189 1747 servus
1218 1713 1296 1747 dmn
1316 1717 1394 1747 voto
1415 1712 1479 1746 ad-

86 1778 228 1811 strictus
264 1787 391 1821 corpus
415 1778 530 1811 sancti
555 1777 671 1812 Marci
698 1779 842 1812 visitare
870 1778 1000 1821 vellet,
1037 1778 1099 1813 sed
1134 1789 1154 1812 a
1181 1778 1319 1813 domino
1347 1790 1410 1812 suo
1437 1778 1480 1812 li-

84 1844 233 1877 centiam
255 1841 414 1877 obtinere
441 1853 511 1878 non
534 1848 669 1889 posset,
692 1843 831 1878 tandem
856 1845 1012 1879 timorem
1037 1845 1186 1878 earnalis
1212 1844 1340 1878 domini
1365 1846 1481 1878 timori

85 1908 252 1943 caelestis
289 1910 492 1953 postposuit
536 1914 571 1944 et
608 1910 797 1944 insalutato
833 1909 972 1943 domino
1012 1910 1056 1944 ad
1090 1915 1244 1944 sanetum
1271 1909 1481 1944 visitandum

88 1973 234 2007 devotus
259 1975 422 2008 accessit.
472 1974 572 2014 Quod
597 1975 756 2010 dominus
782 1986 889 2021 aegre
914 1975 1030 2010 ferens
1056 1977 1169 2020 ipsum
1195 1987 1372 2011 reversum
1394 1986 1480 2009 exo-

89 2039 211 2074 ccllari
236 2039 424 2074 mandavit.
471 2039 604 2075 Favent
628 2043 836 2086 quantocius
859 2041 992 2076 crudeli
1019 2041 1157 2075 domino
1186 2040 1402 2075 crudeliores
1421 2049 1480 2072 sa-

89 2104 244 2147 tellites,
284 2108 318 2139 et
348 2104 413 2139 Dei
447 2104 609 2139 famulum
642 2111 798 2140 sanctum
830 2106 987 2140 Marcum
1025 2108 1243 2139 invocantem
1282 2104 1326 2138 ad
1354 2108 1481 2138 terram

89 2171 279 2215 projiciunt
317 2175 352 2205 et
388 2175 510 2205 acutos
550 2171 651 2215 palos
685 2172 797 2206 oculis
824 2171 1031 2206 effodiendis
1058 2175 1247 2216 apponunt.
1296 2169 1368 2205 Sed
1394 2168 1481 2203 nihil

89 2235 247 2280 palorum
270 2236 500 2280 proficiebant
522 2239 723 2280 conamine,
759 2239 841 2283 quia
874 2239 908 2270 in
944 2247 982 2271 se
1010 2236 1241 2270 tabescebant
1266 2235 1383 2270 subita
1408 2236 1481 2269 sra-

92 2302 218 2335 ctione.
265 2299 370 2335 Jubet
396 2303 524 2348 igitur,
550 2307 586 2337 ut
613 2305 797 2338 securibus
824 2312 927 2337 crura
950 2302 1157 2348 frangantur
1183 2306 1217 2336 et
1240 2301 1349 2346 pedes
1377 2310 1481 2344 prae-

89 2366 273 2408 cidantur,
319 2366 383 2400 sed
420 2367 633 2403 indomabile
671 2369 799 2403 serrum
841 2370 1015 2403 securium
1047 2370 1206 2412 protInus
1238 2366 1411 2399 mollescit
1447 2365 1483 2398 in

89 2433 276 2478 plumbum.
324 2431 430 2466 Jubet
452 2432 588 2467 malleis
615 2434 741 2469 ferreis
763 2445 803 2468 os
830 2438 864 2468 et
890 2433 1012 2466 dentes
1041 2431 1229 2473 contundi,
1263 2429 1326 2464 sed
1352 2429 1481 2464 serrum

91 2508 176 2533 suae
204 2498 342 2532 virtutis
369 2496 590 2531 obliviscitur
614 2503 648 2533 et
671 2499 736 2534 Dei
761 2499 920 2543 potentia
944 2497 1141 2531 hebetatur.
1190 2495 1291 2535 Quod
1323 2495 1481 2537 dominus

91 2563 214 2599 videns
247 2568 282 2599 et
317 2567 462 2607 stupens
495 2564 630 2598 veniam
663 2565 766 2609 petiit
799 2567 833 2598 et
867 2572 940 2596 cum
979 2571 1082 2596 servo
1114 2560 1336 2606 sepulchrum
1369 2561 1481 2595 sancti

158 2662 186 2694 1)
205 2661 367 2689 liistoriola
385 2662 567 2691 antecedens
586 2661 657 2690 inde
676 2671 693 2689 n
711 2661 830 2690 verbis:
855 2659 1021 2688 Juvenis
1044 2659 1161 2694 quida
1170 2668 1200 2687 111
1219 2673 1249 2680 —
1269 2657 1481 2694 praedica-

90 2711 101 2733 1
112 2715 150 2734 nr
168 2706 253 2734 deest
270 2706 303 2734 111
319 2706 373 2734 Ed.
392 2706 486 2734 Ptine.
