1742 3005
245 118 326 155 236
516 118 611 167 Cap.
642 117 742 153 LlV.
802 116 860 153 De
891 115 1168 153 resurrectione
1197 115 1353 153 douiini.

244 221 502 267 sequebantur,
527 221 606 263 post
631 219 830 263 passionem
858 219 972 251 autem
998 216 1054 251 hic
1079 217 1166 251 ordo
1190 221 1340 251 mutatus
1367 221 1441 259 est,
1465 217 1514 250 ita
1540 214 1632 260 quod

244 293 365 323 noctes
389 284 605 331 praecedunt
628 287 661 317 et
688 282 763 316 dies
788 285 980 326 sequuntur
1005 286 1040 316 et
1063 281 1129 316 hoe
1152 284 1316 327 mysterio
1336 282 1520 327 congruit,
1545 291 1632 326 quo-

244 355 333 387 niam
350 351 452 385 homo
478 351 588 395 primo
606 348 648 382 de
671 347 727 382 die
748 348 887 392 gratiae
907 346 1033 381 cecidit
1057 348 1090 380 in
1115 351 1247 381 noctem
1270 348 1407 391 eulpae,
1429 358 1492 391 per
1504 346 1633 381 Christi

243 422 358 452 autem
385 417 585 460 passionem
614 417 648 448 et
674 413 965 447 resurrectionem
993 411 1035 446 de
1072 417 1174 446 nocte
1197 412 1320 456 eulpae
1346 411 1450 446 rediit
1474 413 1518 446 ad
1544 413 1632 447 diem

242 484 393 528 gratiae.
451 482 553 515 Circa
579 478 764 514 seeundum
795 477 971 511 sciendum
1007 482 1080 519 est,
1118 477 1209 522 qnod
1241 478 1450 511 conveniens
1478 478 1563 520 t'uit,
1596 483 1634 513 ut

242 558 310 581 non
338 548 473 588 statim,
501 544 639 590 quando
665 547 820 577 mortuus
846 543 930 585 fuit,
967 542 1125 577 Christus
1151 547 1353 587 resurgeret
1377 543 1439 577 sed
1465 553 1574 588 usque
1599 545 1633 577 in

243 613 332 648 diem
359 613 498 653 tertium
527 613 761 655 exspectaret,
790 613 936 653 propter
960 610 1110 654 quinque
1137 610 1302 642 rationes.
1351 608 1464 643 Primo
1489 613 1634 653 propter

241 679 545 723 significationem.
571 680 608 709 ut
633 675 765 709 seilicet
792 684 834 708 ex
859 674 925 708 hoe
943 673 1214 719 significaretur,
1241 673 1335 719 quod
1359 674 1419 708 lux
1438 684 1522 708 suae
1541 684 1632 708 mor-

239 744 286 777 tis
314 744 449 776 curavit
482 745 635 774 nostram
672 739 812 783 duplam
846 743 990 772 mortem
1025 744 1058 772 et
1094 740 1203 784 igitur
1240 750 1308 773 una
1341 739 1395 774 die
1436 740 1574 784 integra
1599 744 1633 774 et

240 807 376 842 duabus
403 806 563 841 noctibus
594 807 707 851 jacuit
731 807 765 838 in
799 803 1006 848 sepulchro,
1049 808 1086 837 ut
1113 814 1176 847 per
1209 803 1298 837 diem
1326 804 1542 849 intelligatur
1573 806 1633 840 lux

240 883 326 907 suae
353 873 488 913 mortis,
515 882 579 916 per
604 871 690 905 duas
717 874 837 904 noetes
863 873 985 903 nostra
1012 868 1141 913 duplex
1162 879 1266 909 mors,
1294 874 1327 903 et
1352 868 1440 903 hane
1464 872 1632 906 rationem

240 939 402 983 assignat
425 936 553 971 Gtossa
583 946 688 980 super
710 935 795 969 illud
807 935 924 969 Lucae
943 933 1075 968 XXIV:
1097 935 1254 979 oportuit
1271 934 1442 969 Christum
1469 937 1541 980 pati
1565 940 1630 971 ete.

241 1001 401 1037 Secundo
428 1006 573 1047 propter
597 1001 837 1046 probationem
855 1028 862 1041 ‚
897 1001 980 1045 quia
1005 1001 1095 1034 sicut
1126 1002 1159 1033 in
1187 1011 1246 1034 ore
1272 1000 1417 1035 duorum
1449 1002 1503 1037 vel
1528 1003 1631 1037 trium

240 1069 380 1102 testium
406 1071 475 1101 stat
495 1078 594 1101 omne
619 1066 761 1101 verbum
776 1095 783 1109 ,
824 1067 873 1099 sic
899 1066 933 1099 in
956 1065 1068 1099 tribus
1094 1065 1216 1100 diebus
1238 1067 1416 1110 experitur
1439 1068 1516 1111 quis
1532 1078 1630 1103 omne

241 1134 381 1173 sactum,
409 1136 443 1167 et
468 1132 547 1166 ideo
572 1136 609 1165 ut
636 1136 776 1166 mortem
800 1133 887 1165 hene
912 1131 1080 1175 probaret
1103 1135 1137 1165 et
1163 1141 1200 1165 se
1220 1131 1391 1175 probasse
1416 1133 1629 1176 ostenderet,

239 1197 351 1231 tribus
380 1197 504 1231 diebus
530 1198 653 1242 jacere
681 1197 790 1230 voluit
813 1198 847 1230 in
881 1196 1076 1241 sepulchro.
1135 1196 1257 1230 Tertio
1284 1202 1428 1242 propter
1452 1209 1537 1233 suae
1563 1210 1628 1243 po-

239 1265 379 1297 testatis
406 1264 655 1305 ostensionem,
684 1265 766 1307 qnia
790 1263 820 1296 si
845 1263 960 1296 statim
982 1263 1246 1303 resurrexisset,
1276 1273 1343 1296 non
1360 1263 1536 1297 videretur
1563 1275 1627 1309 po-

238 1333 400 1363 testatem
417 1328 547 1363 hahere
569 1327 721 1372 ponendi
741 1329 888 1361 animam
909 1337 1005 1361 suam
1020 1328 1111 1361 sicut
1124 1327 1341 1372 resurgendi.
1371 1327 1415 1362 Et
1431 1329 1517 1364 haec
1537 1332 1627 1364 ratio

238 1394 377 1428 videtur
404 1395 502 1439 tangi
520 1394 546 1430 Ι.
565 1394 643 1428 Cor.
663 1393 728 1428 XV
745 1393 923 1438 superillo
940 1404 947 1426 z
969 1394 1129 1437 qnoniam
1149 1391 1308 1426 Christus
1321 1397 1476 1428 mortuus
1495 1399 1626 1429 estete.

237 1459 340 1502 ldeo,
369 1461 500 1504 inquit,
527 1460 569 1495 de
593 1464 702 1494 morte
729 1460 986 1504 praemittitur,
1014 1463 1051 1492 ut
1075 1459 1165 1493 sieut
1191 1468 1275 1493 vera
1302 1469 1394 1493 mors
1421 1459 1628 1503 ostenditur,

237 1526 287 1558 ita
322 1535 404 1559 vera
438 1527 650 1560 resurreetio
695 1525 909 1559 ostendatur.
968 1524 1100 1564 Quarto
1138 1528 1282 1568 propter
1323 1525 1628 1559 restani-aridorum

235 1589 579 1635 praefigurationem.
628 1591 721 1624 Hane
749 1592 915 1624 rationem
943 1591 1102 1635 assignat
1126 1588 1250 1623 Petrus
1275 1588 1460 1624 Ravennas
1488 1590 1627 1625 dicens:

236 1659 309 1689 tres
336 1654 411 1689 dies
440 1655 549 1688 voluit
575 1665 654 1689 esse
680 1665 765 1690 suae
792 1656 1005 1699 sepulturae,
1034 1665 1122 1700 quae
1148 1656 1182 1689 in
1209 1655 1307 1690 coelo
1333 1661 1424 1698 sunt⁷
1451 1661 1628 1690 restaura-

234 1724 354 1762 turus,
389 1730 478 1765 quae
504 1721 538 1754 in
562 1725 679 1762 terra,
720 1725 965 1764 reparaturus,
993 1730 1081 1765 quae
1109 1721 1201 1764 apud
1228 1721 1373 1763 inferos,
1399 1722 1626 1757 redemturns.

238 1786 363 1825 Quinto
400 1790 544 1830 propter
574 1786 724 1830 triplicis
756 1790 867 1819 status
903 1786 1077 1829 justorum
1116 1789 1483 1829 repraesentationem.
1532 1787 1628 1821 Hanc

236 1852 406 1885 rationem
428 1852 587 1896 assignat
614 1851 806 1897 Gregorius
833 1861 938 1894 snper
962 1849 1089 1885 Ezeeli.
1116 1850 1255 1885 dicens:
1284 1856 1385 1885 sexta
1407 1852 1496 1887 seria
1523 1852 1625 1887 Chri-

237 1921 310 1950 stus
339 1926 465 1960 passus
494 1921 567 1957 est,
596 1916 745 1951 sabbato
772 1917 904 1961 quievit
929 1917 962 1949 in
988 1915 1193 1959 sepulchro,
1232 1915 1404 1950 dominico
1430 1922 1543 1952 autem
1570 1917 1626 1952 die

235 1983 428 2015 resurrexit
454 1991 474 2015 a
496 1986 617 2025 morte,
644 1992 811 2026 praesens
833 1986 946 2015 autem
973 1983 1044 2016 vita
1062 1981 1174 2015 adhue
1199 1982 1301 2015 nobis
1327 1987 1427 2017 sexta
1453 1983 1542 2017 seria
1560 1987 1625 2025 est,

236 2047 318 2090 quia
353 2048 386 2079 in
419 2049 594 2091 angustiis
632 2052 666 2082 et
697 2046 879 2081 doloribus
915 2048 1130 2088 cruciamur,
1180 2047 1242 2081 sed
1277 2048 1426 2082 sabbato
1464 2049 1565 2093 quasi
1591 2049 1625 2082 in

236 2111 425 2155 sepulchro
451 2114 672 2157 quiescimus,
702 2114 784 2157 quia
805 2113 958 2157 requiem
985 2113 1120 2147 animae
1146 2117 1226 2157 post
1252 2118 1395 2148 mortem
1419 2115 1624 2155 invenimus,

236 2176 408 2210 dominico
436 2182 549 2212 autem
579 2178 635 2213 die
661 2188 681 2212 a
705 2177 924 2219 conditione,
951 2182 1076 2211 octavo
1104 2188 1178 2211 eum
1205 2188 1353 2223 corpore
1386 2188 1406 2211 a
1430 2182 1540 2212 morte
1569 2188 1623 2212 re-

235 2243 410 2285 surgimus
445 2247 479 2276 et
513 2245 548 2277 in
577 2244 694 2289 gloria
727 2244 861 2277 animae
899 2244 1002 2277 etiam
1028 2253 1100 2277 eum
1135 2253 1238 2278 earne
1264 2243 1467 2289 gaudemus.
1514 2243 1625 2278 Dolor

236 2318 321 2353 ergo
352 2318 415 2341 nos
445 2309 478 2341 in
504 2312 624 2349 sexta,
661 2310 798 2352 requies
825 2310 858 2341 in
885 2310 1033 2352 septima
1066 2312 1100 2342 et
1125 2309 1244 2352 gioria
1269 2310 1401 2353 exeipit
1427 2311 1460 2343 in
1486 2313 1621 2343 octava.

235 2372 328 2406 llaec
359 2372 562 2418 Gregorius.
612 2372 716 2407 Circa
739 2374 878 2406 tertium
909 2373 1065 2410 seilicet,
1093 2375 1242 2418 qualiter
1266 2376 1469 2416 resurrexit,
1497 2378 1621 2408 notan-

237 2437 326 2479 dum,
357 2437 448 2482 quod
474 2439 583 2482 primo
611 2439 761 2472 surrexit
787 2443 969 2482 potenter,
999 2441 1082 2484 quia
1114 2440 1238 2474 virtute
1262 2441 1417 2484 propria.
1464 2438 1542 2473 Joh.
1570 2439 1620 2472 X:

235 2507 442 2545 potestatem
477 2502 590 2537 liabeo
626 2503 778 2548 ponendi
812 2505 957 2538 animam
983 2514 1091 2539 meam
1125 2509 1160 2539 et
1192 2507 1314 2540 iterum
1348 2504 1506 2539 sumendi
1533 2513 1618 2537 cam.

234 2566 313 2600 Joh.
339 2567 391 2601 11:
430 2568 556 2602 solvite
595 2569 755 2613 templum
782 2569 849 2603 hoc
883 2574 918 2604 et
954 2571 988 2603 in
1021 2571 1134 2604 tribus
1168 2570 1290 2605 diebus
1321 2568 1482 2604 excitabo
1522 2567 1616 2602 illud.

236 2630 397 2663 Secundo
428 2632 588 2674 t'elieiter,
616 2636 697 2678 quia
723 2634 884 2679 deposita
909 2636 1001 2669 omni
1026 2636 1185 2676 miseria;
1210 2633 1334 2669 Matth.
1361 2632 1491 2667 xxvl:
1519 2637 1617 2677 post-

235 2704 335 2738 quam
361 2699 474 2729 antem
511 2707 760 2742 resurrexere,
798 2699 1005 2744 praecedam
1043 2709 1104 2735 vos
1138 2700 1171 2733 in
1208 2697 1409 2733 Galilaeam.
1460 2696 1619 2732 Galilaea
