1742 3005
374 110 466 160 Cap.
500 108 665 146 CXLIX.
726 108 784 145 De
826 110 954 143 saneto
986 107 1203 145 Francisco.
1390 109 1471 150 669

88 217 274 260 deturpare
317 215 501 262 fulgorem.
556 215 670 261 Super
708 216 827 259 petras
873 217 1075 249 reverenter
1114 213 1315 250 ambulabat
1346 216 1472 251 iutuitu

88 283 181 326 ejus,
220 282 280 327 qui
314 281 443 315 dicitur
467 284 585 326 petra,
617 281 706 326 legit
731 280 774 315 de
800 282 856 315 via
883 278 1108 323 vermiculos,
1142 290 1186 315 nc
1219 283 1470 316 transeuntium

86 347 237 392 pedibus
264 348 534 388 conculcentur,
563 352 597 382 et
622 347 759 391 apibus,
785 357 829 381 ne
856 346 971 381 media
996 349 1144 390 pereant
1168 346 1284 391 glacie
1309 347 1472 392 hyemali,

87 413 155 448 mel
180 417 215 448 et
238 416 370 459 optima
394 415 474 448 vina
494 413 597 458 jubet
620 414 772 457 apponi,
809 412 964 446 fraterno
995 412 1131 446 nomine
1157 413 1323 447 animalia
1349 420 1473 449 cuncta

88 481 248 515 vocabat.
297 479 389 514 Miro
409 483 442 514 et
460 478 630 514 ineffabili
649 478 779 523 gaudio
800 477 1003 521 replebatur
1024 476 1068 509 ob
1103 479 1274 511 creatoris
1307 489 1471 523 amorem,

88 555 162 579 eum
188 546 310 588 solem,
336 546 450 579 lunam
476 548 510 579 et
536 544 658 578 stellas
685 542 896 583 intuebatur,
917 546 957 581 *et
977 552 1037 576 eas
1057 542 1100 576 ad
1122 545 1294 577 creatoris
1320 554 1472 580 amorem

87 611 270 646 invitabat.
319 611 489 645 Coronam
510 609 579 643 sibi
596 618 755 654 magnam
774 607 849 642 lieri
868 607 1080 652 prohibebat
1098 607 1237 643 dicens:
1263 610 1355 653 volo,
1380 612 1473 656 quod

88 676 215 711 fratres
247 677 314 710 mei
350 675 527 720 simplices
562 678 695 719 partem
730 673 884 709 habeant
907 675 942 707 in
967 675 1082 718 eapite
1108 685 1195 709 mee.
1244 675 1306 711 Vir
1333 677 1473 722 quidam

86 740 269 775 admodum
303 741 510 783 saecularis,
545 751 619 775 eum
653 750 789 775 servum
823 740 889 775 Dei
918 738 1139 774 Franciscum
1179 741 1273 786 apud
1315 749 1472 779 sanctuni

86 806 288 842 Severinum
341 806 601 851 praedicantem
646 807 856 847 invenisset,
911 805 1001 840 vidit
1052 805 1125 840 Deo
1176 807 1244 841 sibi
1295 810 1472 846 revelante

85 878 241 907 sanctum
273 872 494 907 Franciscum
525 871 660 906 duobus
697 873 908 906 transversis
942 873 1085 906 ensibus
1119 873 1221 907 valde
1256 874 1472 919 fulgentibus

87 940 121 972 in
146 939 281 973 modum
309 940 422 973 erucis
447 939 643 983 signatum,
672 948 815 983 quorum
840 947 927 971 unus
953 947 974 971 a
1001 940 1115 983 capite
1142 949 1253 983 nsque
1281 940 1324 974 ad
1351 941 1472 985 pedes,

87 1005 178 1039 alius
219 1015 240 1039 a
281 1014 383 1039 manu
422 1006 457 1038 in
501 1014 635 1038 manum
679 1014 741 1048 per
774 1007 894 1048 pectus
927 1004 1215 1039 transversaliter
1252 1006 1471 1042 tendebatur.

88 1071 194 1111 Quem
218 1082 293 1105 cum
319 1081 491 1116 nunquam
519 1069 685 1111 vidisset,
711 1070 774 1104 tali
796 1069 930 1115 judicio
958 1080 1219 1116 recognoscens
1246 1078 1472 1117 compunctus
1512 1060 1514 1063 ‚

86 1137 241 1172 ordinem
268 1138 425 1170 introivit
451 1139 485 1170 ct
511 1137 616 1170 vitam
643 1135 794 1170 feliciter
820 1138 1080 1170 consummavit.
1130 1136 1212 1171 Cum
1240 1137 1472 1174 infirmitatem

85 1185 263 1237 oculorum
285 1213 327 1237 ex
347 1201 430 1236 fletu
454 1203 619 1236 continuo
646 1202 863 1244 incurrisset,
892 1202 1138 1245 suadentibus,
1166 1203 1258 1248 quod
1278 1204 1473 1241 abstineret

85 1279 108 1304 a
130 1269 316 1314 lacrymis,
349 1269 399 1303 sic
425 1268 627 1312 respondit:
664 1278 731 1301 non
759 1272 812 1302 est
837 1268 880 1301 ob
907 1278 1058 1303 amorem
1090 1268 1253 1313 luminis,
1285 1271 1378 1315 quod
1406 1271 1471 1305 ha-

83 1335 205 1371 bemus
236 1345 414 1369 commune
450 1344 524 1368 eum
559 1334 706 1375 muscis,
742 1337 907 1369 aeternae
940 1334 1028 1369 lucis
1067 1336 1222 1370 visitatio
1256 1336 1472 1380 repellenda.

85 1401 168 1436 Cum
202 1404 316 1435 autem
349 1410 371 1434 a
406 1399 574 1434 fratribus
613 1404 819 1445 urgeretur,
863 1404 900 1434 ut
933 1404 1113 1445 pateretur
1147 1401 1341 1437 infirmitati
1376 1404 1472 1438 visus

85 1465 274 1501 remedium
299 1464 461 1499 adhiberi
490 1468 524 1499 et
547 1464 783 1510 chirurgicum
808 1466 1072 1502 instrumentum
1104 1467 1255 1503 ferreum
1282 1470 1364 1514 igne
1388 1479 1472 1504 can-

85 1532 171 1567 dens
196 1533 232 1566 in
260 1540 363 1565 manu
388 1535 542 1573 teneret,
578 1533 630 1565 vir
655 1530 719 1565 Dei
746 1533 812 1566 ait:
846 1533 891 1565 nii
925 1533 1036 1567 frater
1060 1535 1174 1579 ignis,
1209 1538 1286 1568 esto
1317 1535 1402 1569 mihi
1438 1537 1471 1569 in

84 1598 152 1633 hae
178 1598 267 1632 hora
290 1598 465 1643 propitius
491 1600 525 1632 et
549 1597 712 1639 curialis;
738 1608 863 1642 precor
888 1598 1083 1641 dominum,
1111 1600 1169 1644 qui
1193 1602 1227 1633 te
1254 1602 1410 1645 creavit,
1435 1605 1473 1635 ut

83 1668 178 1698 tuum
203 1663 287 1698 inihi
310 1663 461 1698 calorem
487 1667 666 1707 temperet.
715 1662 757 1697 Et
784 1663 874 1698 haec
897 1664 1016 1698 dicens
1041 1665 1179 1710 signum
1211 1668 1324 1700 crucis
1350 1671 1474 1701 contra

85 1729 171 1763 illud
205 1728 316 1764 edidit
349 1728 632 1774 profumlatoque
666 1730 726 1764 illo
755 1731 790 1764 in
814 1734 937 1764 tenera
973 1740 1078 1765 carne
1103 1731 1147 1765 ab
1182 1742 1265 1767 aure
1291 1743 1402 1779 usque
1427 1733 1472 1768 ad

85 1794 310 1839 supercilium
347 1794 500 1837 nullum,
541 1799 578 1829 ut
622 1796 761 1838 retulit,
805 1795 962 1831 dolorem
1004 1798 1126 1832 sensit.
1176 1797 1280 1843 Apud
1322 1810 1472 1834 eremum

84 1861 197 1894 saneti
213 1858 342 1895 Urbani
367 1869 471 1895 servo
490 1860 555 1895 Dei
581 1861 804 1906 aegritudine
831 1862 1049 1897 validissima
1073 1863 1270 1907 laborante,
1296 1875 1369 1900 cum
1396 1867 1472 1910 ipse

84 1924 256 1960 defectum
281 1930 427 1962 naturae
452 1928 608 1962 sentiens
633 1928 704 1961 vini
723 1927 884 1972 poculum
903 1929 1119 1973 postulasset
1136 1930 1294 1976 nihilque
1316 1931 1472 1974 adesset,

84 1990 226 2026 allatam
251 1992 320 2025 sibi
345 2001 472 2037 aquam
496 1994 599 2038 signo
628 1995 740 2028 crucis
767 1993 861 2028 edito
893 1994 1095 2038 benedixit3
1133 2007 1212 2031 mox
1243 1999 1278 2031 in
1307 1999 1473 2042 optimum

86 2057 201 2090 vinum
221 2066 391 2093 conversa
405 2062 473 2092 est.
499 2057 598 2097 Quod
617 2057 747 2093 deserti
766 2059 834 2093 loci
855 2064 1046 2104 paupertas
1065 2062 1250 2106 impetrare
1267 2073 1336 2096 uon
1347 2064 1471 2107 potuit,

87 2122 153 2155 riri
183 2122 296 2155 sancti
329 2125 463 2166 puritas
491 2124 712 2168 impetravit,
746 2123 792 2157 ad
824 2124 924 2168 cujus
959 2128 1098 2170 gustum
1131 2125 1249 2160 subito
1284 2127 1472 2163 convaluit.

85 2186 245 2223 Malebat
268 2187 312 2222 de
331 2198 370 2222 se
395 2190 602 2233 vituperium
627 2188 751 2224 audire
777 2198 879 2234 quam
904 2188 1040 2224 laudem
1068 2194 1101 2225 et
1126 2190 1218 2233 ideo,
1247 2201 1322 2225 cum
1350 2192 1473 2237 populi

85 2253 208 2287 merita
232 2253 266 2287 in
293 2262 334 2287 eo
368 2255 565 2289 sanctitatis
601 2254 828 2297 extollerent,
866 2255 1109 2301 praecipiebat
1142 2257 1246 2291 alicui
1277 2256 1401 2300 fratri,
1436 2262 1473 2292 ut

86 2317 194 2353 verba
215 2319 327 2363 ipsum
347 2318 552 2354 vilificantia
579 2321 652 2355 suis
678 2319 822 2354 auribus
849 2321 1085 2356 conculcando
1110 2321 1299 2367 proferret,
1326 2333 1472 2368 cumque

86 2382 196 2417 frater
213 2383 285 2425 illc,
311 2379 394 2419 licet
420 2386 561 2429 invitus,
590 2397 666 2421 eum
695 2387 860 2421 rusticum
886 2390 921 2422 ct
946 2388 1196 2422 mercenarium
1221 2389 1416 2432 imperitum
1438 2391 1472 2422 et

86 2447 242 2482 inutilem
266 2448 420 2492 diceret,
446 2450 663 2486 exhilaratus
689 2451 844 2486 dicebat:
868 2452 1058 2487 benedicat
1080 2453 1147 2487 tibi
1172 2453 1352 2495 dominus,
1389 2455 1472 2498 quia

83 2518 122 2548 tu
143 2514 330 2549 verissima
353 2513 532 2560 loqueris,
571 2520 604 2551 et
634 2517 721 2550 talia
753 2526 807 2551 me
841 2516 943 2552 decet
967 2518 1102 2553 audire.
1150 2518 1226 2552 Non
1251 2522 1321 2552 tam
1346 2529 1470 2555 servus

85 2578 150 2614 Dei
185 2589 353 2624 praeesse
389 2579 498 2614 voluit
529 2590 629 2626 quam
663 2581 812 2616 subesse
843 2592 906 2618 nec
937 2586 1006 2616 tam
1031 2584 1237 2628 praecipere
1262 2594 1364 2630 quam
1389 2595 1470 2630 per-

85 2653 205 2689 agere.
258 2643 395 2680 Idcirco
426 2645 586 2691 generali
623 2646 750 2681 cedens
782 2646 899 2682 officio
932 2647 1163 2693 guardiannni
1202 2651 1325 2695 petiit,
1369 2652 1469 2696 cujus

87 2719 151 2754 per
184 2711 300 2759 omnia
324 2710 495 2748 voluntati
528 2712 740 2758 subjaceret.
786 2712 905 2748 Fratri
938 2724 1097 2760 quoque,
1131 2725 1205 2750 cum
1243 2727 1310 2763 quo
1342 2717 1468 2752 solitus
