1742 3005
191 117 288 167 Cap.
323 116 511 153 CXXXH.
569 116 626 153 De
657 116 798 153 sanctis
830 114 1010 153 Cornelio
1041 121 1078 151 et
1109 115 1314 166 Cypriano.
1385 112 1466 151 595

76 221 193 268 ginem
211 224 251 255 'so
271 221 443 255 convertit
468 223 502 255 et
528 222 604 266 eJus
630 222 764 255 intrans
787 219 969 255 ecclesiam
986 221 1020 254 in
1038 221 1196 254 oratione
1213 229 1285 253 cum
1303 219 1465 264 lacrymis

77 292 117 321 'se
142 287 346 332 prostravit.
393 285 479 320 Post
504 285 674 320 modic-um
700 287 797 320 exire
822 285 1043 330 compellitur
1070 289 1103 320 et
1137 287 1171 319 in
1197 295 1354 331 magnum
1384 295 1465 329 pro-

72 352 202 396 jectam
228 352 343 396 ignem
369 361 488 385 omnes
515 351 641 386 ibidem
667 355 762 385 stare
787 350 944 385 illaesam
972 355 1005 384 et
1029 351 1231 385 incolumem
1250 355 1464 385 contuentur.

75 416 124 451 At
158 420 323 460 parentes
356 418 456 460 pueri
491 417 605 462 ignem
639 427 781 460 parvum
816 426 896 449 esse
922 419 1082 459 putantes
1111 414 1154 448 ad
1180 420 1355 449 sarmenta
1381 426 1464 449 con-

77 485 219 515 currunt
254 485 288 514 et
320 482 356 514 in
388 482 501 525 ignem
538 482 745 524 projiciunt,
785 480 943 513 videntes
978 484 1111 521 autem,
1148 479 1238 524 quod
1265 490 1327 513 nec
1353 482 1404 513 sic
1432 482 1465 514 in

76 546 195 591 aliquo
237 545 459 586 laederetur,
506 545 638 579 lanceis
684 549 718 578 et
760 544 872 578 hastis
918 554 990 577 eam
1025 545 1228 589 impugnare
1262 549 1463 589 coeperunt.

76 610 176 645 Tunc
205 610 336 655 judex,
372 611 430 654 qui
467 609 610 650 aderat,
646 609 870 643 vehomenter
906 609 1089 653 obstupuit
1125 614 1157 643 et
1192 620 1252 643 eos
1279 609 1322 643 ab
1352 611 1463 654 ipsius

74 676 334 720 impugnatione
361 676 593 718 compescuit,
622 684 697 708 eam
725 680 836 708 autem
865 675 1054 720 diligenter
1080 675 1309 709 considerans
1335 676 1463 709 nullum

73 742 110 774 in
134 749 176 774 ea
198 740 335 785 signum
360 739 513 773 incendii
539 743 681 783 praeter
707 740 785 773 sola
810 741 954 774 vulnera
979 740 1176 774 lancearum
1204 742 1344 774 invenit.
1383 740 1463 774 Cum

74 808 186 839 autem
199 809 362 848 parentes
377 804 452 848 ejus
466 803 600 838 domum
616 815 689 838 eam
716 805 984 848 ¹)reduxissent
1003 810 1036 839 et
1060 816 1132 840 eain
1153 806 1313 839 fomentis
1334 810 1367 840 et
1386 806 1463 840 bal-

73 870 150 904 neis
169 874 381 910 recrearent,
409 869 530 903 nolens
551 880 623 903 eam
640 869 732 903 Deus
754 871 900 903 ulterius
923 870 1072 903 humana
1089 871 1291 914 suspicione
1313 871 1462 913 foedari,

72 938 154 979 post
179 933 329 968 triduum
355 935 390 968 in
418 933 522 968 laude
548 935 694 979 virginis
724 938 1006 977 perseverantem
1035 945 1076 968 ex
1103 934 1168 969 hac
1196 936 1267 969 vita
1288 939 1460 971 avocavit.

464 1249 498 1292 ²)
511 1249 637 1311 GAP.
672 1247 882 1311 cxxxii.
920 1248 1071 1312 (132.)

179 1350 281 1395 De
319 1348 563 1394 sanctis
596 1348 892 1394 Cornelio
923 1349 990 1393 et
1019 1348 1348 1404 cypriano.

164 1455 348 1489 Cornelius
383 1455 632 1500 interpretatur
664 1455 865 1501 intelligens
899 1457 1206 1490 circumcisionem.
1254 1455 1332 1500 Ipse
1374 1457 1461 1490 enim

74 1519 247 1554 intellexit
275 1524 309 1553 et
333 1520 563 1566 intelligendo
592 1523 747 1554 servavit
773 1523 1069 1555 circumcisionem
1098 1531 1117 1554 a
1142 1521 1328 1565 superfluis
1355 1520 1462 1555 licitis

75 1589 110 1620 et
135 1586 238 1620 etiam
265 1587 493 1620 necessariis,
543 1585 605 1620 Vel
631 1586 813 1620 Cornelius
838 1596 858 1619 a
883 1596 990 1619 cornu
1016 1589 1050 1620 et
1077 1586 1172 1626 teos,
1201 1586 1293 1631 quod
1321 1590 1373 1620 est
1399 1598 1462 1631 po-

74 1650 200 1695 pulus,
239 1651 341 1696 quasi
375 1661 504 1692 cornu,
539 1650 574 1684 id
610 1655 663 1685 est
688 1651 856 1684 fortitudo
885 1651 1016 1695 populi.
1068 1650 1261 1695 Cyprianus
1290 1651 1417 1685 dicitur
1441 1661 1462 1686 a

75 1726 202 1761 cypro,
236 1715 328 1761 quod
355 1719 408 1750 est
431 1717 600 1758 mixtura,
635 1720 669 1751 et
693 1726 777 1758 ana,
805 1716 897 1761 quod
923 1720 976 1751 est
1003 1725 1151 1750 sursum.
1200 1715 1263 1750 Vel
1289 1716 1417 1751 dicitur
1440 1727 1462 1751 a

75 1791 203 1826 cypro,
240 1779 334 1826 quod
369 1784 423 1816 est
447 1782 625 1816 moestitia
649 1782 701 1816 vel
728 1782 921 1817 hereditas.
968 1781 1047 1826 lpse
1074 1783 1161 1815 enim
1187 1781 1309 1816 habuit
1333 1792 1459 1827 super-

73 1856 152 1881 nam
177 1847 358 1881 mixturam
383 1848 521 1892 gratiae
549 1851 582 1881 et
608 1848 784 1891 virtutum,
812 1848 1023 1882 moestitiam
1050 1851 1272 1891 peccatorum
1298 1851 1332 1882 et
1355 1846 1459 1883 here-

74 1912 216 1947 ditatem
241 1912 442 1947 coelestium
468 1911 687 1958 gaudiorum.

166 1977 348 2011 cornelius
374 1987 468 2022 papa
499 1987 684 2012 successor
718 1979 830 2012 sancti
857 1977 1004 2011 Fabiani
1033 1987 1053 2012 a
1076 1977 1184 2013 Decio
1211 1977 1363 2013 Caesare
1388 1988 1462 2012 cum

76 2043 150 2077 suis
175 2040 312 2075 clericis
338 2043 373 2075 in
397 2043 556 2075 exsilium
581 2043 761 2088 relegatur
786 2043 905 2087 ibique
933 2053 954 2076 a
979 2047 1100 2076 sancto
1120 2043 1293 2087 Cypriane
1312 2043 1461 2076 Cartha-

77 2107 231 2154 giniensi
271 2106 439 2150 episcopo
473 2105 611 2139 litteras
648 2106 915 2139 confortationis
949 2108 1098 2150 accepit.
1148 2106 1305 2139 Tandem
1334 2105 1376 2140 de
1403 2117 1462 2140 ex-

77 2172 159 2207 silio
191 2170 356 2205 reductus
390 2169 498 2204 Decio
532 2173 794 2215 praesentatur,
838 2175 872 2205 et
901 2170 977 2203 dum
1011 2170 1196 2204 immobilis
1230 2176 1462 2215 permaneret,

74 2238 184 2283 Jussit
217 2246 292 2271 eum
325 2235 453 2270 Decius
487 2235 674 2280 plumbatis
709 2235 807 2269 caedi
842 2236 1114 2280 praecepitque,
1148 2240 1185 2270 ut
1221 2236 1265 2270 ad
1299 2235 1463 2281 templum

78 2301 206 2337 Martis
232 2301 439 2342 duceretur,
476 2304 511 2334 et
542 2300 592 2334 ibi
624 2305 684 2334 aut
717 2300 933 2335 sacrificaret
959 2306 1018 2335 aut
1044 2302 1249 2336 sententiam
1277 2301 1463 2346 capitalem

80 2366 226 2402 subiret.
277 2366 360 2400 Cum
386 2376 472 2411 ergo
498 2365 583 2400 illuc
607 2365 811 2409 duceretur,
838 2366 936 2400 miles
964 2366 1102 2412 quidam
1132 2367 1272 2411 rogavit
1296 2377 1392 2409 eum,
1428 2370 1466 2401 ut

80 2431 126 2466 ad
152 2431 287 2465 domum
315 2440 412 2465 suam
437 2430 634 2466 deverteret
658 2435 692 2466 et
716 2441 778 2476 pro
812 2441 922 2465 uxore
956 2441 1020 2465 sua
1046 2430 1236 2473 Saliustia,
1277 2441 1366 2476 quae
1401 2441 1466 2475 per

82 2498 235 2542 quinque
260 2505 369 2530 annos
397 2495 584 2540 paralitica
605 2496 764 2541 Jacebat‚
800 2499 930 2531 oraret.
978 2496 1074 2535 Quae
1099 2495 1176 2529 dum
1204 2495 1248 2529 ad
1273 2497 1466 2531 orationem

82 2562 159 2606 eJus
184 2565 311 2595 sanata
334 2564 448 2605 esset,
482 2559 550 2595 XX
575 2561 704 2596 milites
730 2572 803 2596 cum
831 2562 910 2606 ipsa
934 2564 968 2596 et
992 2561 1068 2594 viro
1095 2570 1158 2594 suo
1187 2561 1325 2595 domino
1352 2560 1467 2596 credi-

150 2659 180 2692 1)
197 2658 252 2688 Ed.
269 2662 315 2688 Pr.
333 2657 600 2686 reclusissent
618 2656 714 2686 offeff.
809 2658 837 2692 2)
857 2662 919 2686 Hoc
937 2662 1027 2693 caput
1045 2657 1137 2691 vulgo
1156 2662 1201 2685 est
1220 2667 1245 2686 c.
1264 2660 1325 2687 132.
1361 2662 1394 2686 In
1412 2658 1466 2686 Ed.

81 2706 126 2731 l’r.
146 2703 335 2732 inscribitur:
355 2706 408 2731 De
428 2707 568 2731 sancto
589 2702 779 2731 Cornelio.

1119 2756 1191 2791 38*
