1742 3005
273 100 354 140 780
563 104 659 153 Cap.
692 102 846 139 CLXX.
905 104 964 140 De
998 110 1127 140 sancto
1159 104 1372 143 Clemente.

272 207 465 249 morsibus,
491 210 528 240 ut
553 207 692 241 omnino
718 207 788 241 sint
813 205 1037 242 insensibiles
1063 207 1232 251 effectae,
1259 213 1364 255 atque
1389 210 1518 245 utinam
1547 220 1599 245 me
1628 211 1661 245 in

270 282 364 306 mare
392 272 701 316 praecipitassem,
730 277 767 307 ut
792 273 885 307 ultra
908 283 976 306 non
1003 274 1165 308 viverem.
1214 274 1279 309 Cui
1306 274 1450 309 Petrus:
1485 276 1567 320 qnid
1594 281 1658 318 est,

271 337 363 382 quod
399 337 585 382 loqueris?
625 340 760 381 neseis,
805 340 888 384 quia
922 341 1059 373 animae
1093 349 1233 382 eorum,
1284 341 1341 385 qui
1374 350 1413 374 se
1449 342 1658 383 interimunt,

268 405 426 448 graviter
451 405 666 448 puniuntur?
714 404 777 439 Cui
805 405 886 439 illa:
918 407 1047 439 utinam
1072 404 1137 439 hoc
1161 404 1245 439 milii
1271 410 1401 440 certum
1427 405 1538 448 hemi,
1565 407 1657 452 quod

268 471 404 504 animae
436 474 518 515 post
550 476 694 506 mortem
728 472 865 514 vivant,
909 470 1061 505 libenter
1097 472 1187 505 enim
1220 482 1271 507 me
1305 473 1417 517 ipsam
1449 472 1657 515 occiderem,

267 540 305 570 ut
342 536 465 571 saltem
499 547 567 571 una
601 537 689 571 hora
726 537 845 572 dulces
877 548 972 572 meos
1008 541 1109 572 natos
1143 537 1261 572 videre
1301 548 1452 582 possem.
1505 538 1658 583 Cumque

266 601 390 636 Petrus
427 603 472 636 ab
508 613 550 637 ea
584 614 723 637 causam
748 608 866 639 tantae
892 605 1058 638 tristitiae
1085 605 1345 650 interrogasset
1376 607 1410 638 et
1441 603 1503 638 illa
1535 605 1567 638 ei
1600 614 1658 637 or-

267 667 381 701 dinem
422 674 547 713 gestae
585 670 635 703 rei
670 674 872 711 narrasset,
912 670 962 703 ait
994 668 1136 704 Petrus:
1177 674 1231 704 est
1268 670 1408 715 quidam
1445 669 1656 704 adolescens

266 732 359 777 apud
384 744 467 776 nos,
495 735 632 769 nomine
659 734 839 775 Clemens,
866 736 925 778 igni
954 733 1064 776 haec,
1093 744 1183 779 quae
1208 735 1338 777 refers,
1366 737 1469 769 matri
1495 740 1528 770 et
1555 735 1657 769 fratri

265 800 396 833 asserit
423 799 608 834 accidisse.
659 799 757 840 Quod
784 799 845 834 illa
871 799 1016 834 audiens
1035 800 1139 833 nimio
1157 803 1302 844 stupore
1321 810 1491 844 percussa
1509 801 1654 842 corruit,

264 874 409 910 cumque
442 865 488 900 ad
525 870 634 901 semet
667 867 777 910 ipsam
810 865 997 908 rediisset,
1042 875 1116 899 cum
1158 864 1319 910 lacrymis
1356 866 1424 899 ait:
1471 875 1538 910 ego
1580 875 1654 899 sum

264 929 502 966 adolescentis
523 936 644 973 mater,
671 935 705 965 et
730 931 917 976 procidens
942 931 987 965 ad
1014 930 1122 975 pedes
1148 930 1241 965 Petri
1267 941 1395 977 rogare
1421 941 1496 966 eum
1524 932 1652 976 coepit,

264 1000 302 1030 ut
327 997 396 1030 sibi
429 996 533 1031 lilium
569 1007 668 1031 suum
697 996 905 1032 festinanter
940 996 1127 1031 ostendere
1153 997 1373 1042 dignaretur.
1422 998 1483 1032 Cui
1512 997 1653 1033 Petrus:

264 1073 339 1096 cum
365 1062 624 1097 adolescentem
659 1062 813 1105 videris,
851 1063 1040 1107 paullulum
1066 1062 1267 1104 dissimula,
1303 1074 1486 1110 quousque
1520 1064 1564 1099 ab
1601 1065 1656 1098 in-

263 1128 342 1163 sula
369 1138 442 1162 cum
468 1130 546 1162 navi
573 1127 806 1174 egrediamur.
856 1128 957 1168 Quod
981 1139 1055 1162 cum
1082 1128 1144 1162 illa
1164 1139 1202 1163 se
1228 1129 1396 1163 facturam
1419 1131 1653 1174 promisisset,

261 1198 385 1229 tenens
410 1193 533 1229 Petrus
560 1203 694 1228 manum
721 1196 798 1239 ejus
825 1195 935 1239 ipsam
961 1194 1006 1228 ad
1032 1204 1170 1236 navem,
1198 1194 1257 1228 ubi
1284 1199 1359 1229 erat
1385 1194 1558 1237 Clemens,
1587 1195 1651 1230 du-

263 1259 380 1298 cebat.
433 1259 566 1295 Videns
607 1271 690 1295 vero
733 1260 894 1295 Clemens
940 1259 1078 1294 Petrum
1116 1270 1218 1294 manu
1257 1260 1436 1295 mulierem
1472 1260 1653 1295 ducentem

262 1324 380 1361 ridere
413 1328 540 1371 coepit.
590 1325 674 1361 Mox
706 1330 840 1368 autem,
878 1330 915 1360 ut
948 1326 1071 1360 mulier
1102 1327 1205 1371 juxta
1240 1325 1450 1361 Clementem
1486 1326 1570 1369 suit,
1614 1338 1653 1362 se

260 1393 440 1428 continere
464 1403 532 1426 non
560 1393 694 1437 potuit,
730 1392 791 1427 sed
827 1394 942 1426 statim
982 1393 1016 1425 in
1050 1391 1232 1436 amplexus
1266 1393 1342 1437 ejtis
1378 1393 1446 1426 ruit
1471 1396 1504 1427 et
1529 1392 1653 1427 crebro

261 1458 417 1492 osculari
456 1460 581 1503 coepit.
631 1459 739 1499 Quam
779 1459 838 1493 ille
872 1462 1045 1504 tamquam
1082 1459 1312 1492 insanientem
1353 1458 1529 1493 mulierem
1578 1469 1652 1493 cum

260 1523 504 1568 indignatione
530 1525 726 1569 repellebat
749 1529 783 1559 et
809 1524 981 1559 adversus
1009 1524 1147 1559 Petrum
1168 1524 1411 1569 indignatione
1428 1535 1497 1558 non
1517 1524 1654 1559 modica

261 1589 478 1626 movebatur,
527 1590 589 1624 Cui
616 1590 758 1626 Petrus:
794 1590 876 1636 qnid
903 1592 1001 1636 agis,
1036 1601 1056 1624 o
1087 1589 1134 1623 iili
1159 1590 1345 1625 Clemens?
1382 1590 1454 1624 noli
1480 1590 1652 1635 repellere

260 1660 402 1691 matrem
440 1659 548 1693 tuam.
597 1656 696 1696 Quod
734 1667 808 1691 cnm
853 1656 1049 1691 audivisset
1091 1656 1269 1697 Clemens,
1314 1655 1475 1701 lacrymis
1515 1655 1651 1690 infusus

261 1734 369 1768 super
394 1728 536 1758 matrem
558 1723 733 1767 Jacentem
761 1721 913 1757 concidit
938 1727 972 1755 et
999 1731 1073 1755 eam
1099 1732 1360 1767 recognoscere
1385 1723 1512 1766 coepit.
1552 1721 1651 1755 Tunc

259 1789 304 1823 ad
332 1792 553 1834 praeceptum
580 1788 674 1824 Petri
696 1788 838 1833 hospita
863 1798 946 1830 sua,
977 1798 1066 1833 quae
1093 1787 1280 1832 paralitica
1302 1786 1466 1832 Jacebat,
1504 1786 1648 1821 adduci-

260 1858 317 1888 tur
342 1858 376 1888 et
401 1854 446 1888 ab
475 1865 516 1889 eo
546 1855 711 1888 continuo
737 1854 918 1889 liberatur.
968 1853 1069 1887 Tunc
1102 1857 1212 1887 mater
1242 1852 1451 1886 Clementem
1479 1852 1522 1887 de
1550 1857 1649 1897 patre

259 1921 503 1965 interrogavit.
554 1919 616 1953 Cui
652 1919 732 1954 ille:
765 1920 810 1954 ad
843 1924 878 1954 te
911 1918 1146 1965 quaerendum
1174 1919 1236 1952 ivit
1263 1922 1297 1952 ct
1322 1917 1415 1951 ultra
1439 1929 1507 1952 non
1534 1919 1647 1954 rediit.

259 1986 306 2020 At
340 1985 401 2019 illa
435 1985 580 2019 audiens
613 1985 829 2019 solummodo
864 1986 1074 2029 suspiravit,
1111 1983 1245 2028 grande
1283 1984 1371 2017 enim
1409 1994 1471 2028 pro
1498 1984 1568 2019 lilio
1594 1986 1647 2019 in-

260 2055 363 2085 vento
409 2051 574 2095 gandium
617 2050 751 2084 habens
796 2051 952 2096 reliquos
985 2049 1235 2084 consolabatur
1268 2059 1459 2086 moerores,
1512 2049 1650 2086 Interea

258 2128 333 2151 cum
361 2115 505 2150 Nicetas
539 2120 572 2150 et
597 2116 727 2162 Aquila
762 2116 927 2151 deessent
961 2120 996 2150 et
1029 2115 1216 2150 redeuntes
1242 2115 1418 2150 mulierem
1446 2126 1519 2150 cum
1545 2115 1648 2151 Petro

259 2183 449 2224 vidissent,
484 2192 653 2227 quaenam
685 2183 732 2216 sit
767 2182 855 2218 haec
890 2182 1030 2225 mulier,
1069 2185 1348 2227 percunctantur.
1401 2183 1533 2222 Quibus
1569 2183 1648 2218 Cle-

259 2259 355 2283 mens
381 2250 445 2282 ait:
472 2252 582 2283 mater
609 2259 685 2282 mea
715 2253 790 2291 est,
825 2259 925 2294 quam
953 2248 1035 2282 mihi
1063 2248 1153 2283 Dens
1180 2249 1361 2283 redonavit
1387 2259 1449 2293 per
1473 2248 1646 2283 dominum

261 2325 372 2349 meum
398 2313 546 2349 Petrum.
596 2314 680 2349 Post
707 2314 793 2349 haec
819 2315 942 2349 Petrus
969 2315 1084 2349 omnia
1116 2316 1159 2348 iis
1187 2326 1249 2359 per
1274 2313 1429 2349 ordinem
1456 2316 1644 2350 enarravit.

259 2381 356 2420 Quae
393 2390 467 2414 cum
503 2379 722 2415 audivissent
755 2380 894 2415 Nicetas
936 2383 970 2414 et
1001 2380 1146 2425 Aquila,
1188 2380 1305 2415 subito
1344 2384 1570 2415 surrexerunt
1612 2385 1646 2416 et

258 2446 494 2491 obstupefacti
520 2446 722 2481 conturbari
748 2450 940 2491 coeperunt
964 2446 1136 2481 dicentes:
1162 2446 1358 2481 dominator
1383 2445 1521 2481 domine
1539 2447 1642 2487 Deus,

258 2523 387 2547 verane
412 2516 491 2546 sunt
516 2511 602 2546 haec
627 2523 668 2546 an
694 2514 861 2546 somnium
892 2516 957 2554 est,
984 2512 1075 2557 quod
1103 2512 1324 2547 andivimus?
1372 2511 1472 2546 Tunc
1503 2511 1643 2546 Petrus:

260 2578 319 2619 lili,
346 2590 426 2620 non,
452 2580 575 2623 inquit,
601 2590 664 2613 nos
691 2580 899 2620 insanimus,
927 2578 990 2613 sed
1013 2578 1099 2614 haec
1126 2589 1207 2613 vera
1231 2582 1321 2612 sunt.
1371 2579 1417 2612 At
1444 2577 1493 2610 illi
1520 2576 1640 2611 sacient

258 2643 493 2678 tonsi-icantes
528 2646 645 2689 ajunt:
682 2656 745 2678 nos
779 2655 895 2679 snmus
930 2644 1114 2680 Faustinus
1152 2650 1185 2680 et
1212 2644 1380 2685 Faustus,
1412 2652 1498 2687 quos
1533 2647 1642 2678 mater

259 2712 381 2743 nostra
415 2711 576 2744 aestimat
607 2712 640 2745 in
676 2713 761 2745 inari
795 2712 981 2747 interiisse.
1040 2710 1082 2746 Et
1115 2714 1336 2746 accurrentes
1369 2709 1403 2742 iu
1439 2709 1639 2753 complexus
