1742 3005
449 74 543 122 Cap.
578 74 691 111 CLV.
755 75 810 111 De
843 82 972 112 saneto
1005 76 1218 113 Leonardo.
1441 79 1522 119 6239

135 185 156 210 a
180 185 262 221 rege
289 175 546 221 interrogatus,
582 178 657 221 quis
694 183 807 219 esset,
847 183 880 213 et
913 190 949 214 se
987 184 1095 216 sancti
1129 181 1275 228 Remigii
1314 183 1518 229 discipulum

136 239 244 274 fuisse
278 245 460 282 narraret,
497 252 555 276 rex
592 252 686 286 spem
719 243 843 277 bonam
877 247 1077 290 concipiens
1115 252 1146 281 et
1178 257 1197 280 a
1232 247 1323 282 bono
1350 252 1519 296 magistro

135 307 246 350 ipsum
272 304 360 340 bene
388 307 588 341 instructum
616 309 818 343 existimans
846 311 956 354 ipsum
985 311 1027 345 ad
1046 313 1202 357 reginam
1223 312 1356 348 induxit
1374 326 1517 361 rogans,

133 374 169 405 ut
194 372 266 405 suis
296 370 457 415 precibus
484 372 525 406 de
552 378 759 417 recuperata
785 375 934 419 conjuge
963 380 995 409 et
1022 375 1116 409 edita
1141 377 1239 420 prole
1275 378 1402 422 duplex
1428 392 1516 426 gau-

133 437 222 471 dium
250 436 434 471 obtineret.
478 436 578 471 Tunc
610 438 669 471 ille
704 440 864 472 oratioue
899 438 995 479 susa,
1031 441 1122 484 quod
1162 442 1323 485 petebat,
1358 447 1516 487 protinus

134 504 344 547 impetravit.
393 502 473 536 Cum
502 506 614 536 autem
641 512 701 536 rex
728 502 833 536 multa
860 504 893 535 in
922 513 1007 537 auro
1035 509 1067 539 ct
1093 510 1239 550 argento
1267 507 1334 540 sibi
1361 509 1517 550 offerret,

132 567 192 602 ille
217 569 375 613 protinus
403 567 577 601 recusavit
603 567 804 607 admonens,
831 571 865 601 ut
888 567 972 603 baec
1001 570 1214 614 pauperibus
1240 571 1351 614 daret,
1378 573 1515 609 dicens:

133 642 199 678 ego
225 632 328 666 nullis
356 631 475 666 horum
503 631 666 677 indigeo,
693 632 754 666 sed
782 636 911 666 tantum
938 635 970 667 in
997 634 1114 680 aliqua
1141 636 1306 671 silvarum
1334 643 1516 675 contemtis

130 697 232 742 huJus
269 696 384 730 muudi
419 696 550 730 divitiis
587 697 653 731 soli
691 696 830 732 Christo
865 698 1025 733 famulari
1059 699 1234 735 desidere.
1286 702 1366 737 Cum
1401 710 1516 740 autem

131 772 190 797 rex
214 765 321 796 totum
349 761 434 796 illud
460 772 578 796 nemus
604 762 671 796 sibi
696 763 836 798 tradere
864 764 987 806 vellet,
1016 765 1074 800 ille
1100 767 1165 799 ait:
1201 778 1267 801 non
1296 773 1402 803 totum
1431 770 1514 805 illud

129 828 284 873 accipie,
310 827 373 862 sed
399 832 561 872 quantum
591 833 690 863 nocte
716 838 789 862 cum
817 839 892 864 meo
918 830 1030 864 asello
1049 832 1198 865 circuire
1217 837 1353 876 potero,
1384 839 1513 869 tantum

130 892 212 927 mihi
246 892 441 928 concedere
475 897 617 938 exopto.
666 894 766 933 Quod
802 904 861 929 rex
899 894 1129 929 libentissime
1155 896 1370 941 adimplevit.
1422 899 1513 934 Cou-

130 961 261 992 structo
281 959 399 1003 itaque
421 958 548 992 ibidem
575 960 800 1001 mommerlo,
828 959 876 993 ibi
904 959 962 993 diu
989 971 1062 993 cum
1089 960 1266 1005 adjunctis
1287 962 1354 997 sibi
1378 963 1514 1000 duobus

130 1022 306 1057 monachis
333 1024 366 1057 in
390 1023 603 1058 abstinentia
629 1024 736 1058 multa
766 1024 930 1070 degebat.
981 1024 1061 1058 Cum
1096 1030 1208 1060 autem
1246 1037 1336 1072 aqua
1370 1040 1435 1064 uno
1469 1032 1513 1065 ab

130 1089 172 1122 iis
207 1088 369 1122 milliario
407 1087 574 1131 distaret,
614 1093 752 1134 puteum
785 1089 911 1124 ibidem
948 1091 1077 1124 siccum
1116 1094 1254 1135 penitus
1291 1093 1363 1127 l'odi
1392 1096 1512 1139 Jussit,

127 1163 225 1199 quem
242 1163 345 1199 taqua
368 1154 588 1188 orationibus
614 1156 687 1188 suis
714 1155 879 1200 implevit.
928 1155 1056 1189 Locum
1090 1160 1202 1190 autem
1236 1158 1328 1192 illum
1354 1159 1514 1196 Nobilia-

126 1229 200 1254 cum
225 1219 418 1264 appellavit
452 1230 516 1262 eo,
553 1220 653 1265 quod.
681 1230 701 1254 a
733 1231 817 1266 rege
850 1220 958 1254 nobili
993 1221 1141 1256 traditus
1175 1222 1243 1256 sibi
1277 1223 1412 1261 suisset.
1462 1226 1513 1261 lbi

125 1286 230 1320 tantis
255 1285 434 1320 miraculis
459 1287 671 1328 coruscavit,
700 1285 814 1331 quod,
842 1286 1038 1332 quicunque
1063 1288 1139 1331 eJus
1167 1299 1289 1323 nomen
1315 1291 1348 1324 in
1374 1301 1515 1327 carcere

126 1352 345 1392 invocasset,
381 1362 457 1385 mox
489 1353 601 1396 ruptis
634 1351 780 1386 vinculis
811 1352 905 1385 nullo
933 1352 1195 1388 contradicente
1222 1354 1312 1389 liber
1340 1356 1453 1391 abiret
1480 1363 1513 1392 et

126 1424 210 1449 suas
247 1415 359 1450 eidem
404 1419 546 1450 catenas
587 1415 640 1450 vel
681 1416 869 1461 compedes
908 1423 1160 1462 praesentaret.
1223 1419 1348 1454 Horum
1393 1423 1511 1466 plures

126 1491 240 1516 secum
267 1480 454 1516 manebant
480 1485 513 1516 et
539 1480 665 1516 ibidem
686 1482 824 1517 domino
845 1483 1056 1517 serviebant.
1094 1484 1232 1528 Septem
1250 1496 1388 1531 quoque
1418 1488 1510 1529 ¹)sa-

127 1547 243 1582 miliae
284 1547 328 1582 de
354 1548 430 1592 ejus
466 1546 575 1581 nobili
613 1549 722 1592 stirpe
751 1548 901 1582 venditis
930 1548 1088 1582 omnibus
1115 1549 1157 1583 ad
1184 1560 1258 1584 cum
1289 1557 1455 1587 venerunt
1480 1560 1513 1588 et

126 1613 324 1648 distributis
349 1612 499 1659 singulis
527 1614 561 1647 in
586 1623 726 1648 nemore
752 1623 826 1647 cum
854 1614 931 1658 ipso
958 1618 1135 1649 manentes
1163 1616 1320 1660 exemplo
1347 1627 1411 1652 suo
1432 1619 1510 1663 plu-

126 1681 231 1714 rimos
265 1682 495 1713 attraxerunt.
545 1678 701 1723 Denique
736 1682 879 1712 sanctus
915 1679 967 1712 vir
998 1678 1204 1715 Leonardus
1246 1682 1361 1716 multis
1394 1684 1510 1719 clarus

125 1744 311 1779 virtutihus
342 1743 418 1779 vlit
448 1743 529 1778 Idus
555 1743 767 1778 Novembres
801 1744 845 1778 ad
879 1743 1051 1796 dominum
1079 1747 1262 1791 migravit,
1302 1747 1379 1790 ubi,
1413 1755 1510 1794 post-

124 1819 224 1856 quam
260 1809 366 1844 multa
399 1809 543 1844 fecisset
579 1810 768 1852 miracula,
811 1810 947 1845 clericis
984 1797 1077 1845 illius
1115 1812 1286 1851 ecclesiae
1322 1818 1375 1847 est
1408 1825 1507 1849 reve-

123 1875 248 1919 latum,
283 1878 340 1917 ut,
375 1876 457 1920 quia
491 1875 588 1910 locus
623 1876 683 1910 ille
717 1880 861 1921 propter
895 1876 1124 1910 multitudinis
1157 1876 1385 1925 frequentiam
1412 1884 1508 1914 artus

124 1945 219 1983 erat,
246 1940 339 1975 valibi
376 1940 558 1975 ecclesiam
595 1940 811 1975 fabricarent
841 1945 875 1975 et
913 1941 993 1976 illuc
1029 1952 1156 1987 corpus
1190 1929 1300 1977 sancti
1332 1945 1509 1980 Leonardi

123 2003 314 2039 honorifice
347 2009 641 2049 transportarent.
691 2006 735 2040 At
771 2006 821 2039 illi
857 2016 929 2039 cum
965 2007 1093 2050 populo
1127 2008 1288 2042 triduano
1312 2010 1450 2054 jejunio
1477 2017 1511 2045 et

123 2070 275 2103 orationi
321 2070 522 2113 insistentes
561 2071 789 2113 respicientes
829 2070 989 2103 viderunt
1035 2075 1140 2104 totam
1182 2074 1394 2115 provinciam
1430 2076 1510 2110 nive

123 2138 336 2179 coopertam,
363 2133 472 2167 locum
500 2138 612 2168 autem
639 2134 746 2175 illum,
773 2135 805 2167 in
832 2144 899 2178 quo
925 2139 1066 2168 sanctus
1092 2135 1299 2170 Lconardus
1326 2139 1509 2182 quiescere

123 2200 283 2242 volebat,
334 2200 472 2233 omnino
514 2207 655 2232 vacuum
705 2204 974 2244 conspexerunt.
1034 2199 1086 2234 lbi
1138 2202 1256 2246 itaque
1298 2204 1508 2246 translatus,

122 2268 252 2311 quanta
286 2264 453 2299 miracula
485 2265 673 2309 praecipue
711 2266 805 2299 circa
846 2266 1082 2299 incarceratos
1126 2264 1286 2301 dominus
1330 2278 1393 2313 per
1433 2260 1507 2304 eum

123 2329 242 2373 faciat,
270 2331 435 2364 immensa
462 2327 546 2363 ferri
573 2330 726 2364 varietas
752 2334 832 2365 ante
858 2331 935 2375 ejiis
961 2329 1126 2364 tumulum
1155 2330 1386 2375 dependentis
1406 2336 1508 2370 testis

122 2396 273 2431 exsistit.
304 2414 341 2421 —
366 2413 408 2420 -
436 2413 479 2420 —
514 2397 558 2431 2.
584 2393 788 2430 Vicecomcs
823 2395 1124 2430 Lemovicensium
1158 2395 1203 2430 ad
1237 2401 1405 2432 terrorem
1434 2410 1506 2434 ma-

123 2461 232 2495 lorum
259 2459 433 2506 quandam
458 2460 702 2505 gravissimam
733 2464 891 2496 catenam
919 2459 1063 2502 fecerat,
1090 2470 1189 2505 quam
1210 2462 1243 2494 in
1262 2463 1402 2508 ²)cippo
1422 2473 1507 2499 suae

122 2527 228 2560 turris
262 2524 361 2572 affigi
388 2524 634 2566 niandavera13
670 2534 738 2569 qua
771 2529 896 2560 catena
930 2526 1124 2570 quicunque
1160 2525 1251 2559 collo
1288 2527 1506 2574 cingebatur,

124 2617 681 2624 —.-—-—-—————-

191 2669 218 2700 1)
238 2669 289 2696 Ed.
310 2673 353 2698 Pr.
374 2669 515 2696 samnia
529 2678 543 2691 ιι
563 2668 645 2700 legit.
748 2670 775 2701 2)
797 2668 847 2697 Ed.
868 2671 912 2697 Pr,
933 2673 1037 2703 typo,

1179 2721 1224 2755 44
