1742 3005
281 95 363 137 912
565 92 660 141 Cap.
692 90 824 129 CCXl.
881 91 941 129 De
972 96 1101 128 sancto
1132 91 1377 143 Wolsgango.

285 203 443 237 generibus
463 203 688 232 tormentorum,
708 208 798 233 quam
816 199 999 227 Dorotheam
1018 199 1178 233 cruciavit,
1203 199 1342 227 ultimum
1359 209 1432 229 vero
1458 201 1488 228 in
1505 199 1667 236 particulas

281 248 418 275 minunas
445 244 559 272 succidi
584 243 672 278 jussit
697 248 727 271 et
753 243 792 270 ad
814 243 1056 271 manducandum
1082 244 1246 279 projicitur.
1282 244 1468 279 Theophilus
1491 254 1564 273 vero
1584 254 1667 273 sacro

281 290 464 326 baptismate
486 289 613 323 mystico
640 297 765 324 corpore
791 293 820 316 et
847 289 990 321 sanguine
1010 288 1119 316 Christi
1138 289 1373 316 communicatus
1393 293 1454 322 est,
1481 290 1611 325 perrexit
1630 289 1668 316 ad

282 336 444 368 Christum,
464 334 515 368 qui
532 333 679 367 glorificat
698 338 817 361 sanctos
837 341 917 366 suos,
936 338 967 360 et
985 333 1168 366 glorificatur
1186 334 1252 370 ipse
1269 333 1300 360 in
1316 333 1371 366 his,
1391 333 1442 367 qui
1459 333 1537 369 patri
1550 339 1667 362 sancto-

281 390 338 415 que
363 380 483 415 spiritui
507 379 774 407 consubstantialis
804 382 833 407 et
860 382 1035 407 coaeternus
1054 378 1132 407 vivit
1151 383 1180 406 et
1199 383 1302 412 regnat
1320 381 1400 407 Deus
1419 378 1448 406 in
1468 378 1585 406 saecula
1603 387 1667 406 sae-

282 425 425 455 culorum.
460 428 566 453 Amen.
1136 432 1139 436 ·

726 749 852 810 GAP.
888 748 1031 809 ccxl.
1066 748 1230 811 (208.)

496 851 604 896 De
653 848 917 893 sancto
959 846 1457 904 wolfgango.

385 957 575 990 wolfgangus
601 955 722 983 natione
750 955 873 988 quidem
898 955 1098 988 Alemauuus,
1126 964 1232 989 genere
1255 965 1329 983 vero
1348 956 1510 989 ingenuus,
1537 955 1574 981 ab
1598 953 1673 990 ipsis

283 1003 427 1032 infantiae
447 1001 624 1030 rudimentis
643 1003 738 1027 Deum
756 999 871 1027 sontem
888 999 970 1026 vitae
988 999 1092 1027 sitiens
1120 1006 1149 1027 et
1175 1001 1271 1028 sancti
1289 1001 1412 1036 spiritus
1432 1000 1525 1034 gratia
1542 999 1672 1027 illustra-

283 1055 350 1082 tus,
370 1047 507 1081 quanwis
526 1045 631 1073 mundi
651 1044 834 1071 amatoribus
853 1044 1009 1071 videretur
1028 1045 1254 1079 contemtibilis,
1273 1055 1379 1078 magna
1398 1045 1572 1073 meritorum
1587 1054 1673 1080 prae-

284 1093 419 1125 rogativa
438 1091 567 1118 eminere
588 1090 697 1125 coepit.
732 1092 806 1116 Nam
823 1099 928 1116 revera
947 1098 1070 1117 necesse
1089 1094 1149 1122 ost,
1169 1094 1218 1123 ut,
1238 1100 1327 1124 quem
1345 1091 1474 1118 mundus
1493 1091 1578 1123 odit,
1605 1090 1674 1117 dili-

285 1143 368 1171 gatur
392 1147 409 1164 a
427 1140 499 1164 Deo.
536 1137 660 1163 Sanctos
685 1134 767 1161 viros
794 1133 826 1161 in
852 1134 910 1161 hoc
929 1135 1049 1162 saeculo
1069 1139 1185 1163 constat
1204 1136 1377 1170 peregrinos
1397 1146 1463 1164 esse
1482 1141 1512 1163 et
1529 1135 1676 1175 hospites,

284 1184 364 1211 unde
383 1186 413 1209 et
431 1179 661 1216 reprehenditur
679 1183 798 1212 Petrus,
824 1178 907 1212 quod
924 1179 1151 1206 tabernaculum
1170 1180 1200 1207 in
1218 1185 1320 1207 monte
1338 1180 1403 1207 fieri
1422 1181 1579 1213 cogitavit,
1605 1179 1674 1214 quia

284 1227 396 1256 sanctis
415 1227 446 1254 in
463 1227 521 1253 hoc
540 1225 652 1252 mundo
671 1223 899 1251 tabernaculum
916 1232 977 1251 non
1004 1229 1066 1258 est,
1093 1225 1202 1259 quibus
1227 1225 1324 1261 patria
1350 1230 1380 1253 et
1404 1226 1510 1253 domus
1535 1226 1566 1253 in
1589 1225 1675 1253 coelo

284 1278 340 1302 est.
377 1271 479 1300 Sancti
496 1271 556 1298 viri
573 1269 710 1297 funditus
730 1268 850 1296 saeculo
868 1270 1072 1298 renuntiantes
1090 1271 1133 1298 ita
1155 1271 1225 1297 huic
1243 1270 1354 1297 mundo
1372 1271 1546 1304 morituitur,
1565 1275 1598 1298 ut
1617 1270 1676 1298 soli

285 1317 409 1346 domino
433 1317 539 1344 vivere
564 1315 764 1347 delectentur,
792 1318 964 1348 quantoque
991 1316 1028 1342 ab
1055 1316 1142 1350 hujus
1169 1316 1281 1343 saeculi
1306 1315 1534 1343 conversatione
1552 1325 1584 1343 se
1603 1316 1675 1343 sub-

285 1364 421 1395 trahunt,
448 1366 531 1389 tanto
558 1361 691 1388 internae
717 1359 826 1387 mentiS
846 1359 909 1386 acie
933 1361 1134 1395 praesentiam
1152 1361 1208 1388 Dei
1228 1366 1257 1388 et
1276 1361 1427 1393 angelicae
1445 1360 1598 1389 societatis
1617 1359 1675 1389 fre-

285 1408 439 1443 quentiam
458 1405 707 1441 contemplantur.
744 1403 801 1441 Qui
821 1404 901 1431 enim
919 1406 1069 1433 renuntiat
1088 1407 1177 1434 rebus
1197 1406 1276 1440 suis,
1294 1415 1348 1434 sua
1366 1407 1508 1438 abnegat,
1532 1405 1584 1440 qui
1600 1414 1674 1433 vero

285 1454 439 1481 renuntiat
458 1452 593 1480 moribus
612 1449 732 1485 pravis,
761 1449 957 1485 semetipsum
984 1450 1100 1478 scilicet
1118 1452 1256 1484 abnegat.
1292 1454 1354 1478 Hoc
1374 1450 1552 1486 adimplevit
1572 1451 1676 1478 beatus

285 1499 487 1531 Wolsgangus.
529 1495 658 1524 Primum
683 1493 760 1521 inter
793 1494 953 1522 canonicos
985 1495 1171 1524 laudabilem
1204 1500 1234 1523 et
1266 1500 1379 1523 castam
1411 1496 1506 1523 vitam
1540 1495 1676 1529 duxerat,

286 1543 396 1570 deinde
415 1542 576 1569 artioribus
601 1538 712 1572 regulis
736 1538 886 1573 implicari
910 1540 1086 1569 desiderans
1112 1542 1144 1569 in
1170 1541 1279 1569 Suevia
1304 1541 1385 1576 apud
1411 1541 1602 1574 coenobitas,
1626 1541 1677 1575 qui

287 1587 416 1616 solitarii
440 1591 603 1619 vocantur,
630 1583 823 1612 monachicae
847 1584 928 1612 vitae
961 1594 1097 1613 normam
1130 1585 1286 1621 professus
1309 1590 1364 1613 est.
1408 1589 1442 1613 Iu
1472 1594 1531 1619 quo
1565 1589 1675 1620 quanto

286 1635 399 1666 rigore,
419 1632 561 1666 qualique
581 1628 774 1658 observantia
792 1629 917 1662 vixerit,
944 1635 973 1657 et
991 1631 1138 1658 virtutum
1157 1640 1276 1658 suarum
1295 1630 1392 1658 exitus
1411 1635 1441 1658 et
1460 1635 1598 1658 ostensae
1617 1630 1676 1658 sibi

286 1677 456 1706 divinitatis
473 1675 604 1704 visionis
623 1673 767 1710 patefecit
785 1679 961 1709 proventus.
996 1678 1069 1703 Nam
1093 1685 1158 1703 cum
1186 1676 1292 1702 beatus
1317 1675 1506 1708 Wolfgangus
1530 1675 1627 1703 adhuc
1645 1676 1676 1702 in

286 1729 412 1758 paterno
431 1722 497 1750 solo
516 1721 634 1757 positus
652 1719 835 1754 peregrinari
854 1728 908 1754 pro
928 1729 1029 1748 amore
1048 1721 1153 1748 divino
1180 1719 1333 1748 affectaret
1357 1725 1386 1748 et
1404 1721 1576 1756 hujusmodi
1595 1720 1675 1748 desi-

286 1768 378 1796 deriis
397 1771 568 1794 sanctorum
587 1775 618 1793 se
638 1763 787 1797 suffragiis
805 1764 913 1799 jugiter
931 1765 1170 1798 commendaret,
1196 1765 1319 1792 beatum
1338 1765 1446 1792 Christi
1472 1765 1674 1793 consessorem

287 1816 459 1846 Otium-iun,
486 1811 533 1839 cui
557 1820 589 1838 se
615 1819 728 1843 suaque
754 1808 997 1843 frequentissime
1023 1810 1271 1844 commendabat,
1297 1811 1357 1838 sibi
1375 1810 1407 1838 in
1425 1810 1537 1838 somnis
1556 1810 1674 1837 adstare

286 1858 428 1889 videbat,
453 1866 542 1891 quem
560 1857 658 1889 jussus
677 1853 833 1881 intendere
860 1854 897 1880 ab
925 1862 961 1881 eo
987 1854 1159 1888 hujusmodi
1184 1855 1301 1890 accepit
1326 1856 1435 1882 verba:
1463 1855 1532 1888 quia
1555 1859 1674 1886 rogatus

287 1907 351 1929 ate
370 1901 475 1934 rogavi
493 1900 648 1927 dominum
667 1907 720 1934 pro
747 1902 794 1930 te,
818 1897 979 1925 manifesto
1006 1897 1063 1924 tibi
1088 1908 1166 1924 nuuc
1191 1898 1290 1925 sutura
1317 1899 1480 1932 quaedam;
1506 1909 1621 1934 pauper
1645 1905 1674 1927 et

286 1946 375 1980 inops
395 1946 432 1972 de
451 1946 506 1972 hac
524 1944 681 1980 provincia
700 1941 867 1975 egrederis,
894 1941 948 1968 sed
967 1941 997 1968 in
1016 1941 1092 1975 alia,
1117 1941 1148 1969 in
1175 1952 1264 1976 quam
1283 1951 1337 1978 pro
1357 1952 1457 1971 amore
1477 1944 1585 1972 Christi
1603 1955 1674 1972 exu-

287 1990 380 2022 labis,
408 1989 615 2024 episcopatum
641 1987 761 2015 caducis
786 1987 875 2013 rebus
900 1986 972 2013 satis
991 1986 1175 2021 locupletem
1193 1987 1468 2022 praedestinatione
1487 1988 1589 2016 divina
1609 1999 1674 2018 sus-

287 2039 428 2070 cepturus
447 2034 514 2061 eris.
552 2035 639 2067 Cujus
659 2033 689 2059 iu
708 2030 968 2058 administratione
988 2031 1013 2058 si
1032 2031 1153 2058 fidelem
1171 2036 1200 2058 te
1227 2033 1415 2066 exhibueris,
1443 2033 1571 2068 expletis
1589 2038 1674 2062 xxu

285 2080 372 2106 annis
398 2079 491 2105 vitam
514 2077 718 2105 transitoriam
744 2075 802 2103 eris
827 2075 959 2109 exiturus
986 2080 1015 2102 et
1042 2080 1193 2103 aeternam
1212 2076 1407 2109 ingressurus.
1442 2080 1478 2104 Et
1495 2078 1552 2106 hoc
1571 2080 1674 2114 procul

284 2124 380 2151 dubio
399 2123 474 2150 scire
493 2128 523 2150 te
547 2123 638 2155 volo,
662 2121 745 2155 quod
769 2120 898 2147 animam
925 2125 1006 2148 tuam
1031 2121 1179 2148 conditori
1202 2121 1374 2150 redditurus
1399 2131 1430 2149 es
1455 2123 1487 2150 iu
1511 2123 1595 2157 loco,
1622 2125 1676 2152 ubi

285 2170 341 2197 sub
362 2168 482 2195 nomine
502 2167 610 2195 Christi
628 2177 645 2193 a
664 2165 834 2193 christianis
852 2164 994 2192 memoria
1013 2175 1080 2192 inea
1098 2171 1259 2194 veneratur
1283 2171 1313 2194 et
1338 2167 1456 2197 colitur.
1493 2170 1559 2204 Quo
1577 2178 1625 2197 me
1643 2170 1676 2197 in

285 2215 358 2240 hora
377 2213 474 2240 exitus
493 2212 536 2239 tui
556 2212 594 2239 de
613 2213 748 2246 Aegypto
767 2210 855 2244 hujus
878 2209 984 2237 mundi
1010 2219 1098 2245 spero
1124 2211 1326 2239 adventurum
1344 2221 1411 2239 cum
1430 2213 1572 2246 caeteris,
1599 2222 1674 2247 quos

286 2259 324 2286 de
344 2257 462 2284 civibus
481 2256 617 2292 supernis
637 2255 676 2282 ad
695 2260 723 2282 te
741 2259 886 2282 venturos
905 2254 1110 2283 consolatores
1128 2255 1239 2282 habere
1258 2256 1411 2286 merueris.
1447 2259 1572 2286 Sanctus
1586 2258 1676 2291 igitur

287 2301 477 2334 Woll'gangus
502 2301 556 2328 hac
585 2300 703 2328 visione
729 2304 872 2334 percepta
900 2308 936 2327 eo
963 2300 1110 2335 amplius,
1144 2308 1204 2334 quo
1232 2300 1342 2328 certius
1371 2301 1549 2330 intendebat
1579 2303 1674 2331 aciem

287 2346 396 2375 mentis
415 2346 445 2372 in
464 2346 620 2381 speculum
640 2345 762 2371 divinae
782 2344 1046 2379 contemplationis
1066 2350 1208 2381 reputans
1227 2345 1334 2379 jugiter
1357 2355 1475 2380 secum,
1497 2347 1625 2381 qualiter
1643 2348 1673 2375 in

287 2392 384 2419 salute
404 2391 531 2418 aliorum
550 2391 608 2418 sibi
628 2398 803 2417 concessum
822 2389 990 2424 duplicaret
1004 2389 1159 2418 talentum.
1197 2391 1284 2424 eujus
1299 2390 1340 2417 rei
1356 2391 1448 2423 gratia
1460 2392 1674 2420 monasterium

289 2441 316 2463 et
344 2436 522 2463 monachum
549 2435 708 2467 deserens,
736 2433 795 2461 imo
820 2443 906 2462 suum
932 2435 1103 2470 apostolum
1129 2435 1242 2469 majora
1266 2435 1409 2463 aemulari
1428 2437 1604 2465 charismata
1623 2446 1673 2464 cu—

289 2483 375 2519 piens
403 2491 456 2516 per
478 2479 686 2508 Alemanuiam
713 2479 835 2506 devenit
862 2479 931 2506 exul
956 2479 988 2506 in
1012 2479 1164 2512 Noricum,
1189 2480 1229 2506 ad
1255 2482 1337 2514 cnjus
1364 2481 1540 2509 orientalem
1557 2485 1673 2517 partem

289 2536 357 2552 cum
382 2525 488 2552 humili
514 2525 658 2553 comitatu
684 2524 884 2559 praetendens
911 2524 1105 2560 praedicandi
1133 2524 1225 2556 gratia
1244 2525 1412 2553 Pannoniae
1432 2525 1519 2561 petiit
1537 2524 1674 2557 confinia,

289 2580 305 2596 e
325 2580 381 2604 qua
403 2580 455 2605 per
474 2570 645 2602 l'iligriuum
664 2569 871 2597 l'ataviensem
891 2570 1065 2605 episcopum
1086 2574 1229 2597 evocatus
1247 2570 1329 2605 piae,
1348 2575 1380 2598 ut
1399 2570 1512 2602 decuit,
1537 2569 1673 2596 luuuani-

292 2615 360 2641 tatis
381 2615 418 2641 ab
439 2623 474 2641 eo
494 2615 655 2650 suscipitur
674 2619 702 2642 et
720 2614 842 2642 fovetur
860 2613 971 2643 officio.
996 2614 1086 2649 Apud
1105 2624 1192 2648 quom
1208 2615 1298 2642 etiam
1309 2625 1374 2642 cum
1387 2619 1506 2648 rogatus
1519 2619 1608 2647 essue,
1628 2614 1672 2642 iu—

293 2658 615 2694 vitusmansitaliquot
625 2660 742 2693 diebus,
761 2659 904 2687 hociuter
922 2664 1038 2687 caetera
1055 2659 1198 2695 prudenti
1208 2669 1306 2687 secum
1318 2663 1562 2689 tractansawntp,
1581 2669 1672 2693 quare

293 2703 462 2738 prohibitus
490 2704 527 2731 sit
553 2705 590 2731 ab
611 2704 787 2732 adducenda
807 2705 845 2732 nd
864 2708 958 2733 Deum
978 2705 1194 2733 Pannoniorum
1214 2710 1309 2737 gente.
1346 2707 1411 2740 Quo
1431 2703 1672 2731 couuuorationis
