1742 3005
252 110 301 148 lo
603 112 697 161 Cap.
730 111 757 147 l.
817 111 875 147 De
907 109 1069 147 adventu
1102 110 1271 147 Domini.

248 215 304 249 ubi
331 220 384 250 est
408 218 581 249 tantarum
608 215 810 258 injuriarum
835 224 986 248 mearum
1009 214 1166 249 fruetus?
1199 214 1289 249 Eece
1313 216 1459 259 pretium
1487 214 1633 259 saugui-

248 284 300 315 nis
328 283 406 322 mei,
436 290 535 324 quem
562 278 641 312 dedi
667 290 730 323 pro
758 278 971 312 redemtione
997 280 1187 312 animarum
1212 284 1417 314 vestrarum.
1466 279 1530 313 Ubi
1559 290 1632 314 ser—

249 349 338 380 titus
365 349 502 385 vestra,
547 353 649 389 quam
680 342 762 376 mihi
786 354 848 388 pro
875 344 988 388 pretio
1014 345 1196 389 sanguinis
1220 346 1284 378 mei
1313 344 1486 379 dedistis?
1556 344 1635 391 Ego

248 422 353 456 super
377 411 524 456 gloriam
549 419 658 444 meam
683 419 746 443 vos
773 408 925 450 habebo,
953 419 1055 453 quum
1081 409 1299 443 esseniDeus
1319 419 1494 454 apparens
1513 410 1634 444 homo:

246 483 279 511 et
306 477 461 511 viliorem
497 486 550 510 me
586 474 744 509 omnibus
777 474 881 509 rebus
917 476 1044 509 vestris
1080 475 1225 509 fecistis.
1294 475 1380 510 Nam
1407 486 1538 510 onmem
1565 487 1635 511 rem

248 544 450 577 vilissimam
474 547 590 577 terrae
617 541 766 586 amplius
793 541 979 581 dilexistis,
1007 550 1109 585 quam
1128 541 1301 585 justitiam
1328 533 1437 576 meam
1464 547 1497 576 et
1521 542 1633 577 tidem.

248 610 339 643 Haec
365 608 642 653 Chrysostomus.
711 607 876 647 Quartum
903 610 956 641 est
988 607 1157 640 severitas
1186 607 1400 651 judicantis,
1451 619 1520 643 non
1546 611 1634 644 enim

248 676 403 709 flectetur
426 675 563 715 timore⁷
592 675 673 719 quia
699 675 916 717 omnipotens
942 676 1005 706 est.
1045 671 1322 716 (Ihm-sustentus.
1362 674 1432 708 Nec
1449 676 1635 710 resistendi

248 742 356 774 xirtus
383 744 436 774 est
460 744 581 774 contra
607 750 682 774 eum
708 749 772 773 nec
798 737 953 783 fugiendi
980 736 1129 771 facultas
1157 743 1220 772 etc.
1291 739 1362 774 Nec
1396 751 1536 776 munere
1572 753 1633 786 po-

246 808 328 840 terit
352 807 547 850 corrumpi,
577 807 659 850 quia
685 804 875 838 ditissimus
902 807 966 838 est.
1015 802 1226 838 Bet-nardus.
1277 805 1426 840 veniens
1456 809 1491 850 ¹)
1517 809 1634 842 veniet

248 872 323 907 dies
348 872 428 914 itta,
475 873 507 905 in
533 881 601 916 qua
627 870 703 916 plus
730 869 893 904 valebunt
919 879 1005 913 pura
1031 868 1138 903 corda
1163 880 1264 914 quam
1292 876 1409 905 astuta
1438 872 1561 914 verba,
1601 878 1635 907 et

247 939 461 973 conscientia
489 937 581 971 bona
607 947 708 982 quam
733 937 909 980 marsupia
936 935 1050 980 plena.
1099 934 1160 969 Ille
1186 937 1274 969 euim
1302 941 1366 979 est,
1394 939 1450 982 qui
1478 949 1545 974 nou
1569 939 1633 973 fal-

247 1004 338 1039 letur
364 1004 479 1038 verbis
506 1014 567 1037 nec
592 1004 748 1037 flectetur
775 1002 885 1036 donis,
933 1001 1016 1036 Item
1041 1002 1269 1045 Augustinus.
1312 1001 1545 1048 Exspectatur
1560 1004 1634 1039 dies

242 1070 366 1115 judieii
394 1074 427 1104 et
450 1069 564 1103 aderit
591 1069 649 1103 ille
687 1069 921 1113 aequissimus
950 1067 1080 1113 ιᾗιιᾰοκ,
1131 1069 1188 1112 qui
1222 1068 1350 1103 nullius
1376 1072 1527 1113 potentis
1554 1081 1634 1115 per-

249 1146 368 1170 sonam
394 1137 541 1180 accipit,
567 1135 665 1179 cujus
693 1134 859 1178 palatium
886 1144 970 1168 auro
997 1137 1031 1167 ct
1054 1137 1202 1177 argemo
1229 1134 1342 1167 nultus
1368 1137 1553 1181 episcopus
1580 1137 1633 1171 vel

248 1202 358 1236 abhas
384 1202 439 1236 vel
466 1211 580 1235 comes
608 1211 830 1245 corrumpere
860 1201 987 1244 poterit
1008 1200 1054 1242 ²¹).
1081 1199 1152 1233 Nec
1166 1199 1259 1241 odio,
1287 1203 1369 1244 quia
1395 1203 1544 1245 optimus
1569 1207 1632 1237 est.

248 1267 284 1302 ln
309 1278 383 1302 euin
410 1269 511 1307 enim,
539 1268 619 1310 quia
646 1267 794 1310 optimus
820 1271 893 1308 est,
922 1265 1036 1299 odium
1062 1265 1188 1299 cadere
1209 1276 1274 1299 non
1302 1271 1428 1311 potest.
1477 1268 1633 1312 Sapient.

249 1334 307 1368 xl.
356 1332 451 1367 Nihil
480 1332 584 1365 odisti
610 1342 727 1365 eorum
755 1341 843 1376 quae
871 1331 996 1365 fecisti.
1045 1331 1116 1365 Nec
1142 1341 1277 1373 amore,
1320 1334 1635 1377 quiajustissiinus

249 1403 314 1434 est.
362 1397 459 1433 Unde
485 1399 587 1432 etiam
617 1397 744 1430 fratres
771 1407 868 1437 suos,
895 1395 929 1430 id
957 1400 1010 1430 est
1036 1396 1146 1430 falsos
1171 1396 1387 1432 Christianos
1412 1408 1480 1431 non
1505 1398 1635 1433 libera-

249 1466 310 1499 bit.
360 1464 508 1499 Psalm.:
546 1463 669 1497 Frater
693 1473 761 1496 non
787 1462 943 1496 redimet.
991 1461 1062 1497 Nee
1090 1473 1221 1505 errore,
1249 1466 1331 1508 quia
1356 1465 1635 1508 sapientissimus

249 1536 313 1567 est.
340 1531 413 1565 Leo
436 1540 548 1575 papa:
573 1529 642 1563 lste
667 1533 721 1563 est
746 1527 944 1562 tremendus
970 1532 1146 1572 aspectus,
1173 1530 1227 1562 cui
1247 1532 1279 1571 ³)
1297 1530 1452 1573 pervium
1467 1534 1521 1563 est
1536 1540 1634 1564 omne

248 1597 397 1632 solidum
424 1600 457 1630 et
481 1599 638 1640 apertum
664 1605 762 1628 omne
788 1598 980 1635 secretum,
1014 1595 1066 1627 cui
1089 1593 1239 1627 obscura
1263 1593 1415 1635 clarent,
1461 1598 1553 1628 muta
1579 1606 1632 1630 re-

248 1663 445 1708 spondeut,
491 1661 663 1694 silentium
695 1660 877 1693 confitetur
911 1663 943 1693 et
978 1661 1006 1692 si
1043 1669 1109 1693 non
1138 1670 1221 1694 voce
1258 1670 1352 1694 inens
1378 1660 1543 1705 loquitur.
1590 1660 1634 1695 Et

249 1730 327 1763 ideo
354 1739 428 1762 cum
455 1729 530 1773 ejus
556 1727 728 1771 sapientia
755 1726 800 1759 sit
823 1726 905 1759 talis
931 1729 964 1760 et
988 1729 1107 1767 tanta,
1141 1729 1263 1759 contra
1288 1727 1397 1770 ipsius
1424 1728 1632 1770 sapientiam

248 1795 333 1830 nihil
358 1794 520 1829 valebunt
553 1792 785 1836 allegationes
822 1791 1089 1832 advocatorum,
1137 1802 1198 1825 nec
1227 1791 1446 1836 sophismata
1477 1791 1634 1836 philoso-

248 1861 415 1907 phorum,
450 1869 513 1894 nec
540 1858 822 1903 praeclarissima
847 1857 987 1902 eloquia
1014 1861 1212 1899 oratorum,
1246 1868 1308 1892 nee
1336 1859 1486 1892 astutiae
1513 1868 1633 1891 versu-

246 1933 371 1962 torum.
428 1926 477 1960 lle
503 1924 556 1959 his
583 1928 733 1969 quatum·
761 1925 810 1957 sie
837 1923 919 1957 dicit
944 1923 1186 1968 Hieronymus:
1237 1925 1356 1968 (planti
1380 1922 1451 1957 illie
1475 1923 1634 1969 elingues

249 1998 282 2028 et
306 1994 388 2027 muti
407 1992 581 2026 feliciores
609 1989 814 2034 loquacibus
840 1992 952 2031 erunt,
981 2000 1048 2034 quo
1078 1988 1122 2022 ad
1147 1990 1303 2032 primuni,
1329 1990 1448 2034 quanti
1473 1993 1634 2033 pastores

248 2057 490 2104 philosophis,
530 2068 597 2102 quo
625 2056 669 2090 ad
693 2054 901 2097 secundum,
942 2056 1062 2099 quanti
1087 2056 1207 2088 rustici
1233 2055 1452 2098 oratoribus,
1496 2065 1564 2100 quo
1589 2054 1633 2088 ad

248 2127 406 2166 tertium,
434 2125 554 2170 quanti
579 2122 723 2157 hebetes
749 2122 897 2166 argutiis
921 2120 1145 2165 praeferendi
1172 2124 1252 2154 sunt
1277 2121 1467 2163 Ciceronis,
1496 2131 1564 2165 quo
1590 2120 1634 2154 ad

250 2195 420 2237 quartum.
495 2190 654 2229 Quintum
693 2191 746 2222 est
774 2188 810 2230 4)
845 2189 1028 2220 accusator
1060 2185 1252 2220 horribilis.
1325 2185 1414 2220 Tros
1441 2187 1529 2220 enim
1554 2189 1634 2219 tunc

248 2261 472 2292 accusatores
492 2258 628 2288 -contra
652 2257 870 2299 peccatorem
897 2251 1050 2286 stabunt.
1098 2250 1231 2284 Primus
1260 2254 1314 2284 est
1338 2250 1531 2295 dyabolus,
1575 2252 1635 2296 qui

247 2328 328 2357 tune
369 2320 557 2356 accusabit.
628 2320 868 2364 Augustinus:
913 2321 1056 2362 praesto
1097 2323 1177 2350 tunc
1221 2318 1287 2350 erit
1329 2317 1499 2363 dyabolus
1544 2318 1633 2352 reci-

248 2395 326 2423 tans
350 2387 460 2423 verba
485 2386 718 2432 professionis
741 2389 883 2418 nostrae
908 2388 941 2418 et
967 2383 1136 2428 objiciens
1173 2383 1272 2417 nobis
1299 2394 1525 2429 quaecunque
1551 2383 1635 2417 feci-

248 2466 343 2497 mus,
379 2456 412 2487 in
440 2464 507 2498 quo
532 2453 609 2486 loco
635 2456 669 2487 et
693 2453 726 2485 iu
751 2461 820 2496 qua
846 2450 934 2485 hora
964 2450 1205 2495 peccavimus,
1246 2454 1280 2484 et
1305 2450 1386 2495 quid
1412 2449 1494 2484 boni
1521 2449 1635 2483 facere

250 2526 328 2554 tune
353 2519 546 2555 debuimus,
573 2518 727 2552 dicturus
752 2521 805 2553 est
827 2519 914 2552 enim
938 2517 997 2551 ille
1023 2515 1268 2551 adversarius:
1294 2513 1634 2561 Aequissimejudex

320 2644 345 2676 1)
365 2643 547 2675 antiquiore-3
570 2646 646 2668 re-ctc·
665 2642 823 2667 omittunt:
859 2651 871 2668 x
889 2641 971 2667 vnio
984 2651 998 2665 n
1011 2650 1032 2668 s.
1111 2641 1139 2673 2)
1159 2640 1255 2666 Vei-lm
1277 2642 1347 2665 Nun
1367 2636 1459 2663 odio
1479 2650 1507 2656 ·—
1530 2634 1591 2661 red
1604 2634 1610 2660 i
1624 2650 1634 2653 -

252 2700 277 2715 m
291 2693 321 2715 et
342 2687 450 2714 omittit
473 2686 525 2715 iod.
545 2686 636 2714 rrine.
745 2688 774 2719 3)
795 2686 846 2714 Ed,
868 2686 959 2711 t'rinc.
979 2684 1084 2711 lirosa.
1104 2687 1171 2712 1472
1193 2682 1277 2716 legit:
1299 2681 1374 2708 tibi
1394 2692 1411 2716 p
1422 2690 1437 2707 a
1450 2690 1487 2708 rx·
1498 2689 1514 2707 u
1525 2689 1553 2707 ni
1573 2683 1631 2706 vsi

252 2742 338 2761 usse
358 2731 535 2760 solidum.
606 2732 634 2764 4)
654 2731 730 2757 Malu
754 2730 828 2758 Edit.
849 2733 892 2757 Pr.
912 2729 1017 2757 rii-esd.
1037 2727 1244 2756 excusatio
1264 2724 1360 2753 offert.
