1742 3005
315 85 397 125 284
565 86 662 137 Cap.
693 85 832 124 LXIII.
890 86 948 123 De
979 90 1109 124 saneto
1139 86 1254 124 Petro
1285 86 1450 124 martire.

315 202 389 226 eum
421 191 600 236 passi0nis
633 190 710 235 eJus
746 198 854 234 saepe
887 189 1073 225 luminaria
1107 190 1150 226 de
1185 191 1286 226 eoelo
1312 189 1563 226 descendentia
1585 189 1703 235 plures

313 257 478 302 religiosi
510 255 641 301 aliique
677 265 779 301 quam
809 255 928 300 plures
957 255 1147 290 visibiliter
1179 261 1445 301 conspexerunt.
1492 255 1587 291 luter
1615 265 1705 302 quae

313 322 499 355 luminaria
512 320 600 355 duos
615 320 744 355 fratres
765 322 800 354 in
820 319 942 355 habitu
961 320 1244 365 praedicatorum
1264 332 1303 356 se
1326 322 1458 357 vidisse
1476 323 1596 359 testati
1612 325 1702 355 sunt.

314 387 460 427 Quidam
478 388 621 432 juvenis
644 388 782 421 nomine
803 384 1013 428 Gunsredus,
1034 386 1124 421 alias
1141 386 1329 421 Guifredus
1345 388 1392 432 ¹),
1411 387 1455 423 de
1474 389 1616 422 civitate
1634 388 1702 422 Cu—

313 463 415 487 mana
430 452 509 487 dum
527 452 570 487 de
587 462 702 497 panno
718 453 856 487 tunicae
873 454 985 486 saneti
1000 452 1094 487 Petri
1110 452 1259 487 haberet
1290 456 1326 487 et
1346 452 1486 497 quidam
1501 452 1703 488 haereticus

313 519 425 554 eidem
450 518 642 553 deridendo
670 518 814 560 diceret,
841 522 889 561 ut,
914 519 946 552 si
968 523 1124 553 sanctum
1143 529 1217 553 eum
1235 518 1408 561 crederet,
1433 519 1599 564 inignem
1616 529 1703 564 pan-

311 596 389 619 num
416 586 528 630 ipsum
551 585 745 630 projiceret
769 587 804 618 et
830 585 861 617 si
887 584 1042 619 comburi
1067 595 1136 619 non
1164 585 1404 630 contingeret,
1432 583 1567 630 absque
1598 583 1704 619 dubio

311 655 453 685 sanetus
481 655 578 685 esset
605 654 639 684 et
663 650 741 694 ipse
767 659 852 684 suae
879 649 960 685 fidei
985 650 1219 693 adhaereret,
1253 657 1403 695 moxque
1437 660 1544 695 snper
1577 649 1703 684 carbo-

310 727 372 751 nes
399 725 568 749 accensos
594 724 743 759 pannum
770 715 885 748 saneti
909 715 1004 749 Petri
1029 716 1199 760 projecit,
1227 715 1290 750 sed
1316 715 1359 749 ab
1387 716 1465 760 ipso
1490 717 1573 761 igne
1600 715 1705 749 altius

312 781 481 822 resilivit,
509 779 634 814 deinde
660 790 724 824 per
749 790 787 814 se
814 790 921 824 super
946 781 1044 824 ipsos
1070 779 1241 815 carbones
1267 781 1430 815 resiliens
1456 783 1554 825 ipsos
1579 781 1705 816 arden-

309 851 362 881 tes
394 847 534 890 penitus
572 847 751 880 exstinxit.
801 845 903 879 Tune
937 845 1137 879 incredulus
1170 845 1230 880 ille
1264 845 1370 879 dixit:
1408 847 1461 880 sie
1493 857 1557 891 per
1593 848 1707 881 omnia

311 922 446 957 pannus
472 912 612 946 tunicae
642 921 741 946 meae
778 910 895 945 faciet.
945 910 1085 946 Positus
1112 915 1165 946 est
1188 912 1298 957 igitur
1330 921 1437 956 super
1463 912 1552 946 alios
1579 912 1705 946 carbo-

310 988 374 1012 nes
402 988 442 1012 ex
468 987 538 1011 una
562 981 663 1022 parte
689 987 824 1021 pannus
851 976 1021 1011 haeretiei
1050 981 1083 1012 et
1109 988 1151 1012 ex
1175 977 1289 1011 altera
1314 982 1414 1022 parte
1439 987 1576 1022 pannus
1593 978 1707 1012 saneti

308 1044 413 1078 Petri.
461 1043 600 1078 Pannus
627 1046 741 1077 autem
766 1042 938 1077 haeretic-i
965 1053 1064 1085 mox,
1090 1047 1128 1077 ut
1155 1044 1249 1089 ignis
1274 1042 1425 1077 calorem
1455 1045 1578 1085 sensit,
1603 1045 1704 1088 peni-

308 1114 364 1143 tus
391 1109 613 1149 combustus,
639 1118 774 1153 pannus
800 1119 882 1142 vero
910 1110 1024 1143 saneti
1052 1108 1147 1143 Petri
1173 1110 1206 1142 in
1224 1109 1307 1154 igne
1325 1109 1524 1153 praevaluit
1543 1114 1576 1144 et
1590 1111 1705 1155 ignem

310 1178 423 1221 ipsum
452 1175 638 1216 exstinxit,
673 1175 723 1207 ita
755 1172 849 1219 quod
882 1184 948 1208 nee
982 1174 1073 1218 pilus
1111 1174 1238 1220 aliquis
1268 1174 1310 1209 de
1339 1185 1379 1209 eo
1400 1176 1602 1209 combustus
1627 1175 1702 1209 fuit.

310 1242 411 1282 Quod
440 1241 560 1275 videns
583 1239 782 1274 haereticus
810 1237 857 1273 ad
879 1240 968 1273 viam
996 1241 1154 1275 veritatis
1179 1239 1284 1274 rediit
1310 1244 1343 1275 et
1366 1241 1568 1275 miraculum
1594 1242 1703 1275 omni-

308 1309 373 1343 bus
403 1307 605 1353 publicavit.
630 1326 673 1331 —-
691 1326 734 1331 ——
752 1327 796 1331 —
823 1306 860 1351 2)
872 1308 914 1344 ἶ.
939 1305 1044 1351 Apud
1068 1305 1281 1341 Floeentiam
1297 1306 1438 1350 juvenis
1459 1306 1598 1352 quidam
1618 1306 1704 1341 hae-

309 1376 437 1410 reticus
472 1374 647 1418 pravitate
686 1376 871 1417 corruptus
904 1383 980 1407 eum
1016 1374 1051 1407 in
1088 1372 1241 1407 eeclesia
1272 1370 1419 1405 fratrum
1455 1371 1498 1407 de
1524 1371 1705 1407 Florentia

309 1452 384 1475 cum
426 1439 635 1486 quibusdam
668 1438 750 1472 ants
780 1437 973 1484 Juvenibus
1011 1442 1093 1473 ante
1135 1436 1308 1484 quandam
1344 1436 1516 1481 tabulam,
1555 1438 1616 1472 uhi
1650 1441 1705 1473 est

310 1507 485 1551 depictum
510 1505 702 1539 martirium
737 1506 848 1539 saneti
872 1503 986 1548 Petri,
1021 1508 1150 1547 staret,
1187 1503 1310 1539 videns
1336 1503 1495 1538 lictorem
1520 1514 1596 1539 eum
1621 1514 1702 1549 per-

307 1573 493 1606 cutientem
518 1572 705 1616 evaginato
732 1570 853 1616 gladio
879 1572 957 1617 ipse
982 1570 1087 1605 dixit:
1112 1571 1242 1604 utinam
1269 1581 1337 1617 ego
1364 1570 1414 1604 ihi
1437 1569 1595 1613 fuissem,
1622 1571 1706 1615 quia

309 1637 459 1672 validius
486 1636 757 1681 percussissent!
807 1636 882 1676 Quo
912 1636 1004 1671 dieto
1031 1638 1146 1671 statim
1173 1640 1286 1670 mutus
1314 1636 1458 1671 effectus
1487 1640 1550 1671 est.
1601 1635 1701 1671 Cum-

308 1714 374 1749 que
400 1704 488 1738 socii
512 1703 742 1747 requirerent,
768 1701 850 1747 quid
874 1701 1034 1744 haberet,
1061 1703 1187 1746 etipse
1210 1702 1298 1736 nihil
1323 1701 1541 1747 respondere
1566 1706 1701 1747 posset,

308 1781 384 1805 eum
412 1769 547 1803 domum
575 1767 801 1803 reduxerunt.
850 1767 920 1802 Sed
947 1778 1021 1802 cum
1047 1769 1082 1802 in
1106 1770 1165 1802 via
1191 1768 1373 1802 ecelesiam
1397 1767 1570 1813 quandam
1591 1769 1703 1802 saneti

306 1835 495 1870 Michaelis
522 1834 686 1876 vidisset,
726 1834 868 1879 elapsus
895 1834 938 1868 de
963 1835 1122 1868 manibus
1148 1835 1322 1868 sociorum
1350 1833 1535 1868 ecelesiam
1561 1835 1703 1867 intravit

308 1906 343 1937 et
369 1902 512 1935 flectens
538 1910 655 1947 genua
680 1899 787 1934 eorde
819 1904 974 1934 sanctum
999 1899 1138 1934 Petrum
1166 1901 1323 1945 rogavit,
1362 1902 1400 1933 ut
1433 1898 1502 1933 sibi
1528 1902 1701 1943 parceret,

308 1972 390 2002 voto
407 1995 414 2009 ‚
440 1969 529 2001 sieut
554 1968 689 2011 potuit,
724 1976 762 2001 se
789 1966 977 2012 obligans,
1013 1965 1118 2011 quod,
1144 1967 1174 2000 si
1200 1965 1431 2007 liberaretur,
1468 1969 1614 2009 peecata
1638 1974 1702 1998 sua

306 2033 531 2068 eonfiteretur
564 2037 597 2068 et
631 2043 764 2067 omnem
799 2032 964 2070 haeresin
990 2032 1194 2078 abnegaret.
1243 2031 1344 2066 Tune
1377 2031 1493 2066 subito
1527 2030 1701 2076 loquelam

306 2101 530 2144 recuperavit
553 2103 588 2134 et
614 2100 756 2134 veniens
785 2098 829 2133 ad
857 2098 994 2132 domum
1019 2098 1164 2132 fratrum
1191 2098 1356 2144 abjurata
1390 2098 1532 2132 haeresi
1556 2100 1703 2141 peecata.

307 2176 372 2199 sua
405 2166 589 2200 confessus
618 2170 691 2210 est,
729 2165 812 2200 data
838 2165 981 2199 lieentia
1016 2164 1234 2206 confessori,
1276 2163 1369 2208 quod
1402 2163 1469 2197 hoe
1502 2165 1538 2196 in
1569 2162 1699 2207 populo

307 2231 540 2275 praedIearet.
587 2230 667 2276 Ipse
700 2243 837 2277 quoque
864 2234 899 2265 in
923 2230 1065 2275 publissa
1093 2230 1238 2264 fratrum
1259 2229 1523 2274 praedicatione
1549 2238 1699 2274 surgens

305 2307 422 2331 eoram
447 2297 540 2330 omni
563 2297 781 2331 multitudine
807 2297 872 2331 hee
896 2296 1080 2331 confessus
1108 2300 1171 2331 est.
1196 2316 1240 2322 —
1257 2316 1301 2321 —
1320 2316 1363 2321 —
1389 2298 1433 2333 S.
1456 2294 1563 2329 Navis
1590 2303 1699 2339 quae-

306 2362 385 2397 dam
405 2363 483 2397 duni
506 2363 538 2396 in
560 2362 673 2397 medio
695 2364 800 2397 maris
826 2373 937 2407 paene
957 2362 1179 2409 naufragium
1198 2365 1389 2407 pateretur,
1416 2370 1524 2396 saeva
1537 2359 1698 2394 ssuetuuin

308 2429 532 2464 inundatione
555 2434 735 2474 quassata,
764 2439 954 2474 omnesque
972 2429 1191 2476 caliginosae
1219 2429 1331 2462 noetis
1356 2426 1512 2462 tenebris
1536 2430 1695 2460 teneren-

304 2500 381 2538 tur,
408 2495 625 2530 diversorum
653 2499 849 2529 sanctorum
883 2495 1054 2541 suffragia
1086 2494 1332 2541 postulabant,
1364 2493 1426 2529 sed
1462 2502 1535 2526 euin
1567 2491 1696 2525 nullum

307 2573 392 2597 suae
417 2562 638 2597 liberationis
665 2561 825 2596 viderent
858 2561 1021 2596 indicium
1056 2571 1164 2607 seque
1189 2560 1382 2606 periclitari
1407 2558 1588 2603 plurimum
1620 2557 1693 2592 sor-

374 2659 401 2691 l)
421 2659 537 2688 derr.
556 2659 643 2692 legit:
665 2663 710 2687 Cu
724 2659 875 2687 isi-edus
895 2659 938 2685 de
958 2662 1014 2688 etc.
1115 2659 1144 2692 2)
1163 2660 1326 2690 sequentes
1346 2655 1525 2691 paragraphi
1543 2664 1637 2690 usque
1656 2655 1694 2684 ad

306 2706 418 2731 minam
432 2703 540 2731 desunt
560 2705 588 2731 in
608 2705 661 2733 Ed.
682 2709 742 2738 1’r.,
762 2704 922 2732 mnntlesto
942 2703 1062 2732 serioris
1082 2701 1213 2735 originis.
