1742 3005
228 116 306 155 110
527 116 620 165 Cap.
655 114 789 151 XXIII.
849 115 906 150 De
938 121 1065 151 saneto
1098 112 1340 152 Sebastiano,

227 221 338 256 sallat.
387 221 469 264 Ipsa
494 221 641 263 imperat
664 218 830 259 crimIna,
861 217 964 262 jubet
990 217 1167 260 facinora,
1197 218 1321 253 suadet
1350 220 1501 264 Injusta,
1530 217 1614 253 haee

225 292 337 322 autem
366 285 575 331 persecutio,
604 291 705 328 quam
731 281 786 316 hic
810 284 972 327 patimur,
997 282 1102 318 hodie
1130 284 1353 320 excandescit
1375 287 1409 319 et
1435 294 1513 319 cras
1529 294 1608 319 eva-

225 353 354 393 nescit,
380 349 484 383 hodie
511 347 709 383 exardescit
734 352 769 383 et
791 357 870 382 cras
896 348 1117 394 refrigescit,
1146 349 1209 383 sub
1233 359 1302 384 una
1328 349 1415 383 hora
1440 349 1614 384 inducitur

225 423 258 453 et
283 416 346 451 sub
374 425 442 450 una
466 414 555 449 hora
578 414 785 449 excluditur.
851 414 959 450 Dolor
986 417 1100 449 autem
1127 418 1290 449 aeternus
1315 419 1525 457 renovatur,
1576 419 1613 449 ut

224 485 382 524 saeviat,
410 484 675 527 augmentatur,
701 483 739 514 ut
762 485 886 514 exurat
901 509 908 523 ,
937 481 1167 515 inflammatur
1192 484 1229 514 ut
1253 481 1387 525 puniat.
1432 480 1471 515 In
1495 491 1612 517 amore

224 559 310 595 ergo
335 548 481 582 martirii
507 550 646 581 nostros
668 546 742 591 Jam
770 547 976 582 suscitemus
1004 546 1162 582 affectus.
1234 545 1286 580 Ibi
1322 547 1409 581 enim
1443 546 1613 592 dyabolus

225 626 262 650 se
289 616 427 648 vincere
453 613 640 654 existimat,
669 614 727 657 qui
753 611 832 647 dum
856 614 961 658 capit,
987 616 1110 657 eaptus
1137 616 1212 655 est,
1238 612 1316 646 dum
1344 616 1463 655 tenet,
1498 615 1612 647 tentus

225 685 290 722 est,
315 679 392 713 dum
419 679 535 719 vincit,
562 679 673 711 victus
699 681 764 720 est,
791 682 825 713 et
851 678 929 712 dum
955 682 1108 723 torquet,
1135 682 1331 724 torquetur,
1359 677 1438 712 dnm
1457 677 1612 723 jugulat,

224 747 359 780 occisus
387 747 459 785 cst,
486 747 520 777 et
545 742 622 776 dum
647 743 812 785 insultat,
840 745 964 778 irrisus
989 748 1053 778 est.
1108 743 1220 789 Igitur
1245 744 1324 778 dum
1351 744 1473 779 beatus
1501 743 1611 778 Seba-

224 813 360 845 stianus
384 809 470 843 haec
496 818 539 842 ex
563 818 623 843 ore
649 808 837 853 proferret,
866 808 981 842 subito
1006 819 1070 854 per
1094 819 1195 842 unam
1223 809 1296 844 scre
1313 809 1434 843 horam
1457 819 1478 843 a
1495 809 1611 853 splen-

225 877 309 912 dore
344 876 448 910 nimio
482 874 525 910 de
549 874 649 909 coelo
683 873 915 909 descendente
944 874 1157 908 illummatus
1182 878 1235 910 est
1259 879 1293 910 et
1317 874 1381 909 sub
1408 874 1469 907 illo
1495 873 1611 918 splen-

225 942 309 977 dore
345 941 453 987 pallio
487 939 734 974 camlidissimo
772 941 916 974 amictus
952 943 986 974 et
1018 939 1061 974 ab
1087 941 1225 987 angelis
1252 944 1383 986 septem
1411 939 1613 974 clarissimis

223 1007 466 1044 circumdatus.
491 1006 635 1041 Juvenis
659 1007 763 1041 etiam
789 1006 953 1051 apparuit
973 1006 1078 1050 juxta
1101 1017 1176 1041 eum
1201 1006 1287 1040 dans
1313 1007 1345 1041 ei
1370 1015 1490 1051 pacem
1511 1009 1545 1039 et
1560 1004 1612 1039 di-

223 1085 324 1110 cens:
365 1077 403 1107 tu
429 1082 565 1117 semper
589 1082 717 1106 meeum
744 1073 824 1107 eris.
875 1072 956 1106 Cum
982 1075 1096 1106 autem
1119 1072 1244 1107 beatus
1274 1071 1504 1106 Sebastianus
1527 1070 1614 1105 baec

225 1144 258 1175 et
283 1139 337 1173 his
363 1138 491 1172 similia
515 1137 750 1182 praedIcaret,
775 1137 847 1172 Zoe
874 1147 962 1170 uxor
985 1136 1195 1176 Nicostrati,
1222 1139 1255 1172 in
1280 1138 1378 1182 cujus
1403 1137 1504 1171 domo
1531 1147 1612 1171 san-

223 1208 269 1241 cti
294 1203 603 1245 custodiebantur,
651 1213 740 1248 quae
772 1202 948 1247 loquelam
974 1205 1159 1245 amiserat,
1206 1203 1354 1248 pedibus
1381 1204 1457 1249 cJus
1483 1213 1612 1248 provo-

224 1273 297 1307 luta
328 1270 467 1305 nuIIbus
502 1270 639 1303 veniam
673 1269 888 1314 postulabat.
960 1268 1057 1303 Tunc
1093 1268 1324 1304 Sebastianus
1358 1271 1425 1304 ait:
1473 1270 1502 1303 si
1543 1278 1611 1313 ego

224 1337 354 1373 Christi
379 1345 502 1371 servus
530 1345 604 1369 sum
630 1338 664 1369 et
693 1335 723 1368 si
753 1344 839 1369 vera
864 1338 944 1369 sunt
970 1336 1105 1377 omnia,
1161 1346 1250 1380 quac
1275 1346 1318 1370 ex
1343 1346 1403 1370 ore
1428 1344 1504 1369 meo
1526 1333 1613 1368 hacc

224 1403 347 1438 mulier
371 1401 506 1436 audivst
530 1404 564 1435 et
588 1400 756 1443 credidit,
791 1401 930 1446 aperiat
957 1410 996 1434 os
1021 1401 1121 1445 cJus,
1163 1402 1222 1446 qui
1247 1402 1384 1446 aperuit
1410 1410 1449 1435 os
1477 1398 1611 1434 Zacha-

226 1471 298 1504 rIae
323 1467 519 1514 prophetae
548 1467 583 1510 ¹)
611 1468 676 1501 sui.
747 1467 801 1501 Ad
825 1466 914 1501 hanc
940 1476 1057 1501 vocem
1084 1466 1208 1501 mulier
1231 1466 1458 1502 exclamavit:
1505 1464 1611 1499 bene-

225 1535 337 1569 dictus
372 1544 485 1568 sermo
519 1534 591 1567 oriS
626 1533 675 1566 tui
710 1536 745 1567 et
778 1531 952 1567 benedicti
974 1534 1033 1577 qui
1059 1532 1237 1575 omnibus,
1287 1542 1377 1577 quae
1402 1531 1536 1565 locutus
1561 1539 1611 1565 es,

226 1600 380 1635 eredunt.
451 1598 531 1632 Vidi
558 1599 646 1632 enim
671 1597 833 1643 angelum
856 1598 982 1632 librum
1009 1602 1179 1632 tenentem
1204 1601 1284 1633 ante
1308 1602 1363 1640 te,
1396 1596 1456 1630 ubi
1484 1597 1611 1635 omnia,

226 1676 316 1712 quae
341 1664 473 1705 dixisti,
499 1665 631 1708 scripta
657 1666 767 1697 erant.
816 1663 879 1698 Vir
902 1669 1015 1698 autem
1042 1665 1118 1708 ejus
1144 1662 1208 1696 boc
1231 1662 1378 1697 audiens
1402 1661 1553 1707 procitlit
1568 1660 1610 1695 ad

227 1731 334 1777 pedes
359 1731 471 1764 sancti
498 1729 695 1763 SebastIani
723 1729 790 1762 sibi
816 1730 997 1774 postulans
1021 1728 1197 1774 indulgeri
1221 1729 1408 1774 statimque
1424 1727 1612 1762 absolvens

226 1798 386 1831 martires
413 1795 584 1841 rogabat,
632 1799 669 1829 ut
692 1794 794 1829 liberi
819 1794 967 1829 abirent.
1018 1794 1083 1834 Qui
1117 1793 1299 1835 dixerunt,
1349 1794 1547 1828 nullatenus
1573 1801 1611 1826 se

225 1863 427 1898 deserturos
453 1863 645 1903 victoriam,
673 1870 775 1906 quam
800 1862 986 1906 cepiSsent.
1023 1859 1172 1894 Tantam
1196 1860 1303 1905 igitur
1326 1860 1476 1905 gratiam
1493 1862 1527 1893 ct
1541 1858 1609 1891 vir-

223 1933 329 1963 tutem
354 1927 472 1962 verbis
498 1928 608 1961 sancti
635 1926 836 1961 SebastIani
865 1926 1022 1960 dominus
1046 1924 1262 1967 contulerat,
1291 1924 1383 1969 quod
1407 1935 1475 1958 non
1501 1923 1610 1957 solum

224 1994 489 2030 Marcellianum
517 1997 552 2027 et
576 1992 732 2028 Marcum
757 1993 790 2026 in
816 1993 963 2026 martirii
989 1992 1188 2025 constantia
1212 1990 1404 2031 roboravit,
1430 1989 1609 2024 sedetiam

224 2064 356 2106 patrem
383 2069 500 2094 corum
524 2060 659 2093 nominc
689 2057 965 2103 Tranquillinum
991 2062 1026 2092 et
1049 2060 1192 2091 matrem
1218 2065 1293 2090 cum
1318 2055 1434 2089 multis
1460 2054 1539 2089 aliis
1566 2053 1610 2087 ad

224 2125 324 2160 Iidem
350 2126 541 2167 convertit,
576 2134 663 2169 quos
691 2134 809 2158 omnes
835 2123 1040 2168 Policarpus
1067 2121 1242 2168 presbiter
1267 2121 1471 2166 baptizavit.
1497 2140 1544 2147 —
1565 2140 1610 2146 -—

223 2195 265 2229 2.
301 2190 565 2234 Tranquillinus
598 2195 713 2225 autem
745 2189 865 2224 morbo
901 2190 1112 2235 gravissimo
1138 2186 1304 2221 laborans
1332 2197 1409 2219 mox
1435 2189 1473 2219 ut
1496 2172 1610 2230 bapti-

224 2260 322 2290 zatus
348 2259 424 2295 est,
459 2255 642 2288 sanitatem
673 2257 815 2299 recepit.
863 2253 1066 2288 Praefectus
1092 2256 1206 2286 autem
1233 2251 1328 2285 urbis
1356 2251 1507 2294 Romae,
1551 2252 1609 2295 qui

225 2326 259 2356 ct
284 2323 359 2366 ipse
385 2319 505 2354 morbo
527 2320 738 2364 gravissimo
761 2317 972 2360 laborabat,
1006 2320 1147 2364 rogavit
1172 2317 1470 2362 Tranquillinum,
1505 2320 1542 2351 ut
1566 2315 1611 2350 ad

226 2399 263 2422 sc
290 2386 479 2421 adduceret
505 2396 602 2422 cum.
629 2387 686 2430 qui
713 2384 779 2419 sibi
805 2386 989 2419 sanitatem
1015 2384 1171 2418 dederat.
1244 2383 1326 2417 Cum
1351 2393 1437 2428 ergo
1463 2382 1508 2416 ad
1535 2392 1608 2417 eum

226 2455 402 2488 venissent
434 2450 638 2496 Poliearpus
673 2451 848 2496 presbiter
880 2454 914 2485 et
946 2449 1176 2484 Sebastianus
1210 2450 1343 2494 etipse
1368 2458 1429 2483 eos
1455 2450 1609 2493 rogaret,

227 2523 262 2551 ut
288 2520 390 2553 ctiam
417 2518 601 2551 sanitatem
630 2518 820 2561 reciperet,
863 2515 949 2549 dixit
976 2517 1006 2549 ei
1035 2515 1288 2556 Sebastianus,
1324 2517 1360 2548 ut
1384 2515 1480 2558 prius
1504 2511 1611 2556 ydola

225 2583 420 2628 abnegaret
445 2587 478 2617 et
504 2581 747 2628 confringendi
774 2591 815 2617 ea
841 2581 908 2616 sibi
935 2585 1142 2626 potestatem
1167 2579 1323 2615 traderet
1347 2582 1380 2613 et
1403 2579 1453 2612 sic
1478 2578 1609 2612 sanita-

311 2728 337 2758 Ι)
357 2725 408 2754 Ed.
429 2726 520 2753 rrius.
542 2726 625 2757 logii:
654 2728 738 2752 Uen.
