1742 3005
99 82 194 132 Cap.
216 81 371 119 CXXV.
431 82 489 118 De
508 81 762 118 decollatione
795 81 914 118 saneti
935 81 1120 118 Johannis
1144 81 1342 131 baptistae.
1400 78 1481 118 569

96 187 250 222 Caesare
277 188 312 220 in
337 188 487 232 gratiam
517 191 571 222 est
604 190 786 231 receptus,
822 190 858 220 ut
891 187 923 220 ei
956 184 1043 218 duas
1075 183 1310 223 tetrarchias,
1346 182 1481 217 scilicet

95 251 263 287 Lisaniae
291 256 324 286 et
348 252 529 293 Abitinae,
556 252 725 286 tribueret
754 255 788 285 et
812 261 929 296 regem
956 251 989 284 in
1013 249 1181 285 Judaeam
1208 250 1369 293 imposito
1397 248 1481 293 dya—

97 317 233 352 demate
269 317 472 351 destinaret.
533 317 662 352 Videns
698 316 894 357 Herodias,
937 315 1030 360 quod
1072 314 1181 349 frater
1222 316 1297 360 ejus
1335 313 1483 348 haberet

97 393 219 417 nomen
256 384 372 428 regis,
415 384 490 417 viro
522 393 584 416 suo
620 382 776 416 molestis
812 380 974 424 precibus
1015 380 1219 420 insistebat,
1265 384 1300 413 ut
1341 379 1483 413 Romam

97 451 263 493 pergeret
288 452 322 482 et
346 448 414 482 sibi
440 450 573 493 regium
598 456 721 480 nomen
748 448 978 489 compararet.
1027 443 1089 477 Ille
1124 454 1218 485 vero,
1254 454 1328 477 cum
1365 444 1482 477 multis

98 513 231 548 divitiis
274 513 489 553 abundaret,
534 512 762 556 acquiescere
802 510 962 550 nolebat,
1007 510 1120 553 magis
1164 508 1316 554 diligens
1364 510 1482 550 otium,

99 589 198 624 quam
226 579 392 613 honorem
417 576 643 610 laboriosum.
693 575 850 609 Tandem
886 574 1042 609 devictus
1070 575 1190 608 uxoris
1226 573 1387 618 precibus
1412 572 1483 607 Ro-

99 655 184 678 mam
210 654 284 677 cnm
310 644 387 687 ipsa
412 643 576 686 perrexit.
627 640 726 681 Quod
752 641 913 686 Agrippa
944 640 1146 686 intelligens
1175 639 1318 674 Caesari
1346 639 1484 673 litteras

100 709 308 750 destinavit,
342 707 434 753 quod
461 706 618 741 Herodes
644 716 717 740 cuin
744 717 829 751 rege
854 705 1058 741 Parthorum
1096 707 1270 739 amicitias
1297 705 1486 739 firmaverit

100 781 134 811 et
166 775 319 810 Romano
353 774 498 818 imperio
540 772 690 807 voluerit
723 771 918 813 rebellare,
968 776 1002 806 et
1043 773 1077 804 in
1112 757 1350 816 argumentum
1382 770 1485 814 hujus

100 843 151 876 rei
184 839 398 887 significavit
433 841 484 880 ei,
521 837 612 883 quod
650 839 683 871 in
721 837 921 870 civitatibus
957 838 1030 870 suis
1062 836 1215 871 habebat
1248 846 1360 877 arma,
1397 845 1485 880 quae

102 906 303 941 sufficerent
326 905 425 939 LXX
458 903 609 938 millibus
637 906 857 936 armatorum.
907 901 1018 936 Lecta
1049 899 1162 935 autem
1202 901 1353 946 epistola
1378 901 1485 945 Cajus

102 974 203 1018 quasi
228 971 370 1006 aliunde
396 971 570 1014 accipiens
596 968 766 1002 Herodem
796 967 839 1001 de
866 971 959 1001 statu
991 978 1054 1001 suo
1080 968 1313 1013 interrogavit
1339 970 1372 1001 et
1398 968 1487 1001 inter

102 1042 265 1079 caetera,
300 1040 410 1070 utrum
444 1039 540 1069 tanta
566 1036 669 1079 copia
696 1037 905 1067 armatorum
939 1037 1035 1068 essct
1062 1034 1094 1067 in
1121 1034 1287 1074 urbibus,
1323 1036 1486 1077 quantum

103 1105 177 1149 ipse
203 1102 384 1144 audierat,
418 1101 613 1146 requisivit.
664 1099 762 1139 Quod
796 1099 855 1134 illc
890 1101 1026 1133 minime
1052 1100 1204 1144 negavit.
1255 1098 1353 1133 Tunc
1381 1097 1486 1142 Cajus

103 1179 218 1204 verum
243 1178 322 1203 esse
348 1167 517 1209 credens,
545 1165 637 1212 quod
663 1165 819 1199 Herodes
846 1164 1007 1210 Agrippa
1032 1166 1195 1210 scripsit,
1231 1166 1340 1209 ipsum
1369 1166 1401 1197 in
1427 1174 1487 1198 ex-

101 1234 215 1269 silium
234 1234 420 1279 relegavit,
447 1234 547 1267 uxori
568 1235 680 1266 autem
703 1231 791 1275 ejuS,
819 1232 900 1275 quia
918 1236 992 1266 erat
1011 1230 1273 1265 soror-Herodis
1292 1229 1486 1275 Agrippae,

102 1311 201 1346 quem
229 1301 377 1334 maxime
403 1298 596 1344 diligebat,
632 1300 839 1341 potestatem
866 1296 1009 1338 tribuit,
1036 1300 1072 1330 ut
1098 1298 1130 1330 in
1154 1301 1282 1331 terram
1310 1306 1406 1329 suam
1432 1306 1488 1330 rc-

103 1367 204 1400 diret.
251 1365 333 1409 ipsa
363 1368 476 1398 autem
504 1365 612 1397 virum
640 1373 735 1396 suum
761 1362 870 1396 voluit
901 1364 1060 1396 comitari
1087 1362 1223 1404 diceus,
1261 1361 1352 1407 quod
1380 1361 1487 1403 illum,

77 1433 159 1476 „cui
191 1430 507 1464 communicaverat
542 1430 575 1461 in
610 1429 809 1473 prosperis,
846 1439 915 1461 non
952 1428 1212 1473 derelinqueret
1247 1429 1279 1461 in
1316 1427 1487 1461 adversis.

103 1496 308 1542 Lugdunum
321 1496 430 1540 igitur
446 1494 622 1539 deportati
643 1494 779 1527 suerunt
800 1497 832 1527 ct
852 1493 901 1526 ibi
923 1495 1025 1527 vitam
1046 1493 1295 1527 miserabiliter
1315 1492 1487 1529 finierunt.

104 1562 197 1596 Haec
224 1563 258 1594 in
283 1560 443 1605 hystoria
467 1560 691 1594 scholastica.
743 1559 901 1593 Secundo
936 1562 1082 1603 propter
1108 1560 1237 1592 ossium
1265 1561 1375 1603 ipsius
1403 1569 1487 1593 con-

104 1629 348 1662 cremationem
365 1630 399 1660 et
413 1626 665 1667 collectionem,
686 1634 774 1669 quae
787 1626 863 1668 ipso
884 1624 940 1659 die
960 1624 1145 1658 secundum
1165 1624 1333 1669 quosdam
1352 1625 1490 1659 fuerunt

106 1696 327 1727 concremata
352 1696 385 1726 et
410 1702 430 1725 a
455 1690 615 1726 fidelibus
641 1701 683 1725 ex
710 1695 808 1734 parte
837 1690 994 1724 collecta.
1044 1689 1140 1724 Unde
1173 1692 1273 1735 quasi
1301 1691 1487 1725 secundum

106 1759 295 1792 martirium
329 1759 480 1801 patitur,
521 1758 682 1802 quoniam
720 1757 795 1800 ipse
833 1757 865 1789 in
902 1757 974 1789 suis
1002 1756 1142 1789 ossibus
1168 1761 1419 1798 concrematur,
1457 1761 1491 1791 et

106 1823 184 1858 ideo
212 1823 361 1857 ecclesia
384 1826 557 1868 tamquam
578 1821 764 1857 secundum
784 1823 860 1866 ejus
882 1823 1070 1856 martirium
1093 1821 1160 1855 hoc
1180 1822 1304 1856 festum
1323 1822 1490 1857 celebrat.

106 1889 201 1923 Sicut
212 1888 585 1934 enimlegiturinlibro
597 1886 670 1921 XII.
690 1887 870 1932 hystoriae
889 1888 1122 1922 scholasticae
1139 1888 1191 1922 vel
1214 1888 1491 1930 ecclesiasticae,

106 1963 180 1987 eum
207 1954 371 1997 discipuli
395 1953 565 1988 Johannis
603 1963 729 1997 corpus
756 1955 831 1998 ejus
859 1954 951 1998 apud
977 1953 1148 1988 Sebasten
1174 1954 1293 1988 urbem
1319 1954 1493 1989 Palaesti-

108 2027 173 2051 nae
204 2018 296 2050 inter
328 2016 503 2052 Elisacum
542 2022 575 2053 ct
610 2019 758 2052 Abdiaui
793 2019 1041 2062 sepelivissent
1077 2024 1111 2052 ct
1145 2019 1187 2052 ad
1227 2021 1304 2063 ejus
1328 2019 1493 2053 tumulum

109 2081 215 2116 multa
240 2080 408 2114 miracula
434 2081 575 2123 fierent,
597 2083 743 2126 jubente
767 2082 912 2116 ,Iuliane
935 2086 1098 2126 apostata
1123 2084 1276 2127 gentiles
1309 2086 1385 2130 ejus
1412 2094 1496 2118 ossa

109 2150 335 2192 sparserunt,
371 2149 405 2180 et
438 2156 511 2180 cum
538 2147 704 2181 miracula
738 2158 806 2181 non
834 2151 1033 2189 cessarent,
1069 2151 1162 2192 post„
1179 2149 1328 2184 collecta
1354 2154 1388 2184 et
1414 2151 1496 2194 igne

110 2216 332 2248 concremata
364 2213 399 2245 in
433 2211 608 2256 pulverem
652 2212 867 2258 redegerunt
909 2217 942 2247 et
976 2224 1038 2258 per
1079 2224 1184 2260 agros
1226 2215 1495 2257 ventilaverunt,

110 2280 201 2313 sicut
233 2278 361 2311 dicitur
395 2279 429 2310 in
463 2276 621 2322 hystoria
654 2279 869 2313 scholastica
902 2284 935 2314 et
969 2279 1222 2315 ecclesiastica.
1270 2281 1368 2315 Beda
1411 2292 1495 2315 vero

110 2343 215 2385 dicit,
252 2342 345 2388 quod
378 2345 457 2387 ipsa
490 2353 573 2377 ossa
607 2344 755 2378 collecta
790 2345 894 2380 iatius
927 2350 1133 2390 sparserunt
1167 2351 1201 2381 et
1234 2348 1285 2380 sic
1309 2346 1497 2381 secundum

112 2410 302 2443 martirium
329 2407 582 2452 quodammodo
607 2420 734 2454 passus
761 2411 906 2447 videtur.
956 2411 1028 2445 Hoc
1065 2411 1203 2456 quidam
1231 2414 1499 2456 repraesentant

112 2475 327 2515 nescientes,
361 2473 439 2507 dum
473 2475 507 2507 in
543 2475 618 2519 ejus
653 2477 834 2511 nativitate
869 2486 953 2509 ossa
984 2476 1212 2522 undecunque
1238 2476 1389 2512 collecta
1413 2487 1498 2511 con-

115 2543 277 2574 cremant.
326 2539 411 2573 Dum
438 2543 550 2573 autem
576 2539 620 2574 ad
647 2540 933 2575 concremandum
960 2541 1229 2587 colligerentur,
1274 2545 1312 2576 ut
1348 2541 1500 2577 habetur

114 2605 148 2637 in
172 2604 328 2649 hystoria
354 2604 566 2639 scholastica
593 2609 626 2640 ct
653 2605 750 2639 Beda
775 2610 946 2649 testatur,
982 2607 1120 2652 quidam
1146 2607 1305 2642 monachi
1329 2618 1350 2642 a
1375 2607 1500 2643 Hiero-

113 2668 247 2704 solimis
279 2671 457 2705 venientes
494 2670 642 2705 latenter
677 2671 925 2717 colligentibus
961 2683 999 2708 sc
1032 2674 1242 2708 miscuerunt
1279 2678 1313 2709 et
1339 2683 1499 2720 magnam
