1742 3005
203 127 302 176 Cap.
335 124 507 163 CCXIX.
564 124 623 161 De
654 129 783 160 sancto
806 122 1044 160 Bernardino
1076 120 1309 159 consessore.
1366 120 1444 158 931

61 234 243 265 potestatem
261 236 321 256 non
339 227 425 255 dedit
442 227 570 260 angelis,
590 227 644 254 sed
663 226 736 254 solis
754 225 978 258 sacerdotibus,
997 225 1066 258 quia
1085 225 1189 251 divina
1207 225 1318 251 virtute
1337 232 1445 259 corpus

59 280 90 302 et
115 274 287 307 sanguinem
315 273 346 300 in
372 273 504 308 speciem
523 273 608 308 panis
628 277 658 300 et
675 271 740 298 vini
758 275 945 299 convertunt.
981 271 1066 298 Unde
1089 270 1253 297 Eusebius:
1282 269 1445 296 invisibilis

60 319 218 350 sacerdos,
243 318 276 344 id
299 323 345 345 est
371 318 520 351 Christus,
547 327 601 352 per
627 317 778 344 ministros
803 325 872 343 suos
896 316 1035 343 visibiles
1060 319 1209 342 creaturas
1232 314 1264 340 in
1287 322 1396 348 corpus
1415 317 1443 339 et

59 364 234 396 sanguinem
257 372 344 390 suum
370 368 486 390 sacrata
508 366 659 398 potestate
685 361 834 388 convertit
858 361 952 387 verbo
979 369 1049 392 suo,
1079 360 1194 386 scilicet
1219 359 1289 385 illo:
1314 359 1371 385 hoc
1397 362 1443 385 est

57 409 138 436 enim
157 417 264 444 corpus
284 413 340 435 etc.
374 409 460 436 Unde
477 417 538 436 non
557 408 649 434 debet
667 406 776 439 aliquis
795 405 950 432 attendere
969 405 1008 431 ad
1025 405 1124 431 visum
1143 413 1245 435 suum,
1272 404 1341 436 quia
1359 403 1443 430 visus

59 458 177 488 putaret
197 462 228 480 se
246 453 352 480 videre
370 453 501 480 colorem
520 452 616 487 panis,
635 461 690 478 nec
709 452 747 478 ad
766 455 893 483 gustum,
912 449 988 482 quia·
1001 453 1129 483 putaret,
1149 458 1181 475 se
1199 449 1309 475 sentire
1326 453 1444 480 gustum

59 499 161 533 panis,
187 507 243 525 nec
269 498 308 524 ad
325 497 486 530 olfactum,
511 497 581 530 quia
606 500 739 531 putaret,
765 504 797 522 se
823 495 933 522 sentire
959 495 1083 521 odorem
1110 494 1196 528 panis
1223 498 1253 519 et
1278 493 1357 524 vini,
1390 493 1441 519 sed

58 543 221 570 attribuere
248 542 339 570 debet
363 542 402 569 ad
428 543 578 574 auditum,
612 535 696 574 quia,
729 551 796 567 cum
822 539 906 565 audit
932 538 1165 565 consecrationis
1190 539 1299 570 verba,
1332 537 1372 563 ita
1399 542 1440 564 est

57 587 194 620 omnino,
213 587 288 614 sicut
308 587 408 619 audit,
426 587 483 614 hoc
502 591 547 614 est
566 586 645 613 enim
665 593 716 612 cor
734 589 790 612 etc.
828 584 916 619 Quod
935 584 1133 616 significatum
1152 588 1197 609 est
1213 586 1319 610 Genes.
1331 584 1442 608 XXVI}

57 632 87 659 in
106 636 206 665 lsaac,
225 632 289 665 qui,
315 642 383 658 cum
400 630 607 657 benedixisset
625 630 734 662 Jacob,
761 629 818 656 suit
839 629 983 663 deceptus
1003 630 1065 662 ejus
1085 629 1185 661 visus,
1210 627 1280 661 quia
1300 626 1378 653 oculi
1397 627 1443 653 sui

56 677 276 710 caligaverant,
303 680 333 703 et
356 675 455 710 ipsum
481 683 540 701 non
559 674 698 707 agnovit3
725 674 782 700 suit
809 674 953 708 deceptus
981 673 1123 705 olfactus,
1152 673 1220 707 quia
1240 671 1384 703 credidit,
1411 680 1442 698 se

57 723 168 749 sentire
186 721 310 748 odorem
328 720 579 748 vestimentorum
598 722 687 749 Esau;
713 718 772 745 fnit
797 718 887 745 etiam
907 719 1051 753 deceptus
1071 723 1191 750 gustus,
1216 717 1286 751 qnia
1305 716 1442 747 credidit,

56 766 260 798 sozcomedere
276 765 314 791 de
333 764 494 791 venatione
513 767 600 796 Esau,
619 768 648 790 et
667 763 797 790 comedit
817 763 854 789 ‹le
872 763 1034 790 venatione
1053 763 1163 794 Jacob3
1182 763 1239 789 suit
1255 767 1285 789 et
1297 763 1441 796 deceptus

56 812 86 838 in
104 815 202 843 tacta,
228 809 298 844 quia
323 810 464 844 putabat,
492 818 524 835 se
548 813 668 840 tangere
687 818 792 835 manus
814 812 889 835 Esau
908 813 937 835 et
957 809 1098 840 tangebat
1116 817 1221 834 manus
1241 809 1345 835 Jacob.
1383 807 1442 833 Sed

56 855 191 888 auditus,
219 854 271 888 qui
296 863 402 881 vocem
420 854 513 881 Jacob
541 853 675 885 audivit,
701 861 760 879 non
779 852 834 879 fuit
854 853 1015 887 deeeptus,
1041 853 1101 879 imo
1123 852 1214 878 dixit:
1240 862 1300 879 vox
1320 852 1442 885 quidem

55 901 148 928 Jacob
176 904 230 928 est.
267 899 315 926 sic
337 898 428 925 etiam
453 898 485 925 in
510 898 568 924 isto
588 902 774 925 sacramento
796 906 899 924 omnes
918 898 969 924 alii
989 906 1093 924 sensus
1114 896 1306 931 decipiuntur
1326 901 1441 931 praeter

55 945 190 972 auditum
210 949 239 971 et
258 944 326 971 ideo
346 952 449 970 omnes
467 942 586 975 fideles,
606 943 656 976 qni
675 942 800 968 audiunt
820 943 912 968 verba
933 941 1182 974 consecrationis,
1203 941 1336 973 tirmiter,
1358 951 1442 967 vera-

54 990 129 1017 citer
147 989 268 1016 credere
288 988 417 1021 debent,
437 988 520 1022 quod
538 996 645 1022 corpus
665 986 774 1014 Christi
793 991 838 1013 est
858 987 976 1018 sanguis
997 988 1068 1019 eius.

485 1271 612 1339 CAP.
645 1271 830 1335 ccxlx.
870 1272 1021 1335 (189.)

136 1374 239 1418 De
271 1371 492 1418 sancto
521 1371 928 1417 Bernardino
967 1370 1357 1417 confessore.

155 1483 356 1511 Bernardinus
376 1482 530 1511 consessor
548 1482 669 1509 natione
689 1484 803 1508 Tuscus
823 1491 858 1507 ex
877 1479 974 1507 nobili
992 1479 1105 1506 familia
1125 1479 1352 1506 Albizescorum
1373 1486 1442 1511 pro—

54 1533 170 1556 creatus
189 1533 274 1564 patre
293 1527 510 1559 Tolosanensi,
536 1532 631 1553 matre
649 1529 863 1553 Nerainassana
882 1525 970 1552 nimii
996 1525 1058 1551 lilia
1079 1529 1147 1560 post
1168 1524 1286 1551 tertium
1307 1524 1370 1555 ojus
1390 1532 1442 1547 na-

55 1573 182 1600 tivitatis
210 1583 320 1600 almum
347 1572 503 1604 defuncta,
534 1570 611 1597 insi-:1
638 1576 755 1597 sextum
782 1575 882 1605 patre,
913 1574 1090 1596 materterae
1126 1569 1238 1595 Dianae
1269 1566 1443 1594 educandus

54 1619 214 1651 remansit¹
241 1618 292 1651 qui
317 1626 395 1644 anno
415 1620 468 1646 Xt.
492 1627 509 1643 a
533 1617 648 1651 patruis
667 1619 760 1643 Senas
786 1615 951 1641 advocatus
971 1619 1032 1646 est,
1059 1614 1111 1640 uhi
1131 1614 1309 1640 liberalibus
1328 1612 1442 1638 artibus

54 1663 187 1690 imbutus
207 1663 351 1690 canonico
370 1663 424 1696 juri
444 1662 582 1693 vacavit,
602 1661 729 1688 devotas
749 1671 899 1693 :uniquam
917 1660 1157 1694 praetermittens
1173 1658 1332 1686 orationes.
1371 1655 1443 1691 (tui-

55 1709 111 1735 bus
138 1708 348 1735 corroboratus
374 1707 460 1734 Senis
482 1706 663 1734 fraternitati
689 1710 809 1732 sanctae
836 1704 947 1731 Mariae
972 1704 1009 1731 de
1037 1705 1122 1731 Scala
1149 1702 1345 1731 sanctimonia
1366 1701 1443 1727 cele-

55 1754 202 1780 berrimae
226 1752 359 1780 adscribi
385 1762 416 1780 se
440 1750 629 1787 procuravit,
654 1750 708 1776 ubi
735 1749 834 1776 cilicio
861 1750 984 1776 indutus
1011 1758 1101 1784 super
1127 1749 1244 1775 tabulas
1272 1752 1322 1773 aut
1341 1746 1443 1780 paleas

55 1798 208 1825 dormiens
236 1797 315 1824 circa
339 1797 515 1829 languentes
542 1800 605 1822 erat
628 1794 878 1823 officiosissimus.
915 1799 1032 1821 Interea
1059 1803 1137 1820 anno
1157 1793 1272 1820 domini
1290 1791 1442 1819 saeviente

55 1842 141 1870 Senis
167 1841 318 1876 epidenu'a
342 1841 468 1868 mortuis
493 1840 556 1867 iere
583 1839 722 1867 omnibus
747 1839 891 1866 ministris
911 1839 1070 1874 hospitalis
1090 1838 1164 1865 dicti
1183 1842 1302 1865 sanctae
1321 1836 1442 1867 Mariae!

55 1897 122 1914 cum
141 1887 224 1914 nullo
243 1886 340 1921 pretio
361 1884 486 1913 conduci
506 1889 648 1919 possent,
674 1884 876 1911 Bernardinus
896 1888 960 1917 tyro
981 1884 1209 1911 christianorum
1227 1885 1283 1908 XX
1302 1881 1443 1912 langiu-n-

55 1931 130 1958 lium
149 1940 181 1958 se
200 1931 311 1958 obtulit
329 1931 360 1957 in
378 1930 556 1957 ministrum.
593 1929 651 1964 Qui
670 1939 736 1955 cum
756 1937 787 1955 se
807 1929 846 1955 ad
866 1933 977 1955 tantum
999 1938 1073 1956 onus
1092 1928 1276 1955 imbecillem
1295 1925 1358 1951 sore
1375 1935 1443 1959 per-

55 1975 218 2010 penderet,
235 1975 382 2008 quosdam
401 1974 536 2008 ejusdem
554 1973 750 2000 fraternitatis
770 1973 926 2000 consocios
946 1973 983 1999 ad
1003 1973 1085 2008 pium
1105 1981 1182 2007 opus
1201 1972 1260 1999 sibi
1277 1971 1444 1998 adsciscere
1468 1994 1473 1996 ,

55 2019 166 2046 talibus
184 2019 372 2054 procuravit:
391 2018 547 2050 evangelio
567 2019 780 2050 admonemur,
806 2027 928 2049 regnum
947 2018 1098 2044 coelorum
1117 2018 1180 2045 vim
1198 2017 1312 2052 patitur
1329 2020 1358 2042 et
1378 2016 1444 2042 vio-

55 2063 130 2091 lenti
148 2062 269 2097 rapiunt
286 2062 379 2094 illud3
406 2062 568 2088 inferamus
595 2071 664 2094 ergo
689 2061 866 2088 violentiam
893 2062 1045 2088 nobismet
1070 2062 1145 2096 ipsis
1173 2071 1228 2088 nec
1253 2069 1307 2094 pro
1328 2060 1443 2086 Christo

57 2108 132 2135 niori
158 2106 413 2142 pertimescamus.
450 2106 531 2141 Quid
558 2110 619 2132 tam
643 2114 781 2136 magnum
808 2109 897 2136 atque
924 2105 1172 2138 pulcherrimum,
1205 2114 1295 2137 quain
1320 2107 1443 2137 peracto

57 2159 192 2187 tempore
208 2151 248 2178 ad
262 2150 387 2178 martirii
406 2158 543 2177 coronam
564 2149 740 2184 pervenire!
777 2148 807 2175 Si
826 2149 967 2174 morimur
984 2157 1039 2183 pro
1055 2148 1179 2180 Christo,
1199 2152 1278 2174 certe
1292 2147 1444 2179 morimur,

58 2209 117 2232 qua
142 2202 238 2225 morte
265 2205 378 2223 merces
405 2199 529 2227 augetur
554 2199 584 2221 et
609 2202 696 2221 omne
723 2193 834 2220 crimen
853 2193 1037 2225 excinditur,
1064 2193 1159 2219 omnis
1179 2192 1396 2219 consummatio
1415 2197 1445 2219 et

59 2247 154 2270 status
172 2241 254 2268 vitae
272 2240 406 2268 martirio
426 2239 598 2271 decoratum
617 2239 674 2266 hoc
692 2238 921 2265 fundamentum
939 2237 1020 2264 vitae
1039 2242 1069 2263 et
1086 2237 1168 2269 fidei,
1186 2237 1243 2263 hoc
1258 2236 1443 2271 praesidium

59 2287 182 2320 salutis,
200 2287 258 2313 hoc
275 2284 430 2313 vinculum
447 2283 596 2311 libertatis
615 2289 644 2310 et
658 2276 791 2310 lionoris.
828 2286 908 2309 Mors
924 2283 1036 2317 quippe
1049 2282 1240 2314 integriorem
1253 2280 1326 2307 facit
1339 2281 1443 2313 vitam,

59 2341 140 2360 mors
166 2331 260 2363 magis
288 2330 370 2357 ducit
394 2329 433 2356 ad
458 2328 591 2361 gloriam.
629 2329 709 2364 Quid
727 2328 806 2355 enim
825 2328 913 2355 nobis
933 2338 999 2354 cum
1017 2327 1072 2354 hac
1090 2327 1169 2359 luce,
1197 2326 1305 2359 quibus
1324 2326 1375 2351 lux
1395 2334 1443 2351 ae-

59 2384 144 2406 terna
170 2375 372 2412 promittitur!
408 2373 489 2409 Quid
519 2383 587 2400 eum
610 2373 696 2407 hujus
721 2373 803 2400 vitae
828 2377 1010 2406 naturaeque
1040 2371 1235 2403 commercio,
1267 2379 1341 2404 quos
1368 2370 1444 2396 coeli

61 2422 190 2450 altitudo
210 2420 364 2456 deposcit?
399 2422 481 2445 Intra
500 2418 632 2445 omnium
659 2417 782 2450 gloriam
801 2416 954 2452 pulchrior
973 2421 1017 2443 est
1037 2425 1090 2451 pro
1111 2416 1226 2443 christo
1246 2415 1322 2441 mori
1341 2414 1444 2441 titulus

60 2472 90 2494 et
109 2465 252 2499 integrior
270 2472 379 2492 corona
399 2462 540 2495 signatur.
576 2467 665 2490 Porro
684 2463 772 2490 nobis
792 2461 1009 2489 contemnenda
1024 2470 1104 2488 mors
1116 2465 1170 2492 est,
1189 2460 1298 2493 quibus
1313 2460 1444 2486 Christus

61 2511 178 2539 occisus
197 2515 243 2538 est
261 2515 330 2537 ante
349 2507 462 2536 oculos.
497 2507 600 2540 Nobis,
619 2516 738 2540 quaero,
757 2511 934 2534 concurrant
952 2506 1120 2533 dominicae
1133 2504 1283 2539 passionis
1299 2503 1445 2538 exempla,

62 2560 238 2584 concurrant
257 2555 360 2582 oblata
379 2557 408 2580 et
427 2552 573 2588 praemia,
591 2551 732 2585 quoniam
750 2551 986 2579 misericordiam
1005 2554 1192 2585 praestantes
1209 2548 1446 2575 misericordiam

61 2604 291 2634 consequentur.
325 2598 378 2625 His
405 2597 582 2624 inflammati
606 2599 731 2632 juvenes
757 2597 855 2623 mulcti
880 2596 1036 2623 unanimes
1055 2593 1244 2621 confessione
1262 2594 1318 2620 rite
1337 2602 1445 2628 expur-

62 2645 123 2679 gati
140 2651 170 2672 et
189 2643 398 2672 communione
415 2642 455 2669 ad
472 2641 623 2670 funestam
649 2642 733 2668 illam
759 2642 880 2669 domum
899 2650 960 2668 non
978 2640 1042 2667 sine
1061 2642 1217 2674 parentum
1236 2642 1266 2665 et
1284 2637 1445 2665 amicorum

62 2690 200 2724 lacrymis
220 2699 252 2717 se
272 2689 478 2720 contulerunt,
505 2687 554 2713 die
580 2691 727 2720 nocteque
753 2685 859 2713 sedulo
879 2685 1003 2712 infirmis
1022 2684 1241 2716 ministrantes,
1267 2683 1446 2717 quandoque

62 2739 246 2763 mortuorum
266 2742 391 2769 corpora
410 2732 601 2768 sepelientes.
637 2735 762 2759 Domum
782 2731 884 2759 sedata
905 2729 1075 2765 pestilentia
1096 2729 1232 2765 pluribus
1249 2727 1286 2755 de
1300 2727 1447 2755 consociis
