1742 3005
403 152 501 202 Cap.
531 150 668 188 XCIV.
736 151 794 188 De
827 156 957 187 sancto
990 149 1134 187 Alexio.
1388 149 1469 189 403

78 260 112 291 et
135 258 278 301 percute
303 266 365 291 me.
414 256 481 296 Qui
507 257 704 301 percutiens
729 259 834 300 caput
870 256 946 301 eJns
979 264 1048 288 uno
1082 255 1153 288 ictu
1189 252 1336 289 abstulit
1360 258 1395 289 et
1419 255 1470 289 sie

78 323 225 357 martirii
249 331 413 356 coronam
439 323 604 366 suscepit.
651 321 763 356 Passa
798 325 851 356 est
878 324 993 355 autem
1017 319 1106 355 XIV.
1133 320 1198 354 cal.
1224 321 1396 366 Augusti,
1432 324 1470 355 ut

77 390 117 423 in
134 390 210 434 ejus
234 387 392 434 hystoria
419 388 603 422 invenitur.
650 386 746 421 Alibi
768 387 918 432 legitur,
958 385 1048 431 qnod
1073 385 1128 419 111.
1160 385 1249 430 gdus
1276 386 1372 422 Julii.
1419 386 1470 421 De

77 454 142 489 hac
166 458 286 489 sancta
309 455 446 500 virgine
473 455 523 487 sic
549 453 633 487 dicit
665 452 803 498 quidam
829 455 992 485 sanctus:
1029 450 1135 485 beata
1158 451 1368 497 Margareta
1404 451 1471 486 fuit

74 522 210 555 timoris
229 520 294 555 Dei
318 521 432 565 plena,
454 519 594 564 justitia
609 518 783 562 praedita,
808 517 981 561 religione
1002 519 1182 561 cooperta,
1207 518 1469 561 compunctione

77 587 242 632 perfusa,
268 585 453 620 honestate
479 583 691 624 laudabilis,
727 583 899 627 patientia
930 582 1143 628 singularis,
1177 583 1336 628 nihilque
1368 584 1403 616 in
1428 592 1471 617 ea

11 674 21 681 κ
77 653 286 686 eontrarium
311 650 476 695 religioni
501 648 715 683 christianae
740 647 1003 691 inveniebatur,
1029 648 1156 682 odiosa
1176 649 1267 693 patri
1293 659 1378 691 suo,
1417 648 1451 682 ‹li

77 718 167 753 lecta
192 716 330 751 domino
355 715 441 751 Jesu
468 714 618 749 Christo.

526 937 653 1000 GAP.
694 938 841 1000 XCIV.
875 936 1008 1002 (89.)

399 1039 507 1083 De
547 1039 814 1084 sancto
844 1037 1144 1084 Alexio.

171 1146 364 1191 ¹)Alexius
400 1145 530 1181 dicitur
566 1147 609 1181 ab
636 1158 676 1190 a,
714 1148 807 1194 quod
837 1151 891 1183 est
923 1147 1045 1188 valde,
1082 1151 1116 1181 et
1147 1146 1257 1188 lexis,
1292 1146 1385 1191 quod
1419 1151 1473 1181 est

78 1223 211 1248 sermo:
236 1212 318 1248 inde
342 1213 487 1248 Alexius
512 1216 613 1259 quasi
640 1214 742 1248 valde
767 1216 801 1248 in
829 1215 936 1248 verbo
962 1213 1027 1248 Dei
1052 1213 1228 1247 robustus.

167 1279 315 1314 Alexius
337 1277 402 1313 fuit
428 1278 517 1314 lilius
551 1278 802 1324 Euphemiani,
836 1281 901 1314 viri
934 1279 1145 1314 nobilissimi
1172 1279 1402 1313 Romanorum
1439 1281 1474 1313 et

79 1346 114 1379 in
138 1345 220 1379 aula
243 1346 466 1389 imperatoris
489 1346 612 1390 primi,
636 1347 692 1379 cui
715 1347 784 1380 tria
810 1346 921 1379 millia
944 1356 1128 1390 puerorum
1152 1345 1387 1385 assistebant,
1415 1346 1472 1389 qui

80 1412 178 1445 zonis
211 1412 328 1444 aureis
361 1410 594 1455 cingebantur
629 1414 663 1445 et
698 1413 912 1446 vestimentis
936 1413 1059 1445 sericis
1096 1410 1340 1446 induebantur.
1387 1409 1474 1444 Erat

80 1480 194 1510 autem
228 1475 428 1520 praefectus
460 1470 720 1521 Euphemianus
754 1477 855 1512 valde
879 1478 1079 1512 misericors
1106 1481 1139 1510 et
1165 1476 1315 1521 singulis
1347 1475 1473 1510 diebus

82 1544 117 1577 in
143 1537 245 1576 domo
271 1552 336 1576 sua
359 1545 432 1576 tres
456 1552 597 1576 mensae
621 1543 847 1587 pauperihus,
876 1542 1056 1586 orphanis,
1082 1541 1196 1575 viduis
1223 1545 1257 1575 et
1274 1542 1473 1586 peregrinis

81 1596 315 1653 parabantur,
350 1608 477 1653 quihus
511 1612 651 1643 strenue
684 1609 862 1643 serviebat
889 1613 922 1643 et
957 1608 1046 1642 hora
1069 1617 1162 1641 nona
1187 1608 1262 1651 ipse
1288 1617 1363 1640 cum
1387 1607 1473 1640 viris

82 1674 321 1719 religiosiosis
333 1673 447 1708 cibum
464 1674 496 1707 in
507 1674 631 1710 timore
653 1674 782 1708 domini
800 1675 976 1720 capiebat.
1002 1674 1065 1708 Cui
1083 1684 1171 1707 uxor
1190 1674 1327 1707 nomine
1340 1673 1474 1718 Aglaes

83 1739 240 1786 ejusdem
272 1740 456 1786 religionis
492 1749 532 1774 ac
557 1743 731 1785 propositi
757 1745 842 1776 erat.
893 1741 974 1775 Cum
1003 1745 1116 1775 autem
1142 1740 1248 1774 filium
1272 1750 1341 1773 non
1364 1737 1474 1773 habe-

82 1810 171 1848 rent,
198 1805 243 1840 ad
260 1815 383 1852 preces
410 1809 524 1841 tamen
548 1816 631 1841 suas
658 1806 818 1842 dominus
841 1809 989 1842 eontulit
1012 1808 1056 1841 iis
1082 1805 1199 1849 lilium,
1227 1808 1350 1851 ²)post
1375 1814 1475 1850 quem

83 1869 151 1917 ipsi
175 1871 341 1917 deinceps
366 1873 402 1906 in
424 1873 587 1908 castitate
612 1875 730 1908 vivere
755 1874 991 1908 firmaverunt.
1035 1873 1202 1908 Traditus
1239 1876 1353 1906 autem
1389 1881 1477 1916 puer

82 1938 290 1973 liberalibus
316 1938 526 1983 disciplinis,
552 1948 626 1973 cum
653 1940 811 1974 omnibus
839 1940 1087 1985 philosophiae
1114 1940 1249 1975 artibus
1270 1941 1347 1984 ipse
1370 1938 1475 1972 flore—

85 2008 140 2039 ret
162 2005 291 2048 etjam
318 2004 363 2038 ad
388 2005 553 2049 puberem
579 2009 730 2040 aetatem
764 2008 1004 2050 pervenisset,
1042 2006 1161 2050 puella
1195 2006 1263 2040 sihi
1297 2004 1339 2039 de
1373 2003 1475 2038 domo

85 2069 260 2115 imperiali
293 2069 437 2115 eligitur
471 2074 505 2104 et
541 2070 610 2104 sibi
641 2072 677 2104 in
711 2072 896 2117 conjugem
933 2071 1129 2116 copulatur.
1175 2070 1281 2105 Venit
1313 2079 1403 2110 nox,
1440 2069 1477 2100 in

87 2146 157 2182 qua
181 2146 254 2170 cum
282 2144 415 2180 sponsa
438 2145 502 2169 sua
527 2137 682 2180 suscepit
705 2140 846 2170 secreta
870 2137 1029 2171 silentia:
1064 2139 1145 2169 tune
1174 2138 1315 2168 sanctus
1336 2133 1476 2177 juvenis

86 2203 204 2247 coepit
227 2210 392 2247 sponsam
417 2211 513 2235 suam
540 2202 573 2234 in
598 2201 663 2236 Dei
687 2203 810 2237 timore
837 2187 1081 2237 instrum-eet
1112 2202 1226 2245 ipsam
1259 2199 1305 2234 ad
1331 2199 1477 2244 virgini-

87 2270 172 2303 tatis
197 2278 391 2314 provocare
415 2268 608 2313 pudorem;
643 2267 768 2303 deinde
804 2268 966 2302 annulum
999 2278 1096 2301 suum
1130 2276 1273 2301 aureum
1308 2269 1342 2300 et
1374 2267 1479 2308 eaput

89 2333 243 2375 balthei,
271 2344 339 2378 quo
363 2333 589 2380 cingebatur,
625 2334 694 2368 sibi
717 2334 893 2369 servanda
918 2333 1065 2368 tradidit
1088 2332 1224 2367 dicens:
1251 2332 1389 2374 suscipe
1414 2328 1480 2363 hoc

92 2403 126 2434 et
150 2408 272 2439 serva,
300 2397 410 2432 donec
433 2398 507 2433 Deo
532 2400 722 2444 placuerit,
757 2404 792 2434 et
816 2400 974 2434 dominus
999 2401 1045 2433 sit
1069 2400 1160 2432 inter
1184 2406 1259 2431 nos.
1306 2395 1390 2430 Post
1412 2393 1480 2428 hoc

91 2464 134 2499 de
160 2463 359 2499 substantia
383 2472 448 2498 sua
473 2465 649 2508 accipiens
673 2465 718 2499 ad
743 2476 837 2500 mare
863 2465 1028 2499 discessit
1041 2462 1328 2506 adscendensque
1347 2460 1480 2494 occulte

92 2539 214 2565 navem
236 2529 450 2565 Laodiceam
475 2539 585 2574 usque
610 2529 751 2565 devenit
773 2530 925 2574 indeque
950 2537 1102 2574 pergens
1138 2528 1173 2560 in
1198 2525 1368 2561 Edessam
1393 2527 1479 2560 civi-

91 2599 199 2630 tatem
224 2595 347 2641 Syriae
373 2594 553 2640 profectus
578 2598 651 2637 est,
685 2595 745 2629 ubi
775 2596 892 2640 imago
927 2594 1057 2628 domini
1087 2592 1200 2627 nostri
1232 2587 1316 2628 Jesu
1351 2591 1482 2626 Christi

94 2661 169 2695 sine
199 2660 349 2695 humano
385 2658 491 2705 opere
527 2660 622 2694 sacta
651 2662 687 2695 in
723 2660 868 2695 sindone
901 2658 1109 2694 habebatur.
1158 2659 1232 2699 Quo
1275 2658 1481 2703 perveniens

165 2761 193 2793 1)
211 2761 311 2788 Verba
331 2759 492 2787 Alexius
512 2775 541 2781 —
563 2760 748 2787 robustus
767 2758 879 2786 omittit
898 2758 952 2787 Ed.
970 2761 1014 2786 Pr.
1075 2757 1106 2790 2)
1123 2756 1200 2783 Alii:
1220 2760 1432 2792 postquam.

1120 2810 1206 2847 26*
