1742 3005
395 107 491 169 Cap.
521 117 655 155 XLIX.
713 117 770 154 De
801 124 930 154 sancto
960 117 1182 155 Benedieto.
1400 117 1479 157 207

89 227 157 257 tam
183 221 323 257 devenit
345 221 531 263 malitiam,
566 223 603 254 ut
626 231 749 265 panem
784 233 915 258 veneno
943 222 1105 257 infectum
1130 223 1205 257 viro
1227 221 1293 257 Dei
1318 227 1480 269 tanquam

91 298 154 333 per
176 287 457 323 benedictionem
483 288 756 330 transmitteret,
784 299 883 334 quem
915 293 1056 323 sanctus
1076 293 1257 334 gratanter
1289 292 1427 336 accepit
1448 296 1482 326 et

89 364 208 396 corvo,
233 355 292 399 qui
317 353 360 388 de
386 352 544 387 manibus
572 354 648 399 ejus
674 364 797 399 panem
816 356 978 399 accipere
1004 360 1242 394 consueverat,
1268 357 1380 401 ipsum
1398 369 1480 402 pro-

84 421 173 465 jecit
207 420 348 455 dicens:
383 420 419 453 in
453 421 591 454 nomine
623 419 707 454 Jesu
737 420 868 453 Christi
900 420 986 454 tolle
1012 419 1102 453 1111110
1130 431 1252 464 panem
1282 428 1315 456 et
1348 434 1421 457 eum
1449 425 1483 458 in

87 487 152 521 tali
177 486 277 528 loco,
317 485 376 519 ubi
401 495 423 518 a
450 484 545 518 nullo
571 484 710 519 homine
743 486 831 518 sumi
856 485 990 527 valeat,
1026 487 1172 530 projice.
1233 487 1330 522 Tunc
1357 499 1481 524 corvus

89 556 211 597 aperto
237 561 310 592 ore,
336 550 502 593 expansis
527 549 594 583 alis
627 551 720 584 circa
745 550 891 584 eundem
915 561 1037 595 panem
1066 554 1182 596 coepit
1204 553 1402 589 discurrere
1427 559 1480 589 at-

88 628 154 663 que
180 618 365 657 crocitare,
391 623 434 648 ac
459 615 490 648 si
514 619 636 660 aperte
661 615 805 655 diceret,
833 616 978 650 obedire
1004 627 1042 651 se
1067 617 1157 652 velle
1183 622 1217 652 et
1240 623 1356 653 tamen
1378 621 1483 665 jussa

88 682 231 728 implere
254 692 323 716 non
349 690 467 725 posse.
527 680 589 715 Cui
614 685 756 715 sanetus
793 682 915 716 iterum
946 686 1050 727 atque
1087 684 1209 718 iterum
1240 687 1483 731 praecipiebat

87 749 228 783 dicens:
253 747 350 784 leva,
375 746 455 781 leva
482 757 556 781 eum
583 757 727 782 securus
754 751 858 792 atque
884 749 1015 792 ipsum,
1043 753 1079 783 ut
1107 750 1192 791 dixi,
1220 752 1366 795 projice.
1416 753 1481 792 Qui

85 813 225 848 tandem
253 823 328 847 eum
353 812 482 847 tollens
518 816 598 856 post
623 816 695 847 tres
723 812 797 847 dies
827 813 932 847 rediit
957 818 990 848 et
1016 814 1059 849 de
1082 826 1182 850 mauu
1208 817 1284 861 ejus
1310 828 1480 852 annonam

87 890 188 925 quam
217 882 465 920 consueverat,
500 879 646 922 accepit.
696 878 824 913 Videas
852 883 964 913 autem
989 878 1208 922 Florentius,
1247 884 1327 926 quia
1353 893 1480 927 corpus

87 946 249 991 magistri
266 954 392 978 necare
406 955 474 978 non
496 945 621 988 potuit,
649 955 687 979 se
704 945 747 978 ad
768 945 1043 990 exstinguendas
1070 945 1320 990 discipulorum
1344 949 1481 983 animas

86 1010 258 1051 accendit,
284 1011 333 1043 ita
360 1013 398 1043 ut
421 1014 553 1054 septem
581 1009 693 1044 nudas
720 1010 857 1055 puellas
884 1012 918 1044 in
943 1010 1044 1045 horto
1070 1015 1272 1046 monasterii
1300 1013 1421 1049 ludere
1448 1019 1482 1049 et

87 1080 228 1111 cantare
254 1075 408 1113 faceret,
451 1080 485 1110 et
513 1077 564 1109 sic
588 1075 779 1110 monachos
807 1076 850 1110 ad
886 1075 1066 1110 libidinem
1093 1078 1331 1114 inflammaret.
1381 1080 1480 1120 Quod

87 1146 228 1177 sanctus
254 1143 309 1176 vir
333 1141 376 1177 de
403 1141 493 1177 cella
517 1143 737 1186 prospiciens
771 1142 906 1186 lapsum
930 1142 1115 1188 discipulis
1150 1146 1399 1188 pertimescens
1425 1148 1479 1181 in-

86 1209 204 1245 vidiae
227 1208 340 1242 locum
364 1208 461 1243 dedit
486 1211 520 1242 et
545 1207 751 1253 quibusdam
783 1218 900 1242 secum
928 1198 1092 1244 assumtis
1119 1210 1286 1245 fratribus
1314 1213 1390 1255 ipse
1415 1212 1478 1247 lia-

86 1275 291 1309 bitationem
316 1276 471 1309 mutavit.
519 1274 589 1310 Sed
614 1273 811 1309 Florentius
840 1285 914 1308 cum
948 1275 982 1308 in
1016 1276 1146 1309 solario
1180 1279 1377 1312 consistens
1405 1290 1481 1313 eum

89 1341 263 1375 recessise
288 1341 510 1385 conspiceret
538 1344 572 1374 et
596 1340 778 1384 gauderet.
806 1344 949 1384 repente
975 1341 1140 1375 solarium
1164 1342 1292 1377 cecidit
1318 1348 1351 1377 et
1368 1345 1479 1389 ipsum

88 1407 247 1451 protinus
273 1406 451 1439 exstinxit.
508 1405 606 1439 Tunc
631 1404 777 1439 Maurus
811 1409 891 1448 post
918 1407 1026 1440 virum
1052 1406 1115 1441 Dei
1151 1417 1292 1442 currens
1319 1410 1387 1442 ait:
1423 1421 1478 1444 re-

89 1476 247 1513 vertere,
288 1472 371 1516 quia.
396 1472 455 1515 qui
478 1474 513 1504 te
536 1468 832 1515 poi-sequebatur,
872 1472 1064 1505 exstinctus
1092 1477 1154 1507 est.
1206 1474 1304 1513 Quod
1330 1474 1389 1508 ille
1416 1485 1478 1509 au-

88 1537 187 1572 diens
212 1536 439 1571 vehementer
464 1537 644 1581 ingemuit,
670 1536 725 1570 vel
752 1536 833 1580 quia
858 1537 1017 1570 inimicus
1044 1538 1219 1579 occubuit,
1248 1540 1303 1574 vel
1331 1542 1413 1585 quia
1438 1541 1480 1575 de

88 1604 219 1637 inimici
241 1606 351 1637 morte
377 1600 569 1645 discipulus
596 1601 795 1635 exsultavit.
833 1600 907 1640 Qua
931 1601 974 1636 (10
999 1613 1037 1636 10
1064 1603 1192 1638 sactum
1222 1609 1285 1642 est,
1308 1610 1344 1640 ut
1368 1606 1479 1641 eidem

88 1669 335 1713 poenitentiam
354 1666 535 1708 indiceret,
561 1666 654 1711 quod
674 1667 840 1701 mandans
866 1667 949 1701 talia
975 1668 1132 1711 gaudere
1155 1669 1198 1703 de
1218 1671 1345 1705 inimici
1370 1677 1480 1707 morte

88 1735 371 1779 praesumsisset,
396 1734 473 1777 ipse
498 1737 611 1767 autem
639 1732 683 1766 ad
709 1732 781 1766 alia
800 1734 953 1777 migrans
976 1733 1090 1768 locum
1113 1746 1181 1769 non
1208 1736 1342 1771 hostem
1369 1742 1479 1772 muta-

88 1801 147 1834 vit.
195 1798 280 1833 Nam
311 1798 357 1833 ad
389 1802 538 1832 montem
567 1798 749 1833 Cassinum
777 1800 871 1833 venit
898 1803 932 1833 et
956 1800 1118 1844 templum
1153 1801 1351 1846 Apollinis,
1387 1804 1480 1848 quod

46 1875 51 1878 ’
87 1864 138 1899 1111
161 1866 265 1899 51111111
290 1867 387 1907 erat,
424 1864 459 1898 in
484 1865 597 1899 sancti
621 1863 790 1899 Johannis
817 1864 994 1909 baptistae
1020 1869 1209 1901 oratorium
1235 1867 1423 1903 fabricavit
1448 1874 1481 1904 et

87 1930 435 1976 circumadJacentem
464 1931 629 1976 populum
666 1930 709 1964 ab
745 1930 959 1975 ‚ydololatria
993 1934 1174 1966 convertit.
1233 1934 1302 1968 Sed
1326 1933 1393 1969 1100
1417 1945 1479 1970 an-

88 1997 205 2041 tiquus
240 1995 353 2030 hostis
387 1998 544 2042 graviter
580 1997 696 2032 serens
737 1996 980 2040 corporalibus
1017 1998 1094 2042 ejus
1133 1999 1243 2033 oculis
1284 2001 1480 2034 teterrimus

89 2060 284 2106 apparebat
309 2064 343 2096 et
367 2063 402 2095 in
435 2072 509 2096 eum
534 2073 596 2097 ore
630 2062 812 2107 oculisque
837 2062 1092 2097 flammantibus
1125 2064 1314 2098 visibiliter
1339 2066 1479 2099 saevie-

88 2126 149 2161 bat
171 2130 274 2172 atque
299 2126 460 2162 dicebat:
488 2127 691 2169 Benediete,
718 2127 929 2161 Benedicte!
958 2128 1019 2161 sed
1039 2138 1112 2162 011111
1134 2129 1193 2163 ille
1218 2128 1304 2163 nihil
1333 2129 1400 2163 sibi
1423 2140 1478 2164 re—

89 2192 296 2235 sponderet,
324 2192 482 2227 dicebat:
507 2193 718 2235 Maledicte,
755 2192 963 2228 Maledicte!
990 2204 1058 2227 non
1084 2193 1294 2236 Benedicte,
1322 2195 1404 2241 quid
1428 2206 1481 2229 me

88 2259 339 2301 persequeris?
389 2258 543 2298 Quadam
570 2259 627 2293 die
660 2259 811 2304 lapidem
838 2258 1009 2303 quendam
1033 2260 1067 2293 111
1090 2263 1185 2294 terra
1205 2261 1381 2305 jacentem
1408 2261 1479 2294 sra—

88 2324 161 2355 tres
185 2322 221 2354 in
250 2322 445 2357 aedilicium
473 2324 591 2359 levare
615 2325 793 2367 volebant,
820 2323 883 2358 sed
908 2335 1125 2370 nequaqnam
1152 2325 1325 2359 valebant.
1378 2325 1479 2358 Cum-

90 2396 156 2431 que
189 2387 339 2421 virorum
372 2388 554 2424 multitudo
590 2390 733 2425 adesset
765 2394 798 2424 et
831 2390 875 2423 ab
910 2391 953 2423 iis
990 2390 1099 2423 levari
1136 2400 1205 2423 non
1238 2394 1380 2434 posset,
1415 2389 1478 2424 ad-

90 2453 232 2486 veniens
256 2453 309 2486 vir
341 2452 407 2486 Dei
437 2452 715 2489 benedictionem
744 2455 841 2489 dedit
874 2459 907 2488 et
930 2458 1013 2487 tunc-
1046 2455 1194 2487 maxima
1220 2454 1399 2489 celeritate
1426 2455 1477 2490 le-

88 2521 188 2551 vatus
217 2521 289 2559 est,
315 2528 358 2552 ex
383 2528 450 2563 quo
476 2519 721 2562 perpenditur,
754 2519 846 2565 quod
870 2518 1039 2561 dyabolus
1064 2518 1114 2551 illi
1140 2518 1385 2564 insidehaw),
1421 2523 1479 2565 qui

89 2592 166 2616 eum
190 2583 321 2617 moveri
346 2593 415 2616 non
441 2584 675 2627 permittebat.
716 2583 868 2628 (imnque
895 2583 1022 2617 fratres
1049 2583 1215 2627 parietem
1243 2584 1347 2628 paulo
1371 2585 1476 2619 altius

155 2683 184 2714 1)
203 2683 243 2710 ita
261 2682 384 2718 scripsi,
403 2691 468 2709 cum
498 2682 529 2708 in
548 2681 601 2710 Ed.
620 2685 664 2708 I'r.
684 2682 798 2714 legatur
821 2681 1056 2714 insultabat,
1087 2687 1197 2710 recent.
1219 2692 1291 2712 vero
1316 2684 1474 2720 scripturn:

86 2725 178 2754 illic
197 2726 401 2755 incidebat
419 2726 578 2755 manifesto
598 2737 614 2753 a
633 2726 756 2753 librario
776 2725 909 2761 prosecta
930 2725 976 2753 sit.
