1742 3005
392 111 486 162 Cap.
520 111 635 148 CCll.
694 110 753 149 De
783 117 910 148 sancta
941 110 1123 148 Barbara.
1258 110 1262 111 ⁷
1370 110 1448 148 901

70 214 187 243 videret
213 214 322 251 impius
349 225 484 251 praeses,
511 217 663 252 praecepit
690 224 754 242 eam
781 214 882 248 gladio
909 215 1059 244 trucidari.
1096 218 1180 242 Titne
1198 213 1298 241 surore
1317 214 1450 249 repletus

70 265 156 295 pater
179 261 242 295 ejus
269 261 401 296 suscepit
426 271 492 288 eam
517 272 534 288 a
560 262 698 297 praeside
718 265 745 288 et
764 260 906 295 perduxit
925 270 990 288 eam
1010 261 1040 287 in
1059 263 1201 287 montem.
1236 262 1273 285 At
1293 267 1366 285 vero
1384 258 1452 293 ipsa

71 305 203 337 gaudens
221 314 312 340 super
330 306 386 333 hoc
409 305 587 339 festinabat,
612 310 644 333 ut
670 305 837 341 perfectum
863 305 944 332 vitae
969 309 1107 332 aeternae
1133 304 1270 331 bravium
1294 303 1452 338 acciperet,

70 353 99 376 et
118 349 249 377 adducta
271 349 302 377 in
327 355 459 378 montem
486 351 591 378 orabat
618 350 657 377 ud
681 350 836 377 dominum
862 350 981 377 dicens:
1009 349 1131 377 domine
1157 352 1227 376 Jesu
1247 349 1378 381 Christe,
1405 348 1453 375 cui

69 394 170 421 omnia
188 394 351 429 obediunt,
370 400 489 431 praesta
508 396 580 422 mihi
599 396 675 422 hanc
693 395 885 430 petitionem,
912 399 958 427 ut,
986 394 1011 422 si
1030 395 1097 428 quis
1114 402 1229 420 memor
1247 393 1337 420 suerit
1355 393 1452 420 nomi-

70 438 116 465 nis
142 439 186 466 tui
212 444 242 466 et
265 439 397 468 famulae
414 446 483 468 tuae
500 440 614 468 faciens
641 440 814 468 memoriam
833 439 983 475 passionis
1003 448 1103 471 meae,
1128 438 1266 469 domine,
1292 447 1329 464 ne
1348 438 1451 465 memi¹⁴

69 483 148 511 neris
166 488 358 518 peccatorum
377 487 441 520 ejus
459 486 489 512 in
508 485 557 513 die
575 485 694 520 judicii,
721 485 775 512 sed
800 484 949 519 propitius
974 487 1039 511 esto
1066 484 1108 515 ei,
1135 487 1167 509 tu
1187 483 1266 510 enim
1286 483 1358 515 scis,
1383 484 1452 516 quia

69 536 138 555 caro
157 537 269 557 snmus.
304 533 338 557 Et
358 529 436 557 facta
455 535 500 558 est
518 539 579 557 vox
598 531 635 556 de
655 529 740 557 coelo
759 529 798 556 nd
817 539 881 556 eam
901 529 1020 555 dicens:
1045 527 1133 560 veni,
1159 528 1357 561 pulcherrima
1376 538 1452 559 mea,

68 573 222 606 requiesce
239 574 270 601 in
289 575 439 602 cubilibus
458 575 552 610 patris
570 575 645 607 inei,
673 574 725 607 qui
743 579 788 601 est
811 573 842 600 in
861 574 970 605 coelis,
997 573 1078 606 qnod
1103 572 1282 608 postulasti,
1309 572 1452 599 donatum

69 622 116 645 est
133 618 201 648 tibi.
238 622 303 655 Quo
321 618 401 646 facto
419 619 523 646 martir
542 619 649 646 Christi
676 619 715 645 ad
733 618 832 645 locum
852 618 1057 653 supradictum
1075 618 1159 644 venit
1178 622 1206 644 et
1225 618 1269 644 ibi
1287 617 1453 649 martirium

70 671 156 690 suum
172 663 281 690 finivit.
315 665 340 690 A
359 663 483 698 proprio
502 664 580 698 enim
601 667 686 699 patre
705 663 855 690 decollata
873 667 929 692 est.
964 666 1048 689 l’atre
1067 664 1130 696 ejus
1150 662 1187 689 de
1207 667 1307 690 monte
1327 662 1452 689 descen-

69 706 159 734 dente
177 706 254 740 ignis
273 707 311 734 de
330 707 416 735 coelo
435 708 592 736 descendit
611 713 641 735 et
659 708 824 736 combussit
843 717 912 735 enm
924 728 932 740 ,
949 707 990 735 ita
1009 711 1042 734 ut
1060 717 1115 734 nec
1132 707 1234 743 pulvis
1254 709 1316 740 ejus
1335 707 1452 734 inveni-

67 755 157 780 retur.
192 751 288 779 Finita
307 757 352 781 est
371 757 470 780 autem
489 758 590 781 sancta
609 753 712 781 martir
731 753 839 780 Christi
858 753 988 780 Barbara
1008 762 1074 780 cum
1093 757 1195 779 sancta
1214 752 1331 780 Juliana
1350 752 1453 785 quinta

67 796 118 824 die
141 797 253 825 mensis
279 798 453 825 Decembris
479 799 646 834 imperante
671 797 853 825 Maximiano
881 803 909 825 et
929 797 1120 833 praesidente
1138 797 1300 826 Marciano.
1320 811 1352 817 —
1371 812 1404 816 —
1421 813 1454 816 —

66 844 93 870 2.
111 842 179 869 Fuit
195 842 244 870 vir
262 842 374 870 nobilis
392 852 492 870 comes
511 843 674 876 Saxoniae,
695 843 746 877 qui
764 843 918 870 inimicum
937 852 1024 870 suum
1043 843 1225 877 captivavit,
1245 852 1334 876 quem
1353 842 1453 869 statim

67 886 99 914 in
116 887 221 914 turrim
239 888 353 915 recludi
372 887 443 915 fecit
462 893 491 915 et.
508 888 642 915 familiae
661 897 731 915 suae
751 888 806 915 sub
826 896 923 922 poena
943 897 1049 920 magna
1067 887 1237 919 mandavit,
1264 896 1302 913 ne
1321 886 1380 914 sibi
1399 886 1453 912 ali-

68 931 136 965 quis
155 931 256 959 cibum
274 933 324 959 vel
343 938 448 968 potum
466 933 656 965 ministraret,
675 937 707 959 ut
727 933 769 959 sic
788 941 823 959 eo
843 932 929 959 citius
949 936 1114 959 moreretur
1132 931 1222 959 same.
1250 935 1380 964 Cumque
1399 940 1454 965 per

67 976 192 1009 aliquod
215 981 333 1012 tempus
359 977 424 1005 sine
451 978 518 1005 cibo
538 983 565 1005 et
584 982 657 1013 polu
682 976 856 1008 mansisset,
883 976 1039 1003 custodem
1066 976 1154 1002 turris
1179 985 1254 1002 voce
1279 975 1397 1007 lugubri
1424 979 1453 1001 et

67 1021 302 1049 lamentabiliter
319 1023 452 1056 rogavit,
479 1027 511 1049 ut
538 1022 565 1049 ei
593 1022 743 1049 modicum
770 1022 853 1049 daret
874 1022 911 1048 de
930 1031 1008 1056 pane
1028 1021 1066 1048 ob
1087 1021 1286 1048 reverentiam
1306 1020 1453 1053 gloriosae

67 1066 192 1099 virginis
211 1068 375 1100 Barbarae,
400 1077 437 1094 ne
457 1067 499 1094 sic
517 1067 596 1093 fame
615 1071 788 1095 moreretur.
826 1070 931 1094 Custos
952 1076 1005 1093 nec
1024 1066 1184 1092 clamorem
1205 1076 1258 1093 nec
1278 1075 1381 1100 preces
1400 1066 1454 1092 ad-

67 1112 223 1145 vertebat,
243 1117 272 1139 et
291 1112 334 1139 sic
352 1121 406 1147 per
424 1111 549 1145 aliquod
567 1116 686 1146 tempus
705 1113 821 1146 jacebat
841 1117 870 1139 et
890 1111 1001 1138 nemini
1017 1120 1193 1146 responsum
1210 1111 1311 1137 dabat.
1349 1114 1454 1137 Custos

67 1165 140 1184 vero
159 1157 338 1184 aestimabat
356 1157 441 1184 illum
460 1158 518 1192 jam
536 1161 703 1189 mortuum,
728 1157 844 1189 rogavit
871 1165 940 1189 ergo
967 1156 1138 1188 dominum,
1169 1161 1199 1183 ut
1227 1156 1311 1182 illum
1339 1157 1455 1182 extrahi

66 1200 266 1236 permitteret,
293 1201 467 1237 priusquam
494 1211 602 1236 corpus
627 1206 777 1228 mortuum
804 1202 957 1229 exhalaret
985 1201 1142 1229 foetorem.
1179 1202 1346 1234 injecerunt
1366 1201 1455 1234 igitur

66 1245 169 1273 sunem
187 1245 218 1273 in
236 1246 347 1274 collum
367 1247 482 1274 detenti
501 1251 531 1273 et
550 1246 589 1273 nd
607 1246 810 1273 summitatem
829 1246 1012 1273 deducentes
1033 1247 1075 1273 sic
1095 1256 1161 1273 erun
1181 1246 1218 1273 du
1238 1247 1298 1273 alto
1318 1248 1454 1281 projece-

67 1295 144 1320 runt.
181 1291 239 1326 Oui
257 1301 324 1319 cnm
343 1292 383 1318 ad
401 1296 509 1319 terram
528 1291 733 1326 pervenisset,
761 1291 862 1319 statim
882 1300 914 1318 se
933 1291 1027 1318 erexit
1047 1295 1075 1318 et
1094 1300 1216 1323 omnes,
1243 1291 1294 1325 qni
1320 1291 1455 1324 aderant,

67 1335 125 1362 hoc
150 1335 291 1363 videntes
314 1336 345 1363 in
369 1335 468 1368 sugam
494 1335 632 1363 conversi
659 1340 736 1363 sunt.
782 1339 863 1372 Quos
890 1336 942 1363 ille
969 1336 1097 1363 dulciter
1122 1336 1238 1363 monuit
1272 1346 1306 1363 ac
1331 1341 1456 1372 propter

67 1382 164 1407 Deum
180 1380 316 1413 rogavit,
336 1390 373 1408 ne
390 1380 543 1413 fugerent,
567 1380 622 1408 sed
640 1385 670 1407 ut
690 1381 816 1416 propius
835 1381 1020 1411 accederent.
1056 1385 1091 1408 Et
1111 1391 1177 1408 cum
1196 1381 1397 1409 accessissent
1416 1381 1455 1408 ad

69 1435 153 1457 eum,
179 1424 437 1458 interrogaverunt
463 1435 548 1458 eum,
584 1426 736 1459 quomodo
762 1427 819 1453 hoc
844 1426 929 1453 fieret
955 1431 1006 1453 aut
1033 1427 1185 1460 quomodo
1211 1427 1315 1454 vivere
1341 1432 1456 1462 posset.

70 1469 187 1505 Quibus
204 1470 258 1497 ille
275 1470 431 1504 respondit
443 1470 556 1497 :rbeata
573 1470 658 1503 virgo
677 1472 807 1498 Barbara
826 1481 874 1498 me
893 1471 922 1498 in
942 1472 1081 1499 omnibus
1101 1472 1246 1504 angustiis
1264 1472 1338 1498 meis
1354 1476 1457 1498 custo-

68 1515 146 1542 divit
165 1519 195 1542 et
212 1515 244 1542 in
262 1515 409 1550 ejectione
427 1516 516 1543 turris
535 1516 596 1542 suis
616 1516 813 1544 sanctissimis
832 1517 970 1544 manibus
989 1527 1037 1544 me
1056 1518 1237 1544 sustentavit
1255 1521 1283 1544 et
1303 1516 1379 1544 mori
1397 1526 1456 1544 non

67 1568 193 1595 possum
210 1560 270 1588 nisi
288 1560 445 1587 confessus
471 1565 500 1587 et
519 1569 601 1588 sacra
621 1561 831 1588 communione
858 1562 990 1589 munitus
1009 1566 1038 1588 et
1058 1562 1206 1588 inunctus.
1243 1566 1456 1594 Interrogatus,

67 1605 148 1633 unde
165 1606 241 1633 hanc
260 1606 384 1638 gratiam
402 1606 543 1639 haberet,
569 1606 663 1633 dixit:
689 1606 808 1641 jejuniis
833 1611 862 1634 et
889 1606 1075 1634 orationibus
1102 1607 1183 1633 omui
1208 1606 1258 1634 die
1277 1607 1358 1634 omni
1377 1618 1457 1635 annio

67 1650 216 1678 honoravi
234 1659 300 1678 eain
319 1655 348 1678 et
367 1651 443 1678 hanc
461 1652 585 1684 gratiam
604 1651 678 1678 mihi
705 1652 786 1687 apud
804 1655 899 1679 Deum
925 1651 1070 1685 obtinuit,
1096 1656 1129 1679 ut
1155 1651 1232 1678 mori
1257 1661 1318 1679 non
1341 1653 1457 1688 possim

67 1696 184 1729 absque
213 1695 417 1725 sacramentis.
471 1697 587 1732 Quibus
620 1697 771 1732 perceptis
810 1697 911 1725 statim
938 1697 1077 1732 spiritum
1112 1697 1282 1724 exhalabat.
1307 1713 1340 1717 -—
1366 1713 1400 1718 —
1424 1714 1457 1718 —-

67 1743 94 1769 3.
112 1741 205 1768 Aliud
223 1741 395 1776 exemplum
412 1741 538 1774 legimus
557 1746 693 1777 tempore
720 1741 903 1769 serenissimi
922 1742 1022 1769 Adolfi
1050 1741 1128 1774 regis
1147 1745 1361 1769 Romanorum.
1398 1746 1457 1770 Ac-

68 1785 160 1819 cidit,
185 1790 219 1813 ut
245 1786 370 1820 quidam
393 1795 493 1815 comes
520 1796 556 1814 ex
581 1788 724 1815 mandato
743 1787 819 1820 regis
838 1787 867 1814 in
887 1788 1024 1822 partibus
1044 1787 1242 1814 orientalibus
1261 1787 1457 1821 praesideret.

67 1830 202 1858 Lubente
219 1840 293 1858 vero
311 1835 447 1867 tempore
465 1831 596 1859 famulus
615 1833 738 1866 quidam
758 1842 794 1860 ex
812 1833 954 1868 prosapia
973 1832 1104 1864 militari,
1124 1832 1206 1866 qnod
1225 1832 1372 1864 virginem
1390 1833 1457 1861 vio-

67 1875 201 1909 laverat,
219 1875 383 1904 incusatur.
420 1876 478 1913 Qui
496 1881 601 1912 captus
621 1877 750 1904 vinculis
768 1877 911 1911 inclusus,
931 1886 1087 1911 quousque
1106 1877 1251 1909 cogitaret
1272 1877 1309 1904 de
1329 1879 1458 1906 consilio

67 1921 216 1949 nobilium
240 1931 275 1949 nc
300 1921 449 1955 civitatis,
475 1931 551 1956 qnae
578 1927 679 1949 contra
707 1932 774 1950 eum
801 1927 881 1950 esset
908 1922 1056 1950 sententia
1082 1922 1238 1954 facienda,
1265 1927 1294 1949 et
1322 1927 1458 1958 tempore

69 1971 182 1994 statuto
199 1975 304 1995 omnes
323 1972 528 1995 convenerunt
547 1972 576 1994 et
594 1967 712 2000 iuvenis
732 1967 879 1995 deductus
899 1972 944 1995 est
956 1988 964 2001 ,
983 1967 1035 2001 qui
1053 1967 1158 1994 intime
1177 1968 1308 2001 rogavit,
1334 1974 1367 1996 nt
1387 1978 1458 1996 con-

67 2011 211 2039 fiteretur.
245 2015 378 2039 Vocatur
396 2012 565 2045 consessor,
589 2012 715 2039 audiens
735 2022 802 2039 eum
821 2012 1013 2039 innocentem
1033 2022 1099 2039 enin
1118 2012 1245 2040 invenit.
1282 2014 1367 2040 Unde
1387 2022 1458 2041 con-

68 2056 167 2083 sessor
184 2064 252 2082 eum
269 2055 405 2088 induxit,
431 2060 464 2083 nt
487 2057 596 2083 beatae
619 2057 769 2083 Barbarae
795 2061 974 2091 perpetuum
1000 2057 1157 2083 servitium
1183 2062 1310 2084 voveret
1337 2067 1393 2085 nec
1419 2060 1458 2085 ad

68 2100 194 2127 domum
210 2099 327 2127 veniret
345 2109 401 2127 nec
418 2100 544 2133 rediret,
569 2101 628 2127 nisi
647 2100 729 2134 prins
749 2101 848 2127 locum
866 2100 1031 2133 Antiquam
1050 2101 1173 2127 Cuhnen
1196 2100 1227 2126 in
1248 2102 1364 2128 rrussia
1382 2103 1457 2130 visi—

69 2149 162 2178 taret,
182 2145 265 2179 quod
282 2149 312 2172 et
330 2144 447 2179 juvenis
466 2144 547 2174 fecit.
582 2148 698 2172 Interea
718 2144 825 2171 mulier
844 2144 975 2171 clamans
993 2144 1137 2178 judicium
1156 2145 1312 2180 implorat:
1339 2147 1457 2180 juvenis

68 2190 109 2218 ad
132 2189 278 2224 iudicium
301 2190 429 2217 ducitur.
466 2190 563 2218 Judex
587 2190 703 2223 quaerit
722 2189 760 2216 de
779 2189 943 2217 sententia:
971 2189 1090 2223 juvenis
1109 2191 1168 2224 jam
1194 2190 1231 2218 de
1249 2190 1312 2217 vita
1332 2200 1384 2218 sua
1404 2192 1458 2219 de-

70 2244 204 2271 sperans.
240 2234 370 2272 Quidam
388 2235 507 2268 ignotus
531 2235 676 2267 accessit,
700 2243 788 2269 quem
816 2243 904 2261 nemo
928 2234 1032 2267 novit,
1059 2235 1219 2263 exhortans
1244 2237 1401 2270 juvenem,
1427 2243 1459 2266 ut

68 2280 200 2315 iudicem
223 2284 340 2312 rogaret
365 2279 464 2315 ipsum
491 2289 577 2307 snum
601 2280 728 2308 verbum
747 2279 840 2313 loqui.
877 2280 966 2315 Quod
984 2279 1096 2307 sactum
1116 2285 1171 2308 est.
1206 2284 1291 2309 Tunc
1310 2286 1372 2309 tota
1391 2282 1458 2309 uni-

69 2326 197 2352 versitas
221 2325 365 2358 cucurrit,
392 2335 468 2360 quae
495 2330 525 2353 et
549 2325 678 2359 qualiter
704 2325 755 2352 ille
780 2325 941 2360 despectus
966 2325 1062 2352 vellet
1086 2324 1153 2358 sari,
1180 2330 1209 2353 et
1234 2327 1457 2355 rationabiliter

70 2369 233 2398 ostendens
252 2370 430 2398 sententiam
449 2371 598 2406 prolatam
616 2375 719 2398 contra
737 2372 876 2406 juvenem
895 2379 962 2397 esse
980 2370 1110 2404 nullam,
1139 2376 1167 2398 et
1193 2376 1366 2399 constanter
1385 2381 1457 2407 pro-

69 2416 161 2448 bans,
180 2415 263 2449 quod
280 2424 397 2449 omnes,
424 2421 485 2444 tam
503 2417 623 2444 nobiles
641 2426 731 2450 quam
750 2416 833 2443 cives
852 2419 881 2442 et
901 2424 1013 2448 omnes,
1033 2416 1084 2449 qui
1102 2416 1237 2449 aderant,
1256 2417 1333 2444 illud
1351 2427 1457 2446 verum

70 2469 136 2488 esse
154 2459 305 2489 dicebant.
339 2464 374 2489 Et
393 2461 436 2489 sic
454 2462 634 2489 sententiam
652 2465 848 2494 revocarunt,
875 2460 944 2494 quia
967 2460 1045 2487 ultra
1064 2460 1226 2488 humanum
1247 2471 1367 2489 sensum
1386 2471 1455 2497 pro-

69 2505 154 2538 tulit,
180 2505 229 2532 cui
252 2505 353 2533 nullus
379 2507 585 2534 contradicere
610 2507 726 2542 potnit,
754 2511 784 2534 et
809 2506 882 2533 dum
907 2506 1080 2540 praedictus
1098 2506 1216 2540 juvenis
1236 2511 1304 2534 ante
1324 2508 1455 2535 tribunal

70 2551 234 2584 existebat,
261 2559 334 2585 prae
359 2551 453 2579 nimio
479 2552 588 2584 gaudio
614 2557 802 2587 prosternere
829 2560 860 2578 se
887 2550 1009 2584 volens,
1041 2560 1112 2578 casu
1140 2552 1264 2585 accidit,
1287 2557 1318 2580 ut
1346 2553 1455 2582 collum

68 2595 178 2630 indicis
196 2595 435 2631 amplecteretur.
472 2596 561 2632 Quod
585 2596 724 2624 videntes
749 2596 830 2624 servi
856 2596 964 2630 judicis
989 2596 1139 2624 hostiliter
1165 2597 1312 2625 irruerunt
1330 2599 1360 2626 in
1379 2608 1455 2628 eum.

70 2645 134 2669 Hoc
156 2645 244 2677 pater
268 2645 298 2668 et
324 2640 412 2668 amici
437 2641 576 2669 videntes
603 2641 755 2677 desperati
779 2642 885 2669 flentes
909 2645 940 2669 et
966 2641 1165 2670 lamentantes
1197 2643 1283 2677 quasi
1305 2648 1455 2672 mortuum

38 2715 43 2720 ,
69 2695 138 2714 enm
155 2686 348 2721 reliquerunt.
385 2686 474 2722 Quod
492 2686 663 2719 intelligens
682 2685 838 2715 consessor
856 2687 1041 2715 confidenter
1059 2687 1162 2716 amicis
1181 2688 1243 2717 suis
1261 2689 1316 2716 ait:
1342 2699 1456 2724 nequa-

68 2740 157 2765 quam
183 2731 227 2761 sic
253 2732 290 2760 de
316 2731 469 2760 beneficiis
496 2732 603 2760 beatae
629 2733 777 2761 Barbarae
803 2731 966 2767 diffidatis,
993 2731 1062 2768 quia
1088 2734 1235 2763 veraciter
1259 2734 1339 2769 scio,
1373 2735 1455 2771 quod
