1742 3005
302 123 387 166 766
566 123 661 171 Cap.
693 119 899 158 CLXVIII.
967 119 1027 157 De
1058 127 1189 158 sancta
1217 121 1432 160 Elizabeth.

300 231 408 268 ritus,
448 227 549 270 quus
583 223 749 269 profundi
780 223 860 258 oleo
888 224 1061 258 inventum
1095 227 1149 258 est
1174 225 1210 258 in
1233 225 1376 269 pulvere
1396 226 1520 270 Jacens
1547 234 1685 269 eorpus.

300 291 527 328 Manifestum
556 294 610 325 est
635 291 768 335 quinto,
796 293 948 335 quantae
974 290 1020 323 sit
1044 289 1136 334 apud
1160 289 1266 324 Deum
1291 293 1476 334 potestatis
1503 296 1537 326 et
1560 292 1686 333 meriti,

297 363 334 392 et
358 357 425 391 hoc
450 356 633 401 multiplici
659 355 902 390 miraculorum
928 356 1146 400 operatione.
1194 355 1381 400 Postquam
1419 357 1506 390 enim
1539 357 1581 391 de
1607 368 1684 391 cor-

296 433 384 469 pore
417 423 578 463 transiit,
613 421 707 456 Deus
743 431 817 456 eam
853 420 1037 466 multiplici
1068 421 1312 455 miraculorum
1345 420 1463 467 gloria
1485 421 1685 465 illustravit,

298 499 445 534 quorum
471 487 643 533 quaedam
669 487 815 521 iuferius
843 490 922 520 sunt
947 488 1084 531 posita,
1117 487 1225 520 multa
1250 497 1332 522 vero
1359 486 1544 521 brevitatis
1571 489 1688 532 gratia

296 556 509 589 intermissa.
535 573 580 578 --
603 574 647 578 -—
669 572 715 578 —
760 557 805 590 ἒ.
830 552 867 587 ln
893 552 1052 598 partibus
1078 552 1250 598 siquidem
1277 553 1454 587 Saxoniae
1474 553 1686 587 monasterio

297 620 446 665 quodam
464 619 697 654 Hildesiensis
719 619 902 663 dyoecesis
929 618 1119 653 monac-hus
1147 618 1282 652 ordinis
1306 618 1564 661 Cisterciensis‚
1583 618 1685 653 Hein-

296 686 390 720 ricus
416 688 565 728 nomine,
592 688 690 718 tanta
717 685 781 718 suit
807 684 1004 719 infirmitate
1032 684 1223 729 depressus
1251 688 1285 718 ct
1308 684 1476 729 gravibus
1503 684 1685 718 doloribus

295 750 552 791 circumdatus,
585 752 623 783 ut
656 760 774 784 omnes
809 751 852 783 ad
888 752 1166 794 compassionem
1201 750 1381 784 induceret
1414 754 1448 784 et
1475 750 1686 784 clamoribus

296 818 522 861 inquietaret.
572 815 726 855 Quadam
761 815 871 861 igitur
905 819 1006 849 nocte
1038 816 1201 859 apparuit
1235 815 1303 849 sibi
1340 816 1510 860 quaedam
1538 826 1686 850 venera-

297 882 379 916 bilis
415 882 554 915 domina
588 881 745 916 vestibus
780 881 871 915 albis
906 882 1056 922 amicta,
1100 891 1189 926 quae
1224 891 1300 916 eum
1331 881 1529 915 admonuit.
1563 885 1619 923 ut,
1655 882 1688 915 si

299 949 485 982 sanitatem
518 948 677 991 recipere
713 950 876 991 cuperet,
920 946 1046 981 beatae
1081 945 1268 982 Elizabeth
1304 957 1341 981 se
1374 946 1575 982 devoveret.
1623 947 1687 981 Se-

299 1015 418 1059 quenti
451 1016 552 1046 nocte
578 1012 708 1046 similia
742 1011 960 1057 persuadens
986 1015 1160 1056 apparuit.
1208 1012 1270 1047 Ille
1302 1016 1438 1055 autem,
1474 1023 1547 1047 cum
1575 1012 1687 1048 abbas

297 1084 333 1115 et
363 1080 460 1124 prior
495 1078 678 1119 deessent,
721 1077 763 1112 de
805 1077 954 1111 consilio
996 1079 1191 1122 superioris
1231 1083 1347 1113 votum
1383 1079 1508 1114 emisit.
1564 1078 1688 1113 Tertia

297 1150 400 1180 nocte
426 1144 537 1179 eidem
564 1153 739 1188 apparens
764 1145 900 1187 signum
930 1144 1042 1177 crucis
1072 1153 1178 1188 super
1203 1154 1278 1178 eum
1304 1144 1416 1178 edidit
1449 1148 1482 1179 et
1515 1144 1575 1179 ille
1601 1154 1684 1178 con-

297 1213 395 1246 tinuo
423 1212 609 1245 sanitatem
636 1210 779 1254 recepit.
830 1209 912 1243 Cum
929 1213 1042 1243 autem
1062 1209 1172 1243 abbas
1200 1214 1234 1244 et
1260 1211 1358 1254 prior
1383 1209 1571 1245 redeuutes
1597 1210 1686 1245 haec

297 1277 535 1318 audivissent,
562 1276 682 1309 mirari
707 1275 843 1319 quidem
871 1275 913 1309 de
941 1276 1018 1320 ejus
1044 1277 1195 1309 sanitate
1219 1279 1430 1319 coeperunt,
1458 1276 1519 1310 sed
1546 1275 1589 1310 ‹le
1616 1278 1686 1310 voti

298 1342 548 1388 adimpletione
574 1342 755 1386 plurimum
783 1340 1004 1381 dubitarunt,
1037 1351 1111 1374 cum
1136 1341 1221 1374 nulli
1245 1341 1413 1375 monacho
1437 1341 1542 1375 liceat
1566 1342 1685 1387 aliqua

298 1414 382 1443 vota
407 1409 564 1443 emittere
593 1418 657 1442 nec
683 1417 722 1442 se
749 1407 794 1441 ad
819 1407 906 1441 talia
931 1406 1105 1452 obligare.
1154 1406 1450 1452 Adjecitquoque
1475 1408 1584 1451 prior,
1610 1418 1684 1441 mo-

295 1475 432 1510 nachos
473 1484 581 1519 saepe
620 1473 665 1507 ad
708 1470 906 1518 hujusmodi
950 1473 1074 1507 illicita
1117 1472 1181 1507 snb
1214 1473 1333 1516 specie
1365 1472 1450 1506 boni
1481 1472 1684 1508 daemonum

295 1542 518 1586 apparitione
552 1539 690 1581 deludi,
732 1543 766 1574 et
804 1539 885 1574 ideo
928 1543 1023 1574 esset
1056 1539 1107 1573 illi
1139 1538 1309 1573 monacho
1342 1538 1610 1582 consulendum,
1648 1543 1686 1572 ut

293 1611 439 1641 mentem
469 1615 565 1640 suam
593 1605 791 1640 instabilem
816 1605 1040 1640 consessione
1060 1604 1225 1642 firmaret.
1273 1604 1438 1650 Sequenti
1457 1605 1564 1650 igitur
1581 1608 1683 1640 nocte

294 1672 416 1708 eadem
443 1681 616 1716 persona,
655 1681 745 1716 quae
774 1673 881 1716 prius,
915 1671 983 1705 sibi
1009 1681 1184 1716 apparens
1219 1671 1323 1705 dixit:
1357 1671 1511 1704 infirmus
1545 1680 1684 1714 semper

295 1740 386 1780 cris,
423 1737 534 1772 donec
561 1737 727 1782 impleas,
765 1737 857 1782 quod
890 1738 1028 1771 vovisti.
1079 1738 1203 1771 Statim
1239 1747 1324 1782 ergo
1352 1735 1474 1771 eadem
1500 1735 1681 1770 infirmitas

291 1806 403 1849 ipsum
431 1805 581 1848 arripuit
607 1807 641 1838 et
661 1803 783 1837 iisdem
805 1802 986 1837 doloribus
1005 1805 1164 1849 torqueri
1184 1805 1311 1847 coepit.
1360 1802 1460 1842 Quod
1478 1813 1551 1836 cum
1569 1801 1681 1836 abbas

292 1869 505 1910 audivisset,
545 1870 657 1913 ipsum
691 1870 806 1902 statim
831 1868 1024 1902 licentiavit
1048 1873 1081 1902 et
1107 1878 1220 1903 ceram
1248 1879 1311 1912 pro
1340 1868 1492 1912 imagine
1518 1866 1681 1902 facienda

293 1934 371 1968 dari
398 1935 591 1978 praecepit.
641 1934 706 1972 Qui
738 1943 817 1966 mox
853 1934 1005 1967 sanitate
1038 1937 1181 1977 recepta
1212 1936 1326 1966 votum
1361 1942 1460 1966 suum
1487 1931 1679 1976 adimplere

290 1999 425 2033 studuit
458 2003 492 2033 et
523 1999 617 2032 illius
653 1998 863 2032 infirmitatis
890 1997 975 2031 nibil
1002 1998 1219 2042 postmodum
1245 2008 1372 2042 passus
1398 1997 1474 2031 suit.
1499 2017 1543 2022 —
1566 2017 1612 2022 -—
1635 2018 1678 2022 --

291 2069 340 2102 3.
366 2065 488 2099 Puella
514 2064 704 2109 quaedam,
731 2064 870 2098 nomine
895 2063 1073 2108 Benigna‚
1108 2063 1368 2109 Moguntiensis
1394 2063 1578 2107 dyoecesis
1605 2073 1679 2096 eum

290 2131 335 2165 ab
363 2130 493 2164 ancilla
526 2134 644 2174 potum
679 2130 859 2173 petiisset,
893 2129 955 2163 illa
987 2132 1159 2163 cornmota
1196 2133 1314 2173 potum
1344 2129 1504 2174 porrexit
1540 2127 1678 2163 diceus:

289 2199 410 2241 accipe
436 2201 470 2231 et
495 2195 681 2241 dyabolum
707 2194 808 2236 bibe,
835 2197 1015 2240 visumque
1040 2199 1095 2229 est
1119 2194 1271 2239 puellae,
1296 2198 1334 2228 ut
1358 2194 1485 2228 ardeus
1510 2195 1588 2228 titio
1615 2204 1679 2238 per

289 2263 367 2307 ejus
394 2265 514 2307 guttur
542 2261 791 2303 descenderet,
824 2260 914 2295 adeo
949 2265 987 2294 ut
1019 2271 1057 2295 se
1084 2261 1118 2294 in
1145 2260 1236 2294 collo
1262 2261 1334 2305 pati
1358 2259 1536 2294 clamaret.
1585 2260 1677 2294 Con-

286 2330 384 2362 tinuo
420 2329 529 2373 igitur
563 2330 685 2361 venter
719 2327 795 2371 ejus
829 2327 942 2359 instar
973 2328 1060 2360 utris
1094 2327 1255 2360 intumuit
1287 2329 1322 2360 et
1347 2324 1510 2370 quiddam
1539 2326 1571 2359 in
1598 2327 1675 2370 ejus

286 2397 407 2429 ventre
435 2404 498 2438 per
522 2393 663 2438 singula
690 2392 844 2427 membra
868 2392 1066 2427 discurrere
1091 2393 1201 2426 visum
1227 2396 1291 2427 est.
1339 2391 1404 2426 Illa
1428 2401 1509 2426 vero
1525 2392 1674 2437 gemitus

287 2459 507 2494 miserabiles
542 2458 675 2492 faciens
715 2461 749 2492 et
781 2468 886 2493 voces
919 2459 1063 2492 insanas
1097 2459 1257 2492 emittens
1284 2457 1434 2492 obsessa
1457 2466 1479 2491 a
1507 2456 1673 2491 daemone

286 2524 363 2559 sore
394 2524 613 2559 credebatur.
662 2522 699 2558 In
725 2527 819 2558 statu
845 2535 926 2559 vero
951 2524 1013 2558 tali
1047 2534 1110 2568 per
1134 2522 1308 2557 biennium
1330 2523 1470 2556 mansit.
1516 2520 1673 2556 Deducta

288 2591 397 2633 igitur
422 2589 465 2623 ad
492 2589 656 2623 tunmlum
682 2593 825 2624 sanctae
852 2589 1038 2624 Elizabetb
1068 2594 1102 2624 et
1126 2589 1253 2624 ibidem
1280 2598 1344 2633 pro
1371 2597 1414 2622 ca
1431 2590 1512 2620 voto
1529 2587 1670 2630 emisso,

288 2653 366 2687 dum
392 2665 498 2699 super
522 2654 672 2689 tumbam
700 2656 818 2699 posita
845 2654 988 2698 suisset,
1023 2654 1119 2690 velut
1150 2655 1317 2689 exanimis
1341 2650 1467 2686 ibidem
1492 2654 1670 2696 apparuit,

288 2718 350 2753 sed
377 2718 455 2752 dum
482 2720 650 2755 modicum
678 2722 779 2765 panis
805 2720 848 2755 ad
875 2719 1147 2755 manducandum
1174 2723 1208 2755 et
1232 2727 1357 2763 aquam
1384 2717 1602 2753 benedictam
1626 2718 1671 2753 ad
