1742 3005
470 82 567 132 Cap.
602 81 731 118 Cxtv.
794 81 850 118 De
882 88 1011 118 sancto
1043 81 1164 118 Sixto.
1426 64 1509 119 483*

124 187 284 234 spondit:
321 197 388 234 ego
413 197 486 222 sum
512 186 777 228 misericordia,
815 197 905 232 quae
931 187 987 222 hic
1013 185 1156 227 habito,
1191 187 1222 220 si
1246 187 1355 232 igitur
1380 186 1424 221 ab
1451 189 1513 222 lm-

123 256 267 290 minenti
293 257 501 299 tempestate
526 253 659 287 salvari
683 252 878 294 desideras,
906 251 992 287 vade
1014 251 1059 287 ad
1075 251 1223 294 domum,
1249 254 1284 286 in
1301 263 1369 298 qua
1385 253 1512 290 fratres

123 320 388 366 praedicatores
430 319 610 361 habitant,
654 319 772 364 ibique
806 320 964 353 invenies
997 317 1170 351 stabulum
1206 319 1446 362 poenitentiae
1479 326 1514 356 et

122 397 297 431 praesepe
328 387 564 420 continentiae
596 389 630 419 et
656 384 817 429 pabulum
850 384 1041 424 doetrinae,
1072 384 1251 426 ¹)asinum
1278 385 1512 428 simplicitatis

87 462 91 469 ’
123 462 197 486 enm
217 451 307 486 bove
323 451 560 492 discretionis,
582 450 728 484 Mariam
749 450 997 483 illuminantem
1013 451 1046 482 et
1064 447 1254 492 Josephum
1277 448 1510 493 perficientem

122 522 157 553 et
187 528 328 562 puerum
361 516 480 553 Jesum
514 520 548 550 te
581 515 783 549 salvantem.
835 514 916 548 Cum
958 515 1066 559 igitur
1099 513 1302 557 praedictus
1337 514 1512 550 scholaris

126 583 353 629 evigilasset,
396 581 441 616 ad
481 580 617 615 domum
661 580 805 614 fratrum
845 581 939 615 venit
988 583 1022 614 et
1056 580 1224 615 visionem
1262 590 1324 624 per
1355 581 1510 617 ordinem

121 650 271 684 recitans
307 646 460 682 habitum
497 646 630 681 ordinis
668 647 770 692 petiit
795 651 829 681 et
855 647 1001 690 accepit.

545 849 671 912 GAP.
707 849 851 910 cxlv.
909 847 1064 912 (2109.)

329 949 457 992 De
517 947 874 992 sancto
933 945 1287 993 Sis-130²).

203 1059 324 1094 Sixtus
350 1058 478 1093 dieitur
503 1068 524 1093 a
549 1057 649 1100 Sios,
683 1055 775 1103 quod
812 1060 865 1090 est
892 1055 1007 1098 Deus,
1043 1061 1078 1092 et
1103 1061 1237 1098 status,
1277 1059 1377 1102 quasi
1413 1058 1501 1102 ‘)di⁷

116 1126 215 1159 vinus
241 1128 366 1167 status,
393 1125 446 1159 vel
473 1124 592 1159 Sixtus
618 1134 639 1158 a
664 1125 766 1165 sisto,
793 1124 903 1164 sistiS,
930 1124 1030 1167 quasi
1058 1123 1144 1155 iixus
1174 1127 1207 1156 et
1234 1122 1349 1157 firnius
1382 1125 1414 1157 in
1442 1124 1506 1158 fide

113 1190 169 1225 vel
194 1191 362 1236 passione
387 1195 421 1225 et
444 1189 538 1224 bona
563 1191 781 1234 operatione.

201 1260 240 1293 1.
267 1256 386 1291 Sixtus
414 1266 509 1301 papa
535 1255 763 1290 Atheniensis
786 1255 927 1288 natione
952 1255 1062 1298 primo
1091 1254 1229 1298 quidem
1257 1254 1503 1299 philosophus,

111 1322 177 1358 sed
208 1326 334 1366 postea
367 1321 498 1356 Christi
530 1320 724 1365 discipulus
759 1324 793 1354 et
817 1319 975 1364 pontifex
1001 1330 1150 1353 summus
1177 1320 1309 1355 electus
1337 1322 1442 1356 Decio
1471 1327 1505 1357 et

111 1387 301 1422 Valeriano
327 1397 402 1421 cum
429 1386 565 1421 duobus
592 1385 809 1431 dyacouibus
836 1387 908 1420 suis
928 1385 1149 1420 Felicissimo
1175 1387 1376 1431 etAgapito
1398 1398 1501 1432 prae-

109 1456 269 1487 sentatus
304 1456 369 1488 est.
418 1452 525 1492 Quem
561 1462 636 1486 cum
666 1452 794 1486 Decius
829 1451 934 1485 nullis
968 1456 1091 1495 posset
1123 1452 1413 1496 persuasionibus
1449 1456 1500 1488 iu>

110 1517 262 1560 clinare,
301 1517 383 1552 fecit
403 1528 484 1562 eum
509 1517 587 1552 duci
612 1517 656 1552 ad
681 1517 844 1561 templum
870 1515 1015 1558 Martis,
1052 1521 1089 1550 ut
1120 1521 1180 1550 aut
1205 1516 1419 1553 sacrificaret
1443 1525 1503 1554 aut

109 1584 145 1617 in
171 1582 334 1618 custodia
359 1583 601 1628 ⁴)Mamertini
626 1584 861 1628 reciperetur,
902 1582 965 1617 sed
998 1592 1073 1616 cum
1098 1581 1299 1617 sacrificare
1326 1590 1500 1625 renueret,

109 1649 144 1682 in
170 1648 365 1683 custodiam
390 1648 584 1684 duceretur.
633 1647 764 1684 Beatus
796 1647 1006 1682 Laurentius
1039 1652 1119 1693 post
1144 1659 1219 1683 eum
1246 1649 1401 1684 clamans
1428 1652 1501 1686 ibat

109 1718 143 1748 et
169 1713 326 1749 dicebat:
351 1725 419 1760 quo
444 1715 674 1762 progrederis
701 1716 776 1750 sine
804 1714 887 1756 lilio,
913 1714 1040 1758 pater?
1067 1725 1148 1759 quo,
1177 1715 1346 1750 sacerdos
1366 1722 1499 1759 sancte,

106 1780 184 1814 sine
208 1780 366 1814 ministro
394 1782 596 1825 properas?
644 1779 708 1814 Cui
726 1781 867 1815 sixtus:
893 1791 960 1813 non
987 1790 1054 1825 ego
1074 1784 1106 1815 te
1131 1780 1270 1822 desero,
1301 1780 1360 1821 lili,
1388 1793 1498 1828 neque

106 1843 325 1891 derelinquo,
352 1845 413 1881 sed
433 1847 569 1892 majora
585 1838 651 1881 tibi
669 1845 840 1881 debentur
861 1857 924 1891 pro
951 1845 1016 1881 tide
1041 1845 1168 1880 Christi
1192 1848 1393 1890 certamina,
1420 1854 1499 1893 post

103 1910 252 1945 triduum
273 1921 326 1945 me
341 1914 500 1957 sequeris
520 1912 737 1947 sacerdotem
763 1913 883 1954 levita,
913 1914 1046 1947 interim
1074 1923 1160 1957 ergo
1178 1912 1365 1947 thesauros
1385 1915 1497 1949 ercle-

104 1976 180 2010 siae
198 1977 320 2021 accipe
341 1980 386 2018 et,
412 1977 538 2022 quibus
560 1977 626 2011 tibi
652 1977 800 2020 videtur,
828 1977 957 2012 divide.
1007 1978 1102 2017 Quos
1125 1988 1197 2011 cnm
1216 1978 1273 2012 ille
1293 1978 1496 2015 christianis

103 2040 319 2085 pauperibus
345 2041 603 2087 distribuisset,
637 2043 847 2078 Valerianus
875 2043 1076 2087 praefectus
1102 2043 1280 2085 decrevit,
1315 2048 1351 2077 ut
1376 2044 1495 2079 Sixtus

102 2104 149 2140 ad
173 2106 336 2151 templum
360 2105 486 2141 Martis
513 2107 774 2142 sacrificaturus
809 2107 1014 2150 duceretur,
1063 2107 1189 2151 quodsi
1215 2113 1393 2151 renueret,
1428 2110 1493 2143 ibi-

102 2171 179 2206 dem
211 2173 328 2216 capite
363 2176 597 2208 truncaretur.
657 2173 732 2213 Quo
767 2184 841 2207 (um
880 2173 1085 2212 duceretur,
1122 2172 1246 2207 beatus
1283 2174 1493 2209 Laurentius

103 2241 183 2282 post
200 2247 275 2272 eum
286 2237 437 2274 clamare
455 2240 573 2284 eoepit
585 2249 624 2274 ac
645 2239 782 2274 dicere:
804 2239 874 2273 noli
896 2250 948 2273 me
965 2239 1219 2283 derelinquere,
1239 2241 1341 2283 pater
1357 2245 1492 2278 sancte.

102 2303 186 2347 quia
203 2301 393 2337 thesauros
410 2308 491 2338 tuos
507 2306 580 2350 Jam
604 2305 768 2350 expendi,
796 2315 884 2351 quos
902 2304 1078 2338 tradidisti
1098 2304 1192 2338 mihi.
1243 2305 1341 2340 Tunc
1366 2307 1492 2341 milites

100 2366 284 2402 audientes
294 2367 480 2403 thesauros
499 2371 678 2406 nominare
689 2371 912 2406 Laurentium
934 2374 1130 2412 tenuerunt,
1158 2371 1291 2404 Sixtum
1312 2382 1393 2405 vero
1418 2382 1491 2405 eum

99 2432 361 2476 Felicissimoet
380 2434 536 2480 Agapito
557 2435 685 2470 ibidem
709 2436 982 2471 decollaverunt.
999 2455 1032 2459 —
1047 2455 1132 2461 —--
1156 2439 1196 2471 ἓν.
1219 2435 1253 2469 In
1276 2435 1341 2470 hac
1361 2436 1417 2470 die
1438 2434 1492 2471 est

99 2498 226 2534 festum
256 2498 581 2545 transfigurationis
619 2501 749 2535 domini
783 2506 818 2537 et
847 2502 1030 2547 sanguinis
1057 2500 1188 2546 Christi
1215 2500 1258 2536 de
1283 2512 1372 2537 novo
1399 2504 1489 2543 vino,

167 2597 195 2630 1)
213 2597 266 2624 Ed.
286 2600 330 2624 Pr.
356 2598 450 2624 verba
477 2598 630 2625 asinum
648 2613 681 2617 ——
699 2598 836 2634 persio.
865 2598 984 2627 omittit.
1090 2601 1118 2631 2)
1139 2599 1330 2626 Recentiores
1358 2600 1488 2627 addunt:

98 2649 173 2675 pap
184 2649 210 2667 a.
314 2642 343 2675 3)
369 2643 485 2670 verba:
514 2642 675 2671 divinus
701 2658 732 2665 -
752 2643 869 2670 sistiS
888 2643 1000 2670 omittit
1019 2643 1071 2672 Ed.
1099 2648 1140 2670 l'r.
1246 2645 1273 2675 ἐι.)
1300 2645 1351 2672 Etl.
1373 2649 1414 2673 l‘r.
1436 2646 1487 2671 ml-

98 2684 143 2712 dit
162 2685 365 2714 detineret
378 2697 394 2714 u
407 2697 418 2713 r
445 2691 474 2715 et
493 2688 586 2715 verba
607 2691 635 2715 M
647 2698 710 2715 am.
730 2704 762 2707 —-
781 2687 798 2714 (l
810 2698 826 2714 υ
838 2696 877 2714 ce
889 2693 964 2716 retu
977 2698 989 2715 r
1009 2689 1128 2715 (unitur.

1122 2743 1207 2777 31*
