1742 3005
284 92 366 132 826
502 92 597 140 Cap.
631 89 834 125 CLXXXI.
893 89 952 126 De
984 97 1115 126 sancto
1149 90 1307 142 Pelagio
1339 106 1454 143 papa.

285 199 423 235 barbati
449 195 605 229 homines
631 194 674 228 ab
703 193 987 238 exploratoribus
1013 194 1251 237 crederentur,
1278 200 1312 230 et
1336 197 1416 232 inde
1440 197 1668 243 Longobardi

283 278 302 300 a
328 264 443 307 longis
470 259 591 293 barbis
618 258 834 303 postmodum
861 263 940 293 sunt
963 260 1097 302 vocati,
1124 260 1237 294 barda
1255 263 1342 295 enim
1364 263 1396 295 in
1415 272 1532 296 eorum
1549 264 1669 307 lingua

282 332 426 366 barbam
460 324 624 361 sonabat.
672 324 743 358 Alii
785 323 920 366 dicunt,
956 324 1069 370 quod,
1109 335 1182 359 cum
1216 326 1345 362 Winuli
1379 336 1453 361 cum
1487 327 1668 362 Wandalis

284 394 471 441 pugnaturi
498 395 635 433 essent,
661 394 696 425 et
721 389 765 423 ad
794 389 985 435 quendam,
1013 392 1071 436 qui
1097 390 1254 425 habebat
1278 393 1437 436 spiritum
1463 391 1668 436 prophetiae

281 463 537 501 accessissent,
577 462 614 491 ut
653 467 716 501 pro
753 466 870 490 eorum
905 457 1052 491 victoria
1086 461 1250 491 exoraret
1291 461 1325 492 et
1359 459 1401 491 iis
1435 457 1667 499 benediceret,

279 529 322 563 de
347 526 495 562 consilio
523 524 644 558 uxoris
667 523 771 567 juxta
796 520 1004 564 fenestram,
1041 523 1075 555 in
1102 532 1171 567 qua
1196 532 1295 558 mane
1322 523 1366 557 ad
1395 524 1563 559 orientem
1588 533 1669 557 ora-

280 595 363 635 bat,
398 603 437 627 se
472 592 665 636 posuerunt
697 592 731 622 et
757 586 919 622 mulieres
945 589 1039 622 eirca
1064 593 1213 622 mentum
1238 589 1386 633 capillos
1411 588 1669 623 circumducere

279 659 323 693 de
349 656 507 702 ejusdem
528 654 675 689 consilio
696 657 962 698 praeceperunt.
1013 652 1094 688 Cum
1112 664 1197 700 ergo
1221 654 1280 689 ille
1301 655 1489 690 fenestram
1505 656 1668 700 aperiens

280 734 342 759 eos
368 722 537 763 vidisset,
573 719 799 753 exclamavit:
835 719 892 762 qui
927 722 1007 751 sunt
1040 720 1099 752 isti
1130 719 1391 765 Longobardi?
1425 725 1459 755 et
1490 733 1580 756 uxor
1605 732 1669 756 sua

279 790 451 835 adJunxit,
477 790 526 828 ut,
554 786 680 830 quibus
706 793 830 817 nomen
856 781 1016 825 dederat,
1042 785 1221 817 victoriam
1238 785 1463 821 condonaret.
1511 787 1668 834 ingressi

278 857 386 901 igitur
411 853 547 888 ltaliam
581 860 701 885 omnes
728 858 840 894 paene
867 849 1029 882 civitates
1063 853 1230 893 ceperunt
1253 853 1384 885 cunctis
1409 850 1667 888 habitatoribus

278 920 491 960 intersectis,
525 917 669 960 Papiam
701 919 816 949 autem
852 913 965 947 tribus
991 915 1091 948 annis
1118 914 1301 949 obsessam
1327 916 1463 951 tandem
1489 923 1668 962 ceperunt.

277 973 351 1022 ilex
386 990 499 1019 autem
533 982 705 1016 Albuinus
737 981 943 1026 juraverat,
983 989 1022 1013 se
1058 990 1177 1015 omnes
1211 980 1424 1016 christianos
1459 984 1666 1019 occisurum.

278 1052 396 1092 Unde,
422 1060 496 1083 cum
521 1047 664 1092 Papiam
692 1048 822 1079 intrare
848 1045 993 1079 deberet
1019 1049 1052 1079 et
1077 1056 1187 1090 equus
1214 1049 1291 1092 ejus
1317 1052 1398 1083 ante
1426 1053 1561 1094 portam
1581 1051 1666 1084 civi-

278 1118 360 1152 tatis
395 1123 512 1160 genua
549 1113 680 1158 figens,
716 1115 1017 1156 quantumcunque
1051 1112 1247 1146 calcaribus
1274 1118 1483 1159 urgeretur,
1520 1125 1668 1161 surgere

276 1194 344 1217 non
377 1179 539 1220 valebat,
573 1188 756 1223 quousque
790 1175 835 1210 ad
873 1176 1143 1212 admonitionem
1174 1179 1354 1222 cujusdam
1389 1178 1572 1214 christiani
1606 1192 1667 1215 rex

272 1251 506 1295 juramentum
541 1245 699 1280 mutavit.
747 1241 983 1277 Mediolanum
1022 1252 1108 1288 ergo
1141 1242 1334 1278 Lombardi
1371 1247 1525 1291 ingressi
1559 1251 1665 1280 totam

278 1324 389 1360 paene
422 1311 557 1346 ltaliam
590 1311 682 1343 intra
716 1308 825 1343 breve
860 1309 1029 1352 temporis
1055 1309 1207 1353 spatium
1234 1309 1486 1356 subjugarunt,
1526 1317 1668 1357 praeter

275 1380 417 1415 Romam
451 1381 486 1412 et
518 1375 768 1416 Romaniliam,
805 1383 895 1419 quae
930 1372 1127 1408 Romanilia
1161 1379 1215 1410 est
1250 1380 1396 1418 vocata,
1441 1378 1523 1421 qnia
1554 1377 1667 1412 altera

275 1447 396 1487 Roma,
424 1454 465 1478 ex
496 1453 537 1477 eo
563 1441 711 1483 scilicet,
740 1440 833 1486 quod
852 1438 982 1474 Romae
1004 1449 1142 1484 semper
1164 1440 1400 1478 adhaesisset.
1450 1443 1533 1477 Cum
1559 1444 1667 1489 igitur

276 1522 338 1546 rex
368 1510 540 1545 Albuinus
566 1507 730 1542 Veronae
763 1510 860 1541 esset
893 1510 927 1540 et
951 1505 1127 1551 quoddam
1153 1517 1314 1552 magnum
1343 1509 1536 1543 convivium
1561 1519 1664 1554 prae-

274 1580 437 1622 parasset
468 1579 502 1609 et
534 1573 697 1618 scyphum
732 1582 850 1615 suum,
886 1583 987 1617 quem
1021 1572 1063 1607 de
1097 1574 1212 1617 capite
1238 1574 1333 1619 regis
1362 1574 1513 1617 fecerat,
1547 1575 1664 1610 afferri

275 1644 407 1677 faciens
443 1651 485 1675 ex
520 1649 561 1674 eo
587 1638 676 1672 bibit
701 1642 735 1672 ct
761 1648 902 1672 uxorem
929 1648 1049 1680 suam,
1084 1640 1221 1673 nomine
1246 1638 1492 1674 Rosimundam
1510 1668 1518 1683 ‚
1553 1640 1596 1675 de
1621 1652 1663 1676 eo

274 1708 398 1742 bibere
434 1706 518 1741 fecit
553 1705 689 1738 dicens:
727 1703 809 1737 bibe
843 1713 917 1737 cum
958 1709 1058 1748 patre
1093 1708 1165 1739 tuo.
1217 1705 1316 1745 Quod
1351 1716 1424 1740 cum
1451 1706 1665 1741 Rosimunda

274 1774 469 1814 didicisset,
496 1771 612 1805 odium
639 1779 799 1815 magnum
827 1773 949 1802 contra
975 1780 1093 1814 regem
1122 1773 1292 1815 concepit.
1340 1770 1423 1806 Erat
1448 1777 1560 1807 autem
1587 1774 1663 1818 regi

273 1840 342 1873 dux
370 1837 527 1883 quidam,
556 1838 614 1881 qui
641 1835 811 1880 quandam
837 1834 1056 1869 domicellam
1083 1837 1229 1880 reginae
1255 1837 1446 1871 carnaliter
1467 1847 1661 1882 cognoscc—

272 1904 353 1945 bat,
389 1907 424 1937 at
448 1904 572 1947 regina
597 1901 743 1935 absente
768 1910 853 1945 rege
878 1899 1027 1944 quadam
1053 1906 1154 1935 nocte
1181 1902 1330 1936 ancillae
1359 1912 1443 1936 suae
1469 1902 1660 1936 cubiculum

273 1972 406 2004 intrans
436 1969 616 2013 praedicto
642 1967 722 2000 duci
748 1976 788 2000 ex
815 1975 967 2010 persona
993 1967 1104 2010 ipsius
1137 1967 1289 2002 ancillae
1319 1967 1517 2010 mandavit,
1556 1972 1592 2002 ut
1618 1970 1660 2002 ad

272 2047 311 2070 sc
339 2036 400 2069 illa
425 2039 525 2069 nocte
551 2034 695 2067 deberet
721 2031 901 2066 accedere.
952 2032 1017 2071 Qui
1042 2042 1117 2065 cum
1143 2034 1310 2075 venisset,
1338 2034 1462 2078 regina
1482 2033 1661 2077 praedicto

271 2102 351 2135 duci
379 2103 454 2135 vice
480 2099 630 2133 ancillae
656 2108 695 2132 se
724 2098 912 2142 supposuit
936 2100 970 2131 et
996 2097 1216 2141 postmodum
1243 2097 1330 2132 dixit
1363 2100 1412 2133 ci:
1447 2100 1535 2141 scis,
1573 2110 1662 2145 quae

271 2168 374 2201 sum'?
423 2166 485 2200 Cui
521 2176 594 2200 cum
627 2175 666 2198 se
691 2174 770 2198 esse
794 2162 899 2197 talem
926 2163 1070 2196 amicam
1097 2172 1194 2196 suam
1222 2162 1372 2206 diceret,
1409 2165 1470 2198 illa
1495 2167 1564 2199 ait:
1600 2177 1660 2201 ne-

272 2243 467 2278 quaquam,
496 2231 558 2265 sed
585 2241 658 2264 sum
685 2229 917 2271 Rosimunda3
955 2234 1049 2263 certe
1074 2228 1177 2263 talem
1205 2240 1274 2264 rem
1301 2232 1513 2275 perpetrasti
1541 2230 1660 2274 hodie,

270 2298 363 2344 quod
389 2302 449 2332 aut
473 2297 659 2332 Albuinum
687 2296 828 2330 occides
854 2299 914 2329 aut
930 2295 1073 2330 Albuini
1092 2294 1213 2340 gladio
1234 2296 1414 2337 interibis;
1443 2296 1520 2330 voto
1541 2298 1659 2343 igitur,

272 2370 308 2399 ut
333 2365 376 2399 de
402 2365 479 2408 ipso
507 2365 580 2398 viro
607 2373 702 2404 meo,
739 2363 797 2407 qui
831 2365 963 2405 patrem
999 2370 1107 2395 menm
1144 2360 1275 2395 occidit
1307 2366 1342 2396 et
1373 2361 1415 2396 dc
1443 2363 1519 2407 ejus
1545 2365 1660 2408 capite

272 2440 395 2474 cupam
433 2429 499 2463 sibi
536 2429 668 2463 faciens
701 2439 753 2463 mc
789 2430 824 2462 in
860 2437 903 2461 ea
935 2427 1056 2461 bibere
1083 2427 1187 2469 fecit,
1228 2438 1281 2462 me
1314 2427 1443 2463 debeas
1469 2428 1657 2463 vindicare.

271 2497 334 2529 (lui
372 2496 432 2530 ille
458 2506 524 2529 non
552 2496 780 2540 acquiescens
808 2494 910 2527 alium
938 2504 978 2527 se
1012 2494 1168 2527 iuvenire
1195 2495 1372 2538 promisit,
1409 2495 1466 2539 qui
1501 2494 1566 2528 hoc
1596 2504 1653 2527 ne-

271 2563 401 2605 gotium
438 2565 670 2607 perpetraret.
718 2559 815 2594 Unde
850 2560 910 2593 illa
944 2570 1040 2593 arma
1075 2559 1308 2601 subtrabens,
1354 2559 1513 2603 spatham
1552 2558 1654 2594 itlius.

271 2636 360 2670 quae
387 2632 462 2661 erat
487 2627 530 2661 ad
559 2627 673 2662 lectuli
701 2630 825 2671 caput,
864 2638 905 2661 ne
941 2626 1014 2660 tolli
1048 2631 1107 2660 aut
1135 2627 1316 2671 evaginari
1344 2629 1482 2669 posset,
1521 2623 1657 2659 sortiter

270 2691 462 2736 colligavit.
515 2693 595 2727 lium
624 2704 709 2737 crgo
737 2703 795 2728 rex
823 2704 855 2727 ιιι
884 2697 994 2727 stratu
1027 2693 1213 2734 ‹lm-muci,
1248 2690 1420 2726 homicida
1451 2699 1528 2732 ejus
1558 2690 1653 2725 cubi-
