1742 3005
286 128 369 169 594
427 130 521 179 Cap.
553 127 726 165 CXXXI.
783 128 842 164 De
872 127 1067 164 nativitate
1099 128 1232 165 beatae
1261 125 1410 164 Mariae
1443 127 1607 177 virginis.

287 239 392 269 tatem
432 231 539 267 officii
582 232 791 266 restituitur.
846 229 1005 266 Tandem
1039 230 1085 265 ad
1118 239 1156 266 se
1190 240 1354 267 reversus
1396 232 1440 268 de
1475 241 1538 275 eo,
1579 230 1674 278 quod

288 300 442 340 fecerat,
467 297 570 332 valde
597 298 765 343 ingemuit
790 299 824 331 et
848 295 892 330 ad
918 296 1086 342 virginem
1113 294 1326 341 gloriosam,
1350 301 1388 332 ut
1413 298 1482 332 sibi
1509 299 1543 332 in
1570 296 1673 343 adju-

286 364 412 398 torium
438 362 557 405 fieret,
590 366 667 397 tota
690 363 815 397 mentis
842 361 1028 397 devotione
1055 359 1226 407 confugit.
1274 359 1429 401 Quadam
1464 365 1574 409 igitur
1596 365 1674 399 vice

286 428 391 463 beata
422 428 537 463 Maria
572 430 606 463 in
638 430 773 464 visione
797 428 848 462 illi
874 436 1049 472 apparens
1083 426 1126 461 de
1153 427 1330 471 impietate
1357 428 1467 472 ipsum
1492 429 1675 476 redarguit

287 499 322 529 et
343 494 494 539 dyabolo
521 494 769 529 abrenuntiare
795 494 976 539 praecepit
1013 502 1053 526 ac
1081 491 1256 527 Christum
1280 492 1344 527 Dei
1378 491 1483 527 filium
1514 498 1548 528 et
1573 504 1674 528 omne

287 559 553 594 christianitatis
579 562 795 605 propositum
820 560 977 594 confiteri
1004 558 1088 593 fecit
1120 561 1154 592 et
1188 559 1241 592 sio
1276 559 1389 602 ipsum
1414 558 1448 593 in
1474 560 1529 593 sui
1552 563 1586 595 et
1611 559 1673 593 tilii

286 626 434 670 gratiam
463 627 684 670 recuperavit
711 630 744 660 et
769 625 813 659 ad
842 624 1004 659 indicium
1034 623 1189 658 indultae
1219 625 1343 658 veniae
1369 625 1491 658 iterum
1515 624 1584 659 sibi
1610 633 1673 670 ap-

288 699 414 734 parens
441 690 734 736 chirographum,
760 692 851 736 quod
880 690 1029 735 dyabolo
1056 688 1213 730 dederat,
1239 689 1308 723 sibi
1331 689 1485 724 reddidit
1510 694 1544 724 et
1567 700 1675 735 super

285 758 406 799 pec-tus
434 757 571 799 posuit,
597 759 634 789 ut
654 757 725 800 Jam
752 767 820 790 non
846 766 885 790 se
910 755 1051 800 ‹15aboli
1077 765 1212 789 servum
1237 756 1396 797 timeret,
1426 755 1489 790 sed
1515 766 1579 799 per
1603 756 1674 789 vir-

283 822 399 866 ginem
424 830 464 854 se
491 820 638 855 liberum
665 820 794 854 sactum
819 819 1001 865 gauderet.
1051 819 1126 858 Quo
1152 819 1372 863 Theophilus
1399 824 1540 864 recepto
1564 819 1671 854 vehe-

284 890 418 921 menter
443 886 622 920 exsultans
648 895 765 919 coram
791 887 960 931 episcopo
988 885 1149 929 omnique
1174 885 1326 928 populo,
1363 884 1457 930 quod
1485 885 1554 918 sibi
1578 885 1671 919 acci-

283 952 403 993 derat,
438 951 559 986 retulit
593 956 627 986 et
661 953 793 985 cunctis
830 949 1083 985 admirantibus
1118 953 1152 983 et
1176 951 1345 995 virginem
1377 950 1569 995 gloriosam
1594 949 1671 984 lau-

283 1017 448 1051 dantibus
473 1018 549 1061 ipse
575 1021 655 1061 post
679 1017 830 1051 triduum
853 1018 888 1050 in
913 1026 999 1061 pace
1028 1017 1172 1060 quievit.
1200 1035 1244 1040 —
1267 1035 1310 1040 —
1337 1035 1381 1041 —-
1415 1019 1494 1053 lo.
1525 1014 1669 1055 Quidam

282 1085 337 1117 vir
373 1087 406 1116 et
440 1093 529 1115 uxor
563 1092 626 1116 sua
660 1083 763 1116 tiliam
788 1083 924 1116 unicam
950 1081 1120 1116 habentes
1147 1091 1221 1114 eam
1247 1080 1382 1115 cuidam
1403 1081 1525 1126 juveni
1549 1081 1671 1125 nuptui

281 1146 523 1189 tradiderunt,
558 1147 602 1181 ob
634 1157 786 1183 amorem
816 1152 929 1182 autem
966 1147 1059 1181 filiae
1093 1157 1257 1191 generum
1283 1157 1400 1181 secum
1428 1148 1462 1180 in
1489 1146 1591 1180 domo
1615 1149 1669 1180 te-

280 1212 423 1248 nebant.
471 1212 589 1247 Mater
622 1217 736 1247 autem
771 1213 910 1257 puellae
930 1213 1093 1257 juvenem
1120 1222 1237 1247 amore
1266 1212 1357 1247 tiliae
1383 1223 1468 1247 suae
1495 1216 1564 1246 tam
1590 1211 1671 1245 dili-

280 1282 406 1324 genter
430 1278 588 1320 colebat,
614 1283 652 1312 ut
679 1289 746 1312 non
771 1279 884 1323 major
910 1282 1004 1313 esset
1030 1288 1127 1311 amor
1153 1279 1291 1323 puellae
1318 1278 1362 1312 ad
1388 1288 1542 1323 puerum,
1569 1286 1670 1322 quam

279 1353 403 1378 socrus
423 1343 465 1377 ad
485 1354 664 1389 generum.
713 1344 807 1379 lnter
823 1343 909 1378 haec
934 1343 1101 1378 malitiosi
1127 1343 1243 1378 dicere
1268 1348 1468 1388 coeperunt,
1496 1342 1586 1388 quod
1604 1342 1670 1376 hoc

279 1419 348 1443 non
383 1408 477 1443 filiae
511 1419 620 1444 causa
655 1410 803 1452 faceret,
848 1409 912 1444 sed
946 1414 984 1444 ut
1016 1410 1127 1445 eidem
1162 1420 1226 1455 pro
1261 1408 1334 1443 filia
1367 1419 1447 1443 sese
1481 1409 1670 1453 ingereret.

279 1475 363 1509 Cum
390 1476 498 1521 igitur
522 1475 678 1510 mulieris
705 1477 851 1510 animum
877 1480 975 1510 tanta
1007 1475 1147 1524 saisitas
1176 1475 1433 1516 concussisset,
1470 1475 1595 1507 timens
1627 1483 1671 1507 ne

278 1541 313 1573 in
339 1541 436 1585 vulgi
465 1540 617 1574 fabulam
644 1545 858 1583 verteretur,
889 1541 978 1575 duos
1005 1543 1156 1575 rusticos
1185 1542 1392 1587 alloquitur,
1421 1543 1455 1574 et
1479 1541 1509 1573 si
1538 1538 1671 1573 occulte

276 1615 444 1651 generum
471 1606 696 1652 strangulare
721 1608 849 1650 velint,
888 1607 1032 1642 cuilibet
1065 1606 1133 1641 XX
1165 1607 1301 1642 solidos
1326 1606 1526 1652 pollicetur.
1575 1605 1669 1645 Qua-

277 1670 355 1705 dam
382 1681 467 1717 ergo
494 1670 550 1705 die
578 1682 638 1706 eos
666 1674 699 1706 in
726 1672 870 1707 cellario
896 1673 1080 1708 recludens
1108 1675 1267 1707 maritum
1295 1684 1392 1707 suum
1426 1683 1468 1707 ex
1496 1671 1670 1705 industria

276 1737 396 1782 aliquo
438 1738 490 1771 ire
532 1737 707 1770 consuluit
749 1742 783 1772 et
818 1737 923 1772 filiam
956 1739 1026 1772 alio
1060 1739 1264 1773 transmisit.
1320 1738 1420 1773 Tunc
1458 1737 1667 1772 adolescens

271 1801 377 1844 jussu
403 1801 562 1836 dominae
588 1812 675 1837 suae
699 1803 899 1845 cellarium,
926 1808 964 1838 ut
988 1805 1102 1837 vinum
1128 1804 1283 1846 afferret,
1310 1803 1507 1849 ingreditur
1531 1806 1567 1837 et
1588 1811 1667 1835 mox

275 1875 296 1898 a
330 1866 526 1900 latronibus
561 1869 813 1913 strangulatur.
862 1869 947 1903 Mox
981 1879 1103 1902 socrus
1135 1871 1248 1913 ipsum
1273 1870 1308 1902 in
1334 1869 1458 1903 lectum
1484 1866 1577 1901 filiae
1603 1866 1664 1900 de-

273 1930 353 1963 tulit
387 1934 421 1964 et
459 1932 561 1975 quasi
598 1931 825 1966 dormientem
850 1933 1006 1967 vestibus
1034 1934 1262 1968 circumtexit.
1310 1931 1550 1968 Redeuntibus
1577 1941 1663 1977 ergo

272 1996 397 2029 marito
424 1999 459 2029 et
487 1995 559 2030 filia
586 2000 618 2030 et
644 1996 688 2030 ad
714 2008 867 2032 mensam
894 2000 1021 2042 positis
1042 1998 1145 2043 jubet
1170 2002 1279 2033 mater
1301 1997 1416 2040 filiae,
1442 2002 1480 2031 ut
1504 1999 1663 2031 maritum

272 2059 400 2094 debeat
425 2062 581 2095 excitare
607 2065 641 2096 et
667 2061 711 2095 ad
739 2073 891 2097 mensam
920 2073 1061 2101 vocare.
1110 2063 1206 2103 Quae
1231 2074 1306 2098 cum
1333 2063 1532 2098 defunctum
1559 2073 1661 2107 repe-

271 2127 377 2159 risset
401 2129 436 2160 et
459 2125 548 2160 haec
575 2129 713 2161 conc-ita
738 2130 954 2170 nuntiasset,
983 2133 1058 2163 tota
1082 2128 1216 2163 familia
1244 2130 1277 2163 in
1303 2129 1486 2163 lamentum
1514 2130 1663 2163 vertitur

269 2193 303 2224 et
342 2189 406 2224 illa
449 2191 573 2225 mulier
610 2191 786 2228 homicida
828 2195 929 2239 quasi
973 2194 1096 2229 dolens
1137 2204 1211 2229 cum
1251 2196 1401 2229 caeteris
1435 2193 1659 2231 lamentatur.

267 2253 425 2290 Tandem
457 2255 582 2290 mulier
607 2257 650 2292 de
683 2263 888 2303 perpetrato
920 2259 1055 2294 scelere
1090 2259 1193 2295 valde
1218 2261 1389 2306 ingemuit
1422 2264 1457 2294 et
1481 2259 1659 2294 sacerdoti

267 2320 384 2353 omnia
415 2330 479 2364 per
513 2321 668 2357 ordinem
704 2324 872 2359 consessa
902 2325 978 2359 fuit.
1027 2324 1111 2360 Post
1135 2325 1279 2370 aliquod
1308 2329 1442 2370 tempus
1468 2326 1560 2359 inter
1581 2335 1656 2358 mu-

265 2384 387 2420 lierem
421 2389 456 2420 et
489 2387 707 2422 sacerdotem
745 2389 894 2435 litigium
935 2391 1048 2424 oritur
1080 2394 1114 2425 et
1150 2400 1170 2424 a
1207 2390 1395 2426 sacerdote
1430 2389 1498 2424 sibi
1532 2391 1656 2436 generi

264 2448 487 2485 homicidium
520 2453 710 2498 irrogatur.
761 2454 860 2494 Quod
891 2465 964 2489 cum
992 2455 1035 2490 ad
1069 2460 1251 2500 parentum
1290 2457 1469 2501 ¹)Juvenis
1498 2455 1654 2490 notitiam

266 2514 484 2559 devenisset,
529 2517 716 2553 adducitur
743 2520 787 2553 ad
815 2520 969 2564 Judicem
1002 2525 1037 2556 et
1070 2521 1114 2555 ab
1148 2531 1189 2556 eo
1224 2521 1364 2567 ignibus
1403 2518 1654 2555 concremanda

264 2578 458 2616 admnatur.
507 2580 625 2617 Finem
651 2594 738 2630 ergo
765 2594 861 2620 suum
888 2587 1066 2623 imminere
1096 2585 1324 2622 considerans
1351 2585 1395 2619 ad
1421 2585 1558 2619 beatam
1583 2585 1652 2619 vir-

329 2723 356 2753 1)
375 2725 504 2749 vooom:
524 2727 637 2757 juven
651 2728 681 2754 is
701 2729 814 2756 ommis
835 2730 887 2758 Ed.
909 2734 949 2758 Pr.
