1742 3005
363 99 457 149 Cap.
490 97 698 136 CLXVIII.
765 98 824 137 De
856 106 983 135 sancta
1014 97 1229 137 Elizaheth.
1409 101 1486 140 761

105 203 342 239 decoraretur.
390 203 539 239 Dicebat
559 215 717 250 qnoque:
743 208 887 249 propter
912 205 1017 240 Deum
1036 208 1166 239 tantum
1183 206 1289 240 timeo
1315 205 1486 242 hominem

106 269 306 312 mortalem,
341 274 503 315 quantum
539 271 663 304 timere
699 270 812 305 debeo
843 270 995 315 judicem
1023 270 1230 313 coelestein3
1267 271 1347 307 ideo
1373 277 1487 307 autem

104 337 274 381 magistro
310 335 471 370 Conrado
507 338 651 380 pauperi
687 341 720 370 et
754 336 933 378 mendico,
964 347 1032 370 non
1068 336 1173 370 alicui
1209 339 1377 383 episcopo
1404 339 1491 373 obe-

105 399 272 435 dientiam
299 401 414 436 facere
451 401 578 443 voluit,
614 406 651 434 nt
686 412 816 436 omnem
847 403 1066 435 occasionem
1097 403 1301 445 temporalis
1327 405 1492 439 consola-

103 468 211 501 tionis
239 476 260 501 a
283 477 336 501 me
362 468 498 511 penitus
525 467 716 500 abdicaret.
766 466 921 505 Quadam
958 467 1034 499 vice
1064 465 1142 498 dum
1178 466 1367 502 claustrum
1403 481 1491 514 qua-

105 532 250 567 rundam
275 532 586 567 sanctimonialium
611 532 654 565 ab
685 532 730 564 iis
757 531 884 565 obnixe
912 534 1039 575 rogata
1065 532 1252 573 intrasset,
1278 543 1346 567 non
1372 533 1493 569 hahita

105 598 249 633 licentia
273 607 295 631 a
319 607 382 631 suo
410 597 598 642 magistre,
632 596 715 630 fecit
740 606 813 631 eam
839 601 907 631 tam
933 599 1092 642 graviter
1118 597 1319 641 verberari,
1351 603 1389 633 ut
1412 605 1494 645 post

105 669 177 698 tres
204 661 441 697 hebdomades
468 663 502 695 in
528 671 570 696 ea
597 663 748 707 vestigia
780 661 961 697 verberum
989 668 1211 708 apparerent.
1259 664 1406 700 Dicebat
1429 676 1494 700 au-

103 733 172 764 tem
196 729 270 762 suis
296 728 434 762 ancillis
461 738 499 762 se
518 732 553 762 et
573 728 653 762 illas
671 728 876 762 consolans:
902 729 992 762 sicut
1014 740 1157 774 gramen
1177 730 1281 764 fluvio
1303 731 1494 766 inundante

104 794 311 839 deprimitur
343 798 378 829 et
415 793 640 828 decrescente
667 794 837 838 erigitur,
874 795 923 827 sic
955 804 1019 828 nos
1053 795 1173 840 aliqua
1205 795 1396 831 afflictione
1430 797 1495 831 ad-

105 861 266 896 veniente
294 859 460 894 dchemus
489 869 548 903 per
578 859 803 893 humilitatem
829 859 997 901 submitti,
1026 865 1187 895 cessante
1210 872 1293 895 vero
1320 862 1364 895 ad
1385 862 1492 897 Deum

103 936 168 971 per
195 925 413 970 spiritualem
439 926 606 959 laetitiam
633 924 776 960 elevari.
825 925 962 960 Tantae
989 936 1026 960 se
1052 925 1237 960 humilitati
1264 927 1492 971 deprimebat,

103 996 141 1026 ut
173 991 370 1026 nullatenus
407 995 606 1036 pateretur,
644 990 735 1034 quod
768 990 916 1025 ancillae
950 1001 1023 1026 eam
1057 991 1228 1026 dominam
1262 994 1493 1038 appellarent,

104 1056 168 1092 sed
194 1057 365 1102 singulari
391 1061 521 1090 tantum
547 1055 592 1089 ad
619 1065 692 1090 eam
720 1067 861 1090 numero
887 1057 1125 1101 loquerentur.
1153 1068 1194 1091 co
1221 1059 1322 1092 modo
1345 1060 1493 1102 scilicet,

104 1133 172 1168 quo
197 1121 425 1157 inferioribus
450 1122 545 1166 loqui
574 1121 736 1155 solemus.
787 1122 963 1156 Scutellas
986 1124 1130 1167 insuper
1156 1124 1296 1170 aliaque
1323 1127 1495 1170 coquinae

102 1188 268 1222 utensilia
291 1187 432 1222 lavabat
456 1191 509 1229 et,
544 1198 585 1222 ne
618 1187 662 1221 ab
689 1188 826 1221 ancillis
856 1188 1122 1232 prohiberetur,
1162 1200 1222 1224 eas
1249 1191 1293 1225 ad
1318 1191 1398 1225 loca
1422 1191 1495 1225 alia

102 1254 374 1289 transmittebat.
422 1253 570 1288 Dicebat
594 1255 716 1287 etiam:
751 1254 781 1286 si
810 1255 912 1287 vitam
941 1254 1044 1288 aliam
1073 1257 1185 1301 magis
1211 1256 1412 1301 despectam
1438 1259 1493 1291 in-

102 1321 297 1362 venissem,
325 1321 435 1364 ipsam
461 1320 577 1364 potius
605 1319 804 1363 elegissem.
855 1320 1058 1362 Caeterum,
1094 1325 1130 1354 ut
1155 1331 1229 1355 euin
1254 1322 1371 1356 Maria
1396 1325 1490 1368 opti-

102 1396 190 1420 mam
222 1389 355 1430 partem
390 1385 611 1430 possideret,
647 1385 793 1420 sedulae
827 1386 1112 1430 contemplationi
1147 1387 1305 1424 vacabat.
1353 1388 1390 1423 In
1426 1399 1495 1433 qua

105 1451 242 1496 quidem
271 1450 564 1495 contemplatione
590 1452 777 1494 specialem
812 1454 959 1497 gratiam
986 1451 1107 1486 habuit
1131 1453 1304 1497 lacrymas
1333 1454 1493 1496 fundere,

105 1518 279 1552 coelestes
311 1518 467 1551 visiones
504 1515 627 1550 crebro
664 1516 784 1551 videre
816 1521 850 1551 et
886 1517 930 1551 ad
963 1527 1114 1551 amorem
1149 1518 1237 1552 alios
1266 1519 1493 1554 inflammare.

107 1582 393 1627 Quandoquidem
419 1583 532 1627 magis
553 1582 708 1626 jucunda
734 1583 939 1625 videbatur,
974 1587 1055 1616 tunc
1080 1583 1258 1627 jucundae
1294 1584 1493 1619 devotionis

103 1649 276 1693 lacrymas
304 1647 495 1689 emittebat,
522 1649 571 1681 ita
595 1652 632 1681 ut
658 1648 830 1692 lacrymae
856 1649 899 1682 de
924 1649 1019 1683 vultu
1040 1649 1116 1693 ejus
1132 1649 1308 1693 jucundae
1327 1655 1492 1695 tanquam

106 1714 150 1749 de
176 1714 273 1749 sonte
298 1715 523 1748 serenissimo
559 1713 704 1748 effluere
737 1712 955 1756 viderentur,
991 1719 1029 1748 ut
1059 1715 1160 1749 simul
1194 1715 1279 1749 sscns
1316 1716 1496 1751 videretur

105 1784 140 1815 et
165 1780 346 1826 gaudens,
381 1788 554 1824 nunquam
588 1780 623 1813 in
656 1778 911 1814 deformitatem
949 1780 1002 1815 vel
1036 1790 1143 1826 rugas
1179 1781 1307 1815 vultum
1343 1793 1384 1817 ex
1411 1782 1495 1817 ssetu

107 1850 327 1882 convertens,
373 1845 521 1880 Dicebat
546 1846 635 1879 enim
665 1845 707 1879 de
734 1844 812 1887 his,
847 1847 906 1891 qui
939 1846 1066 1880 vultum
1101 1847 1135 1880 in
1171 1846 1253 1881 fletu
1279 1847 1494 1882 deformant:

105 1911 268 1946 videntur
301 1912 402 1956 quasi
436 1910 609 1945 dominum
643 1910 843 1953 deterrere3
879 1911 962 1946 dent
988 1914 1075 1946 enim
1102 1912 1194 1954 Deo,
1232 1912 1325 1957 quod
1351 1912 1494 1954 habent,

108 1986 183 2011 cum
212 1976 432 2022 jucunditate
466 1980 500 2011 et
524 1976 717 2012 hilaritate.
766 1976 931 2011 Visiones
965 1977 1138 2013 coelestes
1166 1979 1201 2011 in
1226 1979 1304 2023 ipsa
1330 1980 1384 2012 sui
1412 1988 1495 2012 ora-

105 2042 202 2075 tione
236 2045 270 2075 et
303 2041 598 2085 contemplatione
632 2051 740 2086 saepe
774 2041 929 2078 videbat.
978 2042 1134 2081 Quadam
1175 2053 1259 2077 vero
1299 2043 1356 2077 die
1391 2053 1494 2077 sacro

106 2105 407 2152 quadragesimali
437 2109 595 2149 tempore
628 2107 663 2139 in
699 2106 851 2140 ecclesia
884 2108 1058 2141 exsistens
1092 2108 1144 2140 sic
1177 2107 1219 2141 ad
1245 2107 1357 2141 altare
1383 2108 1495 2142 oculis

107 2172 232 2207 defixis
264 2172 399 2204 intenta
428 2169 611 2212 manebat,
651 2180 692 2204 ac
725 2172 755 2204 si
789 2171 917 2206 ibidem
944 2170 1008 2205 Dei
1041 2173 1273 2216 praesentiam
1299 2173 1495 2215 miraretur,

106 2236 168 2272 ubi
193 2246 257 2281 per
289 2245 449 2281 magnum
478 2237 630 2280 spatium
657 2237 842 2271 consolata
870 2237 989 2270 divina
1024 2241 1079 2271 est
1107 2238 1324 2272 revelatione
1351 2238 1495 2272 resecta.

107 2301 241 2337 Deinde
267 2301 402 2335 domum
428 2310 583 2343 reversa,
611 2300 688 2335 dum
715 2312 753 2336 se
779 2312 863 2347 prae
889 2302 1072 2337 debilitate
1101 2305 1134 2337 in
1160 2303 1311 2338 ancillae
1327 2305 1495 2348 gremium

107 2366 338 2411 appodiasset
364 2370 398 2400 et
423 2366 484 2400 illa
510 2376 573 2410 per
598 2366 786 2401 fenestram
814 2368 934 2402 oculos
960 2368 1005 2402 ad
1031 2369 1165 2403 coelum
1192 2367 1326 2403 defixos
1352 2367 1495 2402 attolle-

107 2435 182 2474 ret,
215 2434 314 2464 tanta
340 2430 519 2465 hilaritate
547 2432 659 2466 vultus
686 2433 762 2477 ejus
789 2433 1031 2478 perfunditur,
1067 2438 1104 2468 ut
1136 2435 1239 2468 etiam
1274 2434 1365 2466 risus
1392 2434 1497 2466 mira-

108 2497 190 2531 bilis
226 2499 442 2540 sequeretur.
492 2495 588 2535 Quae
627 2506 701 2531 cum
737 2498 797 2532 diu
832 2503 908 2532 tota
937 2498 1095 2543 jucunda
1137 2500 1273 2532 visione
1306 2497 1498 2533 laetificata

111 2561 255 2604 fuisset,
292 2560 408 2595 subito
435 2560 469 2593 in
501 2559 674 2604 lacrymas
707 2567 761 2596 cst
791 2573 973 2598 conversa.
1021 2562 1154 2597 Rursus
1184 2563 1306 2597 oculos
1333 2564 1497 2607 aperiens

108 2627 259 2671 pristina
271 2625 491 2671 jucunditate
511 2625 703 2670 perfruitur
724 2629 913 2675 oculosque
931 2628 1098 2664 claudens
1116 2630 1275 2674 pristinis
1295 2628 1496 2674 ยน)lacrymis

179 2706 206 2739 1)
225 2705 278 2732 Ed.
300 2709 342 2735 Pr.
363 2704 463 2732 offert:
485 2703 654 2737 gaudiis.
