1742 3005
258 81 353 130 Cap.
389 80 632 118 CLXXVIII.
701 81 760 118 De
792 87 921 117 sancto
953 81 1111 118 Arsenio
1142 81 1291 119 abbate.
1387 81 1467 120 807

83 185 267 220 considero
294 189 328 221 et
357 188 467 231 ipsum
488 186 622 232 judico,
649 197 723 220 cuin
753 190 864 221 tamen
890 190 1034 231 peccata
1059 196 1135 220 nica
1153 189 1232 220 ante
1252 196 1304 221 me
1330 196 1466 232 semper

83 254 224 295 portare
255 250 417 286 deberem
452 256 486 287 et
520 252 563 286 de
597 254 683 296 ipsis
717 254 874 298 cogitare
907 255 941 286 et
974 262 1037 296 pro
1073 253 1160 297 ipsis
1186 252 1292 287 Deum
1324 263 1463 298 rogare.

83 316 163 351 Cum
189 316 301 351 abhas
326 318 469 363 Moyses
497 319 609 353 factus
638 318 762 352 suisset
787 318 934 351 clericus
963 322 996 352 et
1022 319 1270 362 imposuissent
1291 319 1322 352 ei
1341 328 1464 363 super-

81 382 280 425 humerale,
323 383 412 418 dixit
452 386 484 419 ei
527 387 734 429 episcopus:
778 382 890 416 abbas
928 383 1041 416 sactus
1077 388 1131 417 est
1155 382 1374 417 candidatus.
1422 381 1465 417 Et

82 448 159 483 ille:
190 451 251 489 ¹)a.
273 449 373 491 soris,
397 449 544 490 domine,
572 458 737 493 purpura,
763 450 892 481 utinam
915 449 1025 482 intus!
1053 448 1181 482 Volens
1201 452 1314 482 autem
1327 450 1465 492 episco-

82 524 146 558 pus
162 525 237 548 eum
258 514 422 559 probare,
451 514 539 548 dixit
559 515 698 548 clericis
716 514 802 554 suis,
828 517 875 554 ut,
903 513 1041 558 quando
1069 513 1113 548 ad
1139 514 1250 547 altare
1267 513 1463 555 accederet,

81 582 192 624 ipsum
217 591 290 614 cum
318 581 446 625 injuria
472 579 707 623 expellerent,
734 578 859 612 deinde
886 589 961 612 euni
987 583 1188 624 sequentes,
1216 578 1384 624 quidquid
1409 578 1463 612 lo-

81 650 255 690 queretur,
275 645 449 682 audirent.
495 644 727 689 Projicientes
747 648 861 678 autem
881 655 955 678 euin
977 645 1073 679 foras
1093 645 1269 680 dixerunt:
1293 643 1382 679 liene
1401 644 1464 677 libi

80 710 235 745 feceruut
258 711 436 745 cinei-atae
462 713 496 744 et
524 712 557 753 2)
569 709 793 752 caecabatae,
822 711 915 754 quia,
942 720 1017 744 cum
1043 710 1145 744 homo
1172 721 1240 744 non
1267 712 1329 752 sis,
1355 720 1463 756 quare

79 782 112 811 te
137 778 170 810 in
196 776 309 812 medIo
334 775 509 811 hominum
535 775 620 810 dare
647 777 917 820 praesumsisti?
966 776 1059 811 Haec
1085 777 1119 810 in
1144 778 1223 811 vitis
1251 781 1396 821 patrum.

461 1099 587 1160 GAP.
624 1098 888 1160 CLXXVIII.
936 1098 1085 1160 (163.)

278 1200 378 1244 De
408 1200 630 1244 saneto
661 1197 941 1244 Arsenio
975 1197 1259 1243 ³)abbate.

165 1306 336 1342 Arsenius
359 1318 432 1343 cum
459 1308 573 1342 adhuc
599 1310 632 1342 in
658 1307 791 1352 palatio
827 1307 1036 1340 consisteret
1061 1310 1117 1347 et,
1158 1310 1195 1340 ut
1232 1305 1275 1339 ad
1311 1305 1458 1347 salutem

76 1371 300 1417 dirigeretur,
325 1364 458 1416 oraret,
481 1374 633 1408 audivit:
668 1374 751 1418 suge
777 1372 933 1406 homines
960 1375 993 1406 et
1018 1370 1230 1408 salvaberis.
1277 1371 1459 1406 Aceedens

76 1438 184 1482 igitur
201 1437 242 1471 ad
256 1439 491 1474 monachalem
503 1441 607 1474 vitam
624 1444 657 1474 et
671 1438 798 1472 ibidem
811 1448 915 1472 orans
926 1437 1076 1471 audivit:
1094 1438 1234 1480 Arseni‚
1257 1437 1354 1483 suge,
1366 1441 1457 1474 tace.

75 1504 227 1548 quiesce.
275 1504 426 1550 Legitur
449 1507 538 1539 enim
565 1505 692 1540 ibidem
720 1504 762 1539 de
788 1504 853 1538 hac
878 1505 994 1548 quiete
1012 1503 1223 1547 appetenda,
1251 1502 1357 1548 quod,
1385 1507 1457 1536 tres

74 1567 203 1604 fratres
238 1580 312 1604 cum
346 1570 429 1605 sacti
463 1570 614 1606 fuissent
649 1570 833 1612 monachi,
868 1580 955 1603 unus
992 1569 1100 1614 clegit
1135 1568 1378 1603 discordantes
1412 1569 1458 1602 ad

75 1645 194 1680 pacem
229 1636 417 1678 reducere,
450 1637 627 1683 *secundus
658 1636 811 1670 infirmos
845 1636 1009 1677 visitare,
1042 1636 1167 1669 tertius
1201 1636 1236 1668 in
1270 1633 1458 1668 solitudine

74 1703 268 1746 quiescere.
314 1702 449 1737 Primus
475 1704 583 1749 igitur
606 1702 773 1736 laborans
800 1705 943 1746 propter
967 1701 1046 1736 lites
1067 1700 1239 1735 hominum
1259 1711 1328 1734 non
1345 1701 1460 1744 potuit

75 1766 234 1802 omnihus
260 1767 400 1812 placere
424 1772 459 1803 et
482 1768 601 1804 taedio
627 1770 737 1803 victus
766 1769 861 1803 venit
885 1767 929 1802 ad
955 1765 1165 1808 secundum,
1201 1776 1300 1811 quem
1327 1766 1460 1800 invenit

73 1834 188 1868 animo
223 1833 437 1869 deficientem
470 1838 504 1870 et
536 1835 734 1869 mandatum
768 1832 937 1879 perlicere
970 1844 1039 1867 non
1071 1832 1255 1867 valentem.
1302 1829 1345 1866 Et
1374 1841 1458 1865 con-

73 1898 260 1934 cordantes
286 1899 332 1934 ad
355 1902 516 1941 tertium,
550 1902 608 1946 qui
642 1904 718 1935 crat
750 1902 784 1934 in
815 1898 1025 1940 solitudine,
1063 1901 1244 1934 venerunt.
1294 1897 1357 1932 Cui
1382 1907 1459 1931 cum

73 1963 321 2000 tribulatIones
353 1976 436 2001 suas
471 1971 696 2007 narrassent,
740 1966 800 2001 ille
836 1967 944 2000 missa
983 1974 1076 2010 aqua
1109 1965 1144 1998 in
1179 1963 1309 2009 scypho
1351 1962 1457 1997 dixit:

74 2029 245 2063 attendite
261 2031 296 2063 in
312 2040 451 2075 aquam,
477 2036 512 2066 et
526 2035 603 2066 erat
627 2036 800 2065 commota
824 2035 858 2065 et
881 2030 1093 2064 turbulenta.
1142 2028 1184 2064 Et
1206 2039 1328 2063 rursus
1353 2028 1458 2061 dixit:

75 2093 245 2129 attendite
275 2094 399 2136 modo,
442 2095 614 2139 quomodo
649 2097 768 2140 quieta
802 2100 836 2129 et
867 2094 1012 2138 limpida
1044 2094 1139 2128 saeta
1171 2098 1235 2128 est.
1285 2093 1350 2132 Qui
1383 2101 1458 2125 011111

75 2159 297 2194 intenderent
322 2164 356 2195 et
381 2160 495 2194 vultus
521 2170 604 2195 suos
628 2159 797 2202 viderent,
823 2161 892 2194 ait:
918 2161 982 2200 sic,
1012 2160 1071 2204 qui
1092 2159 1126 2193 in
1145 2158 1258 2193 medio
1283 2157 1458 2192 hominum

75 2228 291 2268 consistunt,
318 2235 402 2271 prae
428 2226 532 2261 turba
559 2237 628 2260 non
650 2225 770 2261 vident
795 2230 940 2270 peccata
965 2235 1048 2266 sua,
1075 2234 1148 2258 011111
1175 2228 1289 2259 autem
1315 2225 1458 2269 quieve-

77 2293 164 2334 rint,
198 2295 278 2326 tunc
315 2296 460 2336 peccata
489 2302 554 2326 sua
584 2291 704 2326 videre
732 2291 908 2326 valebunt.
957 2289 1102 2331 Quidam
1133 2291 1236 2324 etiam
1260 2300 1334 2324 cum
1359 2290 1457 2324 Inve-

77 2358 190 2391 nisset
220 2356 394 2401 quendam
432 2359 467 2392 111
500 2369 615 2393 eremo
653 2357 749 2392 velut
783 2357 933 2392 bestiam
966 2356 1095 2392 herbas
1127 2356 1392 2390 manducantem
1425 2358 1460 2389 et

78 2421 218 2465 nudum,
252 2422 417 2458 currebat
440 2427 521 2468 post
546 2425 657 2468 ipsum
684 2424 873 2470 fugientem
900 2423 1038 2458 dicens:
1073 2426 1239 2468 exspecta
1267 2432 1341 2463 me,
1377 2421 1460 2465 quiz»

78 2492 223 2533 propter
246 2489 354 2523 Deum
379 2499 509 2534 sequor
534 2493 581 2525 te.
627 2489 671 2524 Et
696 2489 774 2524 ille:
811 2494 846 2524 et
878 2499 944 2535 ego
978 2492 1123 2534 propter
1146 2488 1254 2523 Deum
1283 2487 1382 2533 fugio
1409 2491 1458 2522 te.

79 2553 161 2589 Cum
186 2559 300 2589 autem
330 2558 458 2589 vestem
494 2556 726 2599 proJ'ecisset,
761 2556 981 2600 exspectavit
1018 2565 1094 2589 011111
1126 2554 1262 2589 dicens:
1297 2554 1459 2599 quoniam

146 2652 174 2684 1)
192 2652 245 2678 Ed.
266 2651 430 2679 1¹120ffi>rt=
457 2657 518 2679 aut
545 2652 664 2683 soris,
691 2652 846 2678 domine
872 2662 989 2686 papa,
1015 2657 1078 2680 aut
1097 2652 1223 2680 intus!
1292 2652 1321 2684 2)
1341 2651 1394 2680 Ed.
1413 2654 1457 2682 ΡΥ,

80 2697 286 2725 cacabotae
306 2696 402 2726 offert.
506 2698 534 2730 J)
553 2701 614 2725 Hoc
634 2697 788 2732 epitheton
807 2696 919 2724 omittit
938 2696 989 2724 Ed.
1010 2700 1053 2726 [Ὗ.
