1742 3005
341 82 439 132 Cap.
471 82 551 119 xC.
611 82 671 120 De
703 87 834 119 sancto
866 81 987 119 Paulo
1016 80 1206 132 apostolo.
1392 77 1473 118 385

80 185 207 220 dictum
234 187 339 230 caput
369 185 481 221 lucem
516 185 728 222 ineffabilem
743 186 962 233 -resulgerffi
998 184 1091 231 quod
1123 194 1197 219 cum
1239 185 1404 229 episcopo
1439 189 1474 220 et

79 249 241 285 fidelibus
273 252 467 286 nuntIatum
497 252 643 294 fuisset,
687 252 868 287 dixerunt:
910 262 991 287 vere
1026 250 1094 285 hoc
1131 253 1185 285 est
1220 255 1325 295 caput
1359 250 1470 285 Pauli.

76 313 253 361 Egressus
277 317 387 362 igitur
409 319 596 363 episcopus
624 322 658 353 et
680 319 844 353 universa
872 317 1023 352 fidelium
1048 316 1230 350 multitudo
1256 320 1361 361 caput
1385 316 1472 351 illud

78 391 195 416 secum
232 381 431 417 detulerunt
464 388 498 418 et
536 385 569 418 in
604 383 761 429 quadam·
784 393 903 418 mensa
938 392 1046 416 aurea
1078 381 1165 415 illud
1193 381 1409 426 deponentes
1438 382 1473 417 id

75 448 218 492 corpori
250 449 465 495 conjungere
507 449 684 484 volebant.
735 448 868 488 Quibus
910 446 1113 491 patriarcha
1160 447 1361 490 respondit:
1407 459 1471 482 nos

77 513 224 555 seimus,
260 513 352 558 quod
387 514 485 548 multi
518 513 640 548 fideles
673 514 783 547 occisi
817 517 897 547 suut
933 516 966 547 et
1004 522 1121 546 eorum
1148 513 1265 555 capita
1289 516 1370 545 sunt
1397 512 1471 546 ‹lis-

77 587 202 622 persa,
228 578 321 613 unde
343 578 464 613 dubito
491 578 577 612 illud
601 582 706 623 caput
730 579 871 622 corpori
895 577 994 612 Pauli
1017 577 1253 622 conjungere,
1281 576 1344 611 sed
1369 582 1473 622 caput

76 642 145 678 hoc
180 642 223 677 ad
258 642 367 687 pedes
406 645 565 688 corporis
590 654 761 689 ponamus
791 648 824 679 et
849 645 1121 688 omnipotentem
1146 642 1319 676 dominum
1343 653 1470 682 exorc-

76 718 171 751 mus,
204 711 264 750 ut,
301 709 332 742 si
355 713 460 753 caput
494 719 591 743 suum
619 714 696 751 est,
729 712 955 743 convertatur
978 718 1105 752 corpus
1132 712 1166 742 et
1192 709 1300 752 capiti
1323 709 1471 753 conjun-

73 776 190 819 gatur,
239 772 341 814 Quod
368 785 442 808 cum
471 775 629 809 omuibus
658 775 870 819 placuisset,
907 778 1011 818 caput
1046 775 1157 818 ipsum
1182 773 1226 807 ad
1253 773 1363 818 pedes
1390 784 1469 808 cor-

73 840 170 883 poris
195 838 296 873 Pauli
321 845 512 885 posueruut
538 844 572 875 et
599 850 681 875 ecce
710 841 844 874 cunctis
874 839 1055 873 orantibus
1081 843 1115 873 et
1143 838 1364 883 stupentibus
1390 849 1469 873 cor-

73 915 139 949 pus
165 915 203 940 se
228 907 400 940 convertit
425 911 459 941 et
485 907 519 940 iu
544 905 623 940 loco
649 916 713 940 suo
739 906 847 950 capiti
872 916 910 939 se
932 905 1061 949 Junxit,
1089 908 1122 938 et
1143 905 1193 938 sic
1220 914 1339 938 omnes
1360 903 1469 938 Deum

73 968 329 1005 benedixerunt
361 975 396 1006 et
428 970 494 1005 hoc
518 981 598 1005 esse
624 975 728 1015 caput
754 969 853 1005 Pauli
878 971 1054 1005 veraciter
1077 974 1327 1015 cognoverunt.
1376 969 1470 1004 Haec

72 1034 271 1080 Dionysius.
320 1035 440 1071 Refert
465 1035 658 1081 Gregorius
685 1035 926 1077 Turonensis,
964 1038 1022 1081 qui
1061 1040 1217 1080 tempore
1251 1034 1379 1069 Justini
1408 1037 1469 1080 ju-

72 1100 182 1134 nioris
219 1100 364 1144 claruit,
399 1101 493 1148 quod
526 1101 665 1147 quidam
701 1101 895 1146 desperans
921 1102 1081 1146 laqueum
1107 1101 1174 1134 sibi
1200 1100 1369 1145 parabat,
1404 1112 1468 1134 no-

71 1175 147 1200 men
172 1169 286 1201 tamen
310 1166 410 1202 Pauli
436 1170 601 1203 invocans
628 1178 765 1212 semper
787 1166 943 1200 dlecbat:
969 1167 1098 1211 adjuva
1119 1177 1183 1209 me,
1210 1170 1328 1200 sancte
1348 1165 1466 1201 Paule.

72 1229 172 1265 Tunc
198 1231 311 1267 adfuit
339 1234 509 1280 quaedam
532 1235 655 1268 umbra
679 1232 842 1278 squalida
866 1232 1010 1266 hortans
1043 1243 1117 1267 eum
1151 1242 1192 1266 ac
1217 1231 1355 1266 dicens:
1391 1242 1466 1277 eja,

69 1296 162 1332 bone
190 1299 261 1340 vir,
296 1309 365 1346 age
393 1299 485 1345 quod
511 1301 610 1345 agis,
646 1309 774 1334 moram
811 1309 854 1333 ne
889 1298 1026 1333 feceris.
1076 1298 1122 1332 At
1155 1298 1214 1332 ille
1240 1307 1377 1341 semper
1402 1307 1465 1341 pa-

69 1374 152 1398 rans
178 1364 336 1410 laqueum
364 1365 522 1400 dicebat:
549 1365 752 1399 beatissime
777 1364 906 1406 Paule,
933 1363 1062 1409 adjuva
1085 1374 1149 1398 me.
1198 1362 1371 1407 Expedite
1392 1364 1466 1407 jam

70 1430 196 1475 laqueo
222 1430 335 1464 adsuit
360 1432 483 1464 umbra
510 1431 598 1473 alia,
634 1435 807 1476 tamquam
833 1430 1003 1472 hominis,
1039 1429 1161 1463 dicens
1199 1429 1273 1471 illi,
1309 1430 1368 1473 qui
1402 1428 1466 1463 bo-

69 1497 191 1530 minem
220 1495 447 1530 hortabatur:
474 1496 569 1542 suge,
599 1497 802 1537 miserrime,
831 1497 913 1541 quia
937 1495 1065 1530 Paulus
1092 1495 1284 1529 advocatus
1310 1494 1463 1529 advenit,

68 1562 168 1597 Tunc
205 1561 366 1608 squalida
399 1562 522 1596 umbra
557 1563 696 1596 evanuit
732 1565 766 1595 et
799 1561 902 1595 bomo
940 1560 984 1594 ad
1011 1571 1049 1595 se
1075 1560 1216 1595 rediens
1240 1565 1279 1595 ct
1303 1560 1464 1605 laqueum

67 1629 261 1673 projiciens
288 1629 539 1673 poenitentiam
563 1626 774 1673 condignam
800 1628 947 1671 accepit.
999 1625 1191 1672 Gregorius
1223 1628 1256 1660 in
1289 1627 1462 1672 registro:

69 1704 111 1728 ex
136 1695 269 1729 catenis
304 1693 401 1728 beati
431 1693 532 1728 Pauli
564 1691 672 1726 multa
697 1691 865 1726 miracula
891 1691 1173 1726 demonstrantm·
1203 1696 1238 1726 et
1263 1691 1340 1725 dum
1366 1692 1464 1726 multi

67 1769 187 1804 parum
212 1759 296 1804 quid
322 1769 364 1794 ex
391 1758 554 1793 limatura
577 1761 720 1803 petunt,
754 1759 891 1792 assistit
922 1756 1092 1802 sacerdos
1130 1767 1203 1791 cum
1228 1757 1310 1791 lima
1335 1761 1369 1792 et
1394 1757 1462 1791 ali-

67 1825 191 1870 quibus
218 1824 418 1869 petentibus
444 1825 495 1858 ita
517 1825 652 1858 concite
676 1822 811 1868 aliquid
835 1824 969 1857 catenis
996 1824 1083 1868 ipsis
1111 1825 1261 1865 excutit,
1295 1827 1333 1857 ut
1366 1822 1463 1857 nulla

65 1900 162 1925 mora
193 1891 250 1926 sit.
301 1889 517 1930 Quibusdam
552 1899 635 1924 vero
670 1878 966 1934 petentibusdiu
1000 1900 1063 1933 per
1086 1893 1229 1923 catenas
1252 1890 1351 1933 ipsas
1379 1888 1463 1922 lima

66 1954 204 1989 ducitur
229 1960 264 1990 et
286 1960 424 1999 tamen,
451 1959 489 1989 ut
513 1955 649 2000 aliquid
675 1953 756 1988 iude
785 1958 909 1997 exeat,
945 1964 1014 1988 non
1041 1953 1228 1988 obtinetur.
1277 1953 1315 1988 ln
1339 1953 1459 1988 eadem

66 2030 204 2065 quoque
237 2017 414 2065 epis-tola,
450 2030 540 2065 quae
573 2029 680 2063 supra
713 2018 810 2053 dicta
844 2023 918 2061 est,
953 2018 1078 2053 beatus
1104 2018 1292 2062 Dionysius
1316 2022 1460 2052 mortem

65 2085 164 2120 Pauli
197 2087 359 2131 magistri
391 2086 446 2119 sui
479 2086 546 2129 piis
581 2084 699 2118 verbis
727 2083 889 2128 deplorat
922 2083 1061 2118 dicens:
1097 2084 1174 2128 quis
1210 2082 1309 2116 dabit
1345 2082 1458 2116 oculis

64 2160 174 2196 aquas
202 2154 241 2186 ‘et
271 2150 415 2196 pupillis
449 2150 578 2184 nostris
613 2148 742 2182 fontem
774 2147 1020 2193 lacrymarum,
1056 2151 1092 2182 ut
1126 2147 1302 2192 ploremus
1337 2147 1394 2182 die
1418 2157 1460 2182 ac

64 2220 165 2251 nocte
199 2216 314 2252 lumen
348 2215 595 2257 ecclesiarum,
641 2213 734 2259 quod
771 2215 977 2248 exstinctum
1012 2217 1076 2247 est.
1127 2213 1211 2252 Quis
1243 2223 1313 2246 non
1338 2212 1461 2248 induet

65 2272 180 2316 fletum
209 2286 243 2316 et
267 2283 460 2327 gemitum?
493 2285 642 2315 autnon
668 2280 837 2315 vestietur
858 2278 1067 2324 lugubribus
1094 2282 1128 2313 et
1151 2282 1264 2312 mente
1289 2279 1457 2312 attonitus

63 2358 133 2382 non
172 2346 425 2392 obstupescet?
471 2345 563 2381 Ecce
605 2346 730 2381 etenim
762 2344 886 2379 Petrus
929 2343 1187 2378 fundamentum
1221 2343 1456 2384 ecclesiarum,

64 2413 182 2459 gloria
208 2417 406 2448 sanctorum
432 2411 672 2457 apostolorum
695 2421 716 2445 a
741 2410 843 2444 nobis
875 2410 1023 2443 recessit
1048 2412 1082 2442 et
1105 2419 1168 2442 nos
1194 2407 1370 2452 orphanos
1393 2407 1456 2442 dc-

64 2478 225 2524 reliquit,
261 2478 390 2513 Paulus
417 2487 555 2523 quoque
580 2478 735 2522 gentium
763 2474 948 2509 familiaris
973 2477 1009 2508 et
1040 2472 1244 2507 consolator
1267 2482 1457 2517 pauperum

65 2543 198 2579 defecit
227 2543 330 2578 nobis
367 2547 401 2578 et
432 2542 580 2577 ulterius
618 2552 688 2576 non
719 2541 912 2581 invenitur,
956 2539 1014 2583 qui
1056 2537 1121 2572 suit
1163 2542 1265 2583 pater
1307 2542 1454 2582 patrum,

67 2608 192 2643 doctor
226 2608 426 2650 doctorum,
464 2612 586 2653 pastor
611 2611 810 2652 pastorum3
851 2605 1012 2649 abyssum
1047 2604 1263 2648 sapientiae,
1304 2602 1455 2637 fistulam

66 2670 271 2717 altisonam,
303 2674 583 2721 praedicatorem
617 2674 776 2709 veritatis
808 2669 1085 2719 infatigabilem,
1119 2668 1262 2704 Paulum
1288 2667 1366 2702 dico
1391 2678 1453 2702 no-

1133 2734 1178 2769 25
