1742 3005
352 122 446 171 Cap.
479 120 579 156 Xlll.
612 119 696 156 ¹De
727 117 1009 156 circumcisione
1041 117 1198 155 domini.
1425 119 1479 157 δι’)

89 226 166 260 dum
190 224 255 260 hoc
280 228 359 260 octo
386 224 460 259 dies
489 228 590 259 erum
617 227 694 258 octo
721 227 876 265 aetates,
921 224 1033 268 prima
1069 221 1112 257 ab
1146 221 1257 257 Adam
1296 232 1404 268 usque
1431 223 1475 257 ad

89 290 206 333 Noae,
235 289 387 325 secunda
409 300 431 324 a
454 290 552 325 Noae
577 300 686 336 usque
713 289 758 324 ad
782 288 979 331 Abraham,
1014 289 1118 323 tertia
1144 287 1188 322 ab
1213 287 1391 323 Abraham
1415 299 1472 323 us-

89 366 155 402 que
183 355 229 390 ad
251 355 421 402 Moysen,
443 361 574 402 ¹quarta
599 366 620 390 a
643 355 768 400 Moyse
794 366 902 400 usque
929 355 973 389 ad
1000 353 1132 397 David,
1170 355 1292 399 quinta
1316 364 1337 389 a
1360 353 1474 389 David

87 432 197 468 usque
220 421 265 457 ad
290 421 475 465 Chi-Istum,
502 425 603 456 sexta
627 431 648 455 a
673 420 811 455 Christo
837 431 946 465 usque
973 420 1017 454 ad
1044 421 1144 454 tinem
1170 419 1298 462 mundi,
1324 421 1473 464 septima

86 489 315 531 morientium,
340 492 465 523 oct-ava
480 487 743 532 resurgentium.
769 484 833 520 Vel
857 495 921 529 per
947 488 1024 518 octo
1040 484 1114 519 dies
1128 485 1370 530 intelliguntur
1381 489 1472 529 octo,

87 563 177 598 quae
203 554 237 587 in
262 557 407 588 aeterna
430 555 502 587 vita
528 550 806 597 possidebimus,
857 559 947 594 quae
974 553 1152 584 enumerat
1176 549 1394 595 Augustinus
1420 550 1473 584 di-

87 629 188 653 cens:
225 618 307 664 quid
333 618 428 652 aliud
454 621 525 660 est,
561 627 628 661 ego
655 626 715 650 ero
740 615 877 649 illorum
902 614 1014 658 Deus,
1052 616 1119 649 nisi
1145 625 1205 650 ero
1229 616 1272 649 iis
1299 614 1389 650 unde
1414 626 1473 650 sa-

87 685 224 718 tientur.
268 681 352 725 Ero,
379 693 605 728 quaeeunque
636 681 781 716 honeste
807 680 1061 723 desiderentur,
1087 680 1219 716 scilicet
1248 682 1332 723 vita,
1363 681 1471 721 satus,

88 751 211 793 victus,
236 750 361 793 copia,
389 748 526 794 gloria,
562 747 695 790 honor,
731 757 801 793 pax
827 751 861 782 et
887 757 985 782 omne
1010 747 1148 783 honum.
1196 745 1260 782 Vel
1283 746 1387 781 aliter
1411 757 1473 792 per

85 819 217 860 septem
242 814 317 850 dies
343 813 550 859 intelligitur
575 812 676 847 homo
704 817 868 847 constans
896 824 939 848 ex
964 823 1113 858 corpore
1142 818 1176 849 et
1196 813 1320 847 anima.
1366 812 1473 853 Quat*

85 885 164 915 tuor
186 882 274 916 enim
300 879 374 916 dies
399 883 478 914 sunt
503 882 668 924 quattuor
693 879 885 921 elementa,
923 890 966 915 ex
997 880 1122 925 quibus
1149 890 1275 924 corpus
1299 880 1471 921 consistit,

86 951 120 982 ct
135 951 204 981 tres
219 946 294 981 dies
307 949 386 980 sunt
400 950 471 980 tres
487 946 678 990 potentiae,
706 955 796 990 quae
824 949 903 979 sunt
931 947 963 979 in
990 947 1116 989 anima,
1145 945 1472 988 scilicetconenpis-

84 1012 211 1055 cibilis,
236 1011 423 1046 irascibilis
450 1015 485 1046 et
511 1010 706 1045 rationalis.
734 1010 843 1044 Homo
870 1012 990 1057 igitur,
1016 1013 1075 1056 qui
1098 1022 1186 1045 nunc
1208 1009 1315 1045 habet
1342 1014 1473 1054 septem

84 1078 180 1120 dies,
224 1076 362 1122 quando
388 1078 511 1112 unitati
537 1080 702 1111 aeternae
726 1077 1082 1112 incommutahilitatis
1108 1078 1361 1122 conjungetur,
1394 1079 1474 1109 tune

83 1147 162 1178 octo
194 1142 268 1177 dies
301 1141 465 1185 habebit,
514 1146 548 1177 et
586 1143 620 1176 in
652 1143 712 1177 illo
745 1147 870 1176 octavo
903 1143 958 1177 die
984 1143 1028 1177 al)
1054 1144 1145 1177 omni
1170 1151 1285 1188 poena
1309 1145 1343 1176 et
1369 1143 1472 1176 etiam

83 1209 186 1254 culpa
208 1208 482 1244 circumcidetur.
557 1208 679 1243 Tertia
703 1209 793 1242 ratio
822 1210 967 1243 sumitur
987 1219 1094 1254 penes
1119 1208 1328 1243 intellectum
1353 1211 1471 1251 tropo-

83 1276 234 1322 logicum
260 1276 333 1309 sive
358 1275 523 1310 moralem
551 1279 584 1310 et
610 1274 795 1308 secundum
832 1273 898 1308 hoc
919 1279 997 1308 octo
1025 1274 1099 1309 dies
1125 1273 1357 1308 diversimode
1391 1283 1472 1316 pos-

84 1345 164 1375 sunt
188 1342 310 1386 accipi.
364 1340 498 1375 Primus
524 1344 640 1385 potest
663 1350 742 1374 esse
769 1341 902 1383 peccati
928 1341 1104 1385 cognitio,
1134 1338 1283 1373 Psalm.:
1310 1339 1472 1383 quoniam

83 1408 300 1452 iniquitatem
320 1416 429 1440 meam
457 1416 524 1451 ego
544 1415 719 1451 cognosco
739 1409 802 1439 etc.
837 1404 1017 1439 Secundus
1042 1404 1259 1449 propositum
1289 1401 1472 1437 deserendi

84 1472 209 1506 malum
234 1477 269 1506 et
297 1471 447 1506 faciendi
472 1470 617 1512 bonum,
645 1470 736 1516 quod
761 1474 901 1504 notatur
930 1471 963 1503 in
988 1470 1058 1504 tilio
1084 1469 1254 1516 prodigo,
1283 1470 1341 1514 qui
1367 1468 1471 1501 dixit:

84 1548 224 1583 surgam
250 1540 285 1572 et
311 1536 368 1570 ibo
393 1536 438 1570 ad
462 1540 596 1581 patrem
621 1547 731 1571 meum
753 1541 817 1571 etc.
844 1535 984 1570 Tertius
1001 1536 1114 1580 pudor
1131 1536 1173 1570 de
1198 1539 1355 1580 peccato,
1381 1532 1471 1568 unde

83 1602 281 1648 apostolus:
308 1612 406 1647 quem
418 1603 505 1636 enim
518 1601 661 1635 fructum
675 1605 752 1635 tunc
763 1600 935 1635 habuistis
950 1602 983 1634 iu
1004 1601 1086 1643 illis,
1106 1603 1138 1635 in
1151 1601 1374 1646 quibusnune
1391 1609 1469 1634 cru-

84 1669 251 1704 bescitis?
276 1668 427 1709 Quartus
448 1669 549 1701 timor
566 1666 880 1712 defuturojudicio.
907 1665 1036 1702 Johus:
1063 1668 1164 1712 quasi
1178 1669 1348 1701 tumentes
1367 1675 1473 1709 super

85 1745 137 1769 me
159 1734 280 1768 linctus
296 1734 523 1769 timuiDeum.
551 1733 797 1778 Hieronymus:
824 1734 898 1767 sire
924 1732 1113 1775 comedam,
1140 1734 1214 1767 sive
1239 1731 1368 1773 bibam,
1395 1731 1469 1764 sive

84 1799 216 1845 aliquid
242 1799 336 1834 aliud
363 1800 509 1842 sacia-m,
548 1809 685 1844 semper
709 1798 791 1832 mihi
820 1799 955 1834 videtur
977 1799 1039 1832 illa
1065 1809 1131 1832 vox
1157 1800 1190 1832 in
1215 1797 1358 1832 auribus
1384 1797 1469 1831 meis

84 1867 266 1900 insonare:
308 1866 442 1912 surgite
467 1866 594 1899 mortui
622 1868 656 1899 et
680 1866 794 1899 venite
821 1864 865 1898 ad
883 1865 1066 1910 judicium.
1120 1865 1266 1904 Quintus
1292 1864 1466 1898 contritio.

85 1930 180 1966 Unde
193 1930 382 1966 Jeremias:
408 1931 535 1965 luctum
559 1932 729 1977 unigeniti
758 1930 888 1964 l'actibi
916 1935 981 1966 etc.
1007 1932 1135 1965 Sextus
1152 1931 1341 1965 consessio.
1368 1928 1468 1964 Psal-

85 2007 179 2030 mus:
204 1996 479 2031 dixiconiitebor
493 1997 678 2032 adversum
691 2007 742 2031 me
761 1997 967 2042 injustitiam
987 2006 1095 2031 meam
1109 2003 1171 2031 etc.
1200 1997 1374 2042 Septimus
1387 2005 1469 2040 spes

84 2064 216 2097 veniae.
246 2061 332 2096 Nam
342 2061 526 2098 etsiJudas
537 2067 713 2107 peccatum
726 2073 822 2096 snum
835 2063 1016 2098 confessus
1028 2063 1145 2105 suerit,
1159 2067 1347 2097 tamennon
1360 2062 1393 2094 in
1403 2044 1467 2105 spe

84 2128 220 2170 veniae,
248 2127 374 2162 etideo
388 2138 456 2162 non
472 2131 525 2162 est
546 2128 821 2162 misericordiam
837 2133 1054 2163 consecutus.
1093 2128 1244 2163 Octavus
1269 2126 1466 2162 satisfactio

83 2198 118 2229 et
144 2195 178 2228 in
203 2192 268 2228 hac
294 2193 350 2227 die
374 2193 476 2228 homo
501 2193 733 2238 spiritualiter
763 2194 1035 2237 circumciditur,
1075 2205 1143 2228 non
1169 2194 1279 2228 solum
1305 2203 1327 2227 a
1349 2192 1466 2236 culpa,

62 2259 146 2309 “sed
171 2261 274 2294 etiam
301 2258 345 2293 ab
371 2261 461 2293 omni
486 2269 611 2305 poena.
670 2259 731 2294 Vel
761 2260 828 2294 duo
856 2261 956 2305 primi
985 2260 1059 2295 dies
1086 2264 1165 2294 sunt
1192 2260 1293 2294 dolor
1318 2258 1360 2293 de
1385 2268 1466 2302 per»

85 2326 280 2369 petratione
303 2327 437 2369 peccati
462 2329 496 2360 et
521 2325 731 2360 desiderium
756 2325 983 2367 emendandi;
1032 2325 1174 2359 aliiduo
1190 2325 1346 2359 confiteri
1360 2322 1466 2361 mala,

85 2399 176 2434 quae
209 2388 372 2432 fecimus,
420 2394 455 2424 et
480 2390 571 2424 bona
599 2401 688 2436 quae
715 2393 912 2433 omisimus3
960 2391 1020 2425 alii
1048 2394 1212 2435 quattuor
1236 2393 1315 2424 sunt
1339 2388 1467 2429 oratio,

85 2455 303 2489 lacrimarum
327 2454 472 2497 effusio,
497 2457 655 2500 corporis
681 2457 846 2499 afflietio,
873 2456 1158 2490 eleemosinarum
1180 2454 1356 2500 elargitio.
1403 2451 1465 2487 Vel

85 2524 163 2555 octo
188 2519 262 2554 dies
289 2522 435 2564 possunt
457 2529 534 2554 esse
561 2524 658 2562 octo,
709 2532 854 2566 quorum
890 2520 1041 2565 diligens
1074 2519 1309 2554 consideratio
1333 2528 1466 2552 omnem

86 2585 297 2620 voluntatem
322 2584 487 2630 peccandi
516 2593 536 2618 a
563 2585 664 2619 nohis
688 2585 911 2620 circumcidit.
952 2584 1016 2626 Ita,
1044 2585 1149 2630 quod,
1176 2586 1235 2630 qni
1262 2595 1361 2619 unum
1387 2583 1466 2618 dili-

86 2654 210 2697 genter
227 2650 475 2691 eonsidemvit,
505 2660 604 2684 unam
630 2661 788 2695 magnam
816 2650 966 2685 diaetam
992 2650 1105 2686 saciet.
1155 2651 1306 2692 Quorum
1333 2653 1465 2695 septem

87 2720 265 2750 emunerat
288 2715 487 2751 Bernartius
519 2715 655 2750 dicens:
683 2719 814 2761 septem
841 2720 919 2750 sunt
945 2715 987 2751 de
1013 2718 1164 2752 essentia
1191 2716 1352 2760 hominis,
1377 2724 1466 2762 quae
