1742 3005
376 104 474 154 Cap.
506 103 655 143 XCVll.
716 104 772 141 De
803 111 932 141 sancto
963 104 1186 155 Apollinari.
1394 105 1475 144 417

87 209 239 244 (tolebat.
288 208 373 243 Dum
400 209 510 254 igitur
534 209 611 253 ejus
636 208 799 243 tumulum
826 210 1018 250 visitasset,
1044 208 1160 244 Maria
1177 208 1392 255 Magdalena
1414 221 1477 246 nee.

86 285 127 309 cx
161 278 235 308 toto
273 273 456 309 dormienti
492 284 556 309 nec
588 285 630 309 ex
664 278 737 308 toto
774 274 933 320 vigilanti
966 280 1141 320 tamqnam
1176 275 1299 310 mulier
1322 275 1477 311 formosa

84 338 255 385 lugubres
290 350 417 385 gerens
461 340 581 374 oculos
625 344 659 374 et
698 338 841 373 duorum
884 339 1088 385 angelorum
1141 340 1266 375 dextra
1305 341 1475 387 laevaque

83 408 281 439 sustentata
307 405 487 449 praesidio
512 406 675 449 apparuit
700 405 803 449 eique
820 404 926 438 dixit:
952 414 1013 438 cur
1032 415 1177 449 quaem,
1205 406 1396 450 Stephane,
1421 409 1475 441 in-

83 469 193 515 digna
218 471 304 503 meis
332 471 465 504 meritis
492 470 584 503 facta
609 469 792 513 rependis,
827 479 890 503 cur
920 468 1091 503 labiorum
1129 480 1280 504 meorum
1308 473 1477 506 instantia

84 535 179 569 nulla
205 537 471 580 compunctione
495 535 674 568 moveris?
722 532 771 567 Ex
808 544 876 579 quo
912 535 1001 568 enim
1027 534 1246 569 devotionem
1272 537 1305 569 in
1331 547 1383 571 me
1410 537 1473 572 ha-

82 599 168 634 bere
195 601 357 644 coepisti,
384 610 447 644 pro
472 604 508 633 te
529 598 702 633 dominum
730 608 870 643 semper
889 600 1061 634 instanter
1080 602 1245 634 exoravi:
1273 611 1379 647 surge
1405 604 1473 648 igi*

82 668 138 699 tur
163 669 198 699 et
222 665 426 709 poeniteas,
461 675 574 709 neque
611 666 699 699 enim
736 674 803 709 ego
829 669 863 698 te
891 664 1072 706 deseram,
1110 665 1220 700 donee
1254 665 1327 701 Deo
1364 667 1474 701 fueris

83 729 343 764 reconciliatus.
393 728 455 764 llle
481 730 588 775 igitur
613 740 691 763 mox
727 731 760 765 in
796 740 834 763 se
859 729 992 765 infundi
1019 735 1148 764 tantam
1175 733 1322 775 gratiam
1349 734 1474 773 sensit,

79 795 173 841 quod
205 796 348 830 saeculo
382 795 633 831 abrenuntians
679 795 886 840 religionem
932 796 1088 829 introivit
1129 800 1163 829 et
1194 796 1475 840 perfectissimae

82 861 174 895 vitae
210 861 287 895 snit.
336 860 372 896 In
406 861 507 905 euJus
540 864 649 894 morte
688 862 764 893 visa
803 864 856 895 est
885 860 1002 894 Maria
1034 860 1251 905 Magdalena
1281 863 1384 906 juxta
1420 863 1471 896 l'e-

79 929 206 959 retrum
232 936 307 960 cum
335 926 472 971 angelis
496 925 681 960 adstitisse
707 928 741 958 et
768 925 843 967 ejus
870 926 1015 958 animam
1045 927 1145 970 quasi
1172 926 1363 960 columbam
1390 937 1471 961 can-

79 990 195 1025 didam
223 1001 297 1026 cum
322 991 486 1026 laudibus
511 992 544 1025 in
570 989 703 1025 coelum
731 989 929 1024 sustulisse.

518 1190 646 1252 GAP.
681 1189 849 1252 xcvll.
902 1191 1025 1253 (92.)

316 1293 424 1336 De
462 1292 733 1336 sancto
763 1290 1225 1346 Apollinari.

165 1388 383 1432 Apollinaris
420 1389 549 1422 dicitur
580 1398 600 1422 a
636 1388 773 1432 pollens
801 1392 836 1423 et
860 1399 964 1431 ares,
999 1389 1093 1434 quod
1124 1394 1177 1424 est
1202 1392 1332 1427 virtus.
1368 1394 1467 1436 quasi

75 1452 213 1496 pollens
239 1454 437 1488 virtutibus,
487 1453 549 1488 Vel
576 1453 703 1487 dicitur
727 1464 747 1488 a
771 1454 880 1498 pollo,
909 1455 1001 1500 quod
1021 1456 1271 1500 interpretatur
1286 1457 1466 1494 mirabilis,

75 1522 110 1551 et
134 1519 242 1559 naris,
272 1529 336 1563 per
356 1529 457 1564 quam
482 1518 691 1564 intelligitur
717 1519 895 1562 diScretio,
922 1522 1022 1566 quasi
1048 1521 1218 1555 mirabilis
1244 1520 1467 1556 discretionis

75 1583 139 1617 vir.
188 1583 253 1618 Vel
279 1585 323 1618 ab
353 1595 386 1620 a.
414 1584 507 1630 quod
533 1588 587 1619 est
613 1585 701 1626 sinc,
729 1588 763 1619 et
788 1585 908 1630 polluo
935 1590 969 1620 et
993 1595 1087 1628 ares,
1116 1588 1243 1627 virtus,
1271 1588 1372 1631 quasi
1399 1589 1467 1621 vir-

75 1651 198 1682 tuosus
223 1650 299 1684 sine
326 1650 520 1694 pollutione
545 1651 716 1683 vitiorum.

163 1714 379 1759 Apollinaris
400 1714 494 1750 Petri
519 1714 672 1759 apostoli
699 1714 895 1760 discipulus
922 1715 987 1750 suit
1013 1720 1047 1751 et
1079 1716 1122 1751 ab
1144 1727 1184 1751 eo
1203 1716 1400 1752 Ravennam
1423 1718 1468 1752 de

74 1778 184 1814 Roma
207 1781 335 1816 missus
361 1784 433 1823 est,
469 1779 528 1814 ubi
564 1790 673 1815 uxore
697 1781 827 1815 tribuni
858 1781 902 1815 ab
933 1792 974 1816 eo
1000 1786 1125 1816 sanata
1150 1784 1261 1826 ipsam
1287 1793 1361 1817 cum
1392 1785 1466 1817 viro

73 1848 110 1879 et
133 1845 210 1890 ejus
237 1845 371 1879 familia
395 1845 609 1890 baptizavit:
636 1845 729 1891 quod
756 1846 894 1891 quidem
917 1846 1029 1891 judici
1056 1849 1234 1881 nuntiatur
1258 1852 1293 1882 et
1316 1848 1362 1882 ad
1390 1859 1465 1883 eum

73 1910 290 1954 Apollinaris
326 1912 458 1955 primus
491 1913 686 1950 accersitur
713 1911 908 1961 ductusque
935 1911 978 1945 ad
1004 1912 1165 1957 templum
1190 1911 1311 1955 Jovis,
1349 1917 1385 1947 ut
1418 1914 1467 1947 ibi

73 1975 291 2018 immolaret,
323 1986 398 2010 cum
427 1976 561 2011 diceret
585 1975 844 2018 sacerdotibus,
872 1976 1052 2021 ydolorum
1079 1988 1197 2011 aurum
1227 1982 1260 2012 et
1284 1983 1465 2023 argentum

72 2038 190 2084 ydolis
218 2049 408 2084 appensum
436 2041 558 2075 melius
583 2040 798 2084 pauperibus
825 2041 922 2082 dari,
960 2051 1061 2086 quam
1095 2046 1176 2076 ante
1202 2042 1391 2076 daemones
1416 2044 1467 2076 sic

73 2104 249 2149 appendi,
290 2106 449 2149 protinus
473 2106 610 2149 capitur
644 2108 676 2139 et
701 2104 854 2138 fustibus
881 2114 1004 2138 caesus
1031 2107 1220 2139 semivivus
1246 2106 1465 2150 relinquitur,

72 2169 136 2204 sed
162 2179 184 2203 a
207 2169 390 2214 discipulis
412 2170 584 2207 collectus
608 2172 642 2208 in
664 2168 766 2203 domo
789 2168 970 2213 eujusdam
991 2169 1117 2203 viduae
1135 2174 1266 2214 septem
1288 2171 1467 2205 mensibus

75 2234 266 2269 refovetur.
314 2233 398 2270 Inde
439 2236 533 2269 venit
565 2239 679 2268 autem
722 2234 768 2268 ad
801 2235 975 2268 civitatem
1009 2233 1249 2276 Classensem,
1284 2240 1321 2269 ut
1356 2247 1464 2281 quen>

71 2298 151 2332 dam
168 2298 320 2333 nobilem
338 2305 465 2335 mutum
481 2300 608 2335 ibidem
628 2303 777 2333 curaret.
825 2298 907 2333 Cum
924 2302 1037 2333 autem
1057 2298 1192 2333 domum
1211 2300 1465 2346 ingrederetur,

74 2362 192 2407 puella
204 2363 375 2407 quaedam
389 2365 596 2402 immundum
613 2366 771 2409 spiritum
793 2363 929 2398 habens
948 2364 1155 2398 exclamavit
1174 2364 1314 2399 dicens:
1340 2365 1466 2399 recede

74 2427 170 2469 hinc,
198 2437 298 2462 serve
314 2427 391 2469 Dei,
416 2438 493 2462 nam
511 2429 634 2462 faciam
651 2433 686 2463 te
708 2429 829 2474 ligatis
849 2428 998 2473 pedibus
1021 2432 1058 2462 et
1078 2427 1237 2461 manibus
1260 2428 1302 2462 de
1323 2430 1465 2464 civitate

73 2491 214 2527 extrahi
274 2491 380 2531 Quam
396 2491 612 2536 Apollinaris
628 2493 813 2536 increpans
829 2494 988 2537 protinus
1005 2491 1205 2528 daemonem
1222 2491 1320 2526 abire
1337 2495 1463 2539 coegit.

76 2555 160 2591 Cum
187 2558 294 2603 igitur
321 2568 427 2602 super
451 2561 577 2591 mutum
603 2567 726 2590 nomen
752 2556 883 2590 domini
899 2558 1100 2590 invocasset
1121 2558 1154 2590 et
1171 2560 1311 2590 curatus
1327 2556 1463 2600 fuisset,

77 2621 156 2665 plus
198 2632 299 2667 quam
343 2622 525 2668 quingenti
566 2621 723 2655 homines
767 2620 1000 2655 crediderunt.
1057 2619 1194 2667 Pagani
1236 2625 1350 2655 autem
1389 2632 1463 2656 eum

77 2685 229 2721 fustibus
264 2697 403 2723 caesum
438 2686 694 2731 prohibebant,
735 2696 776 2720 ne
812 2678 928 2721 Je‘sum
964 2687 1174 2730 nominaret:
1215 2685 1274 2720 ille
1311 2697 1392 2720 vero
1431 2688 1463 2720 in

1130 2751 1172 2784 27
