1742 3005
241 135 295 174 4ss
556 138 650 187 Cap.
682 137 767 174 Vll.
826 137 884 174 De
916 145 1045 175 sancta
1077 139 1286 176 Anastasia.

244 243 305 277 sed
323 244 465 288 pagani.
498 252 517 276 a
534 246 642 275 matre
671 251 735 275 sua
758 240 926 275 Fantasta
950 241 1141 278 christiana
1168 248 1201 278 et
1226 254 1246 278 a
1271 244 1375 279 beato
1399 243 1626 290 Chrysogono

243 308 341 342 tidem
369 307 497 341 Christi
528 306 652 341 edocta
678 310 742 347 cst,
767 306 898 340 tradita
924 310 1037 341 autem
1062 306 1184 342 Publio
1211 310 1245 342 in
1271 320 1411 344 uxorem
1427 310 1627 354 languorem

243 374 408 407 simulans
447 382 585 416 semper
625 382 663 406 se
697 370 740 405 ab
773 372 849 416 ejus
883 373 1059 405 consortio
1100 372 1311 408 abstinebat.
1383 375 1448 414 Qui
1483 375 1626 409 audiens

243 450 317 473 cam
342 449 415 471 cum
450 447 517 471 uua
549 441 680 471 tantum
714 437 842 471 ancilla
878 439 911 470 in
939 437 998 471 vili
1023 437 1144 472 habitu
1170 437 1441 473 Cln·istianorum
1468 450 1628 475 carceres

242 506 388 538 circuire
415 508 447 538 et
473 505 515 537 iis
541 504 741 537 necessaria
766 504 984 545 ministrare,
1021 503 1102 538 fecit
1126 514 1201 538 eam
1229 505 1421 538 arctissime
1446 504 1627 540 custodiri,

243 572 290 604 ita
314 574 351 604 ut
378 571 481 604 etiam
507 568 617 603 eidem
645 568 841 602 alimoniam
865 568 1080 614 denegaret,
1106 569 1227 604 volens
1253 574 1365 604 autem
1392 580 1466 604 eam
1493 571 1542 604 sic
1567 581 1628 614 pe—

243 638 388 676 rimere,
425 639 460 668 ut
489 639 607 679 posset
634 636 666 667 in
694 635 769 679 ejus
795 634 1004 679 largissimis
1032 634 1314 679 possessionibus
1339 635 1512 671 lascivire.
1561 635 1627 670 Pu-

244 706 321 736 tans
350 703 458 747 igitur
481 711 518 734 se
546 701 630 733 mori
658 699 843 733 dolorosas
869 700 1039 743 epistolas
1067 700 1296 746 Chrysogono
1324 701 1481 735 mittebat
1509 706 1543 736 et
1569 702 1627 736 ille

243 767 500 801 consolatorias
528 764 737 800 remittebat.
807 764 944 800 Interea
971 768 1024 799 vir
1049 768 1124 811 ejtts
1151 768 1296 800 moritur
1322 771 1355 800 ct
1381 767 1439 800 illa
1466 777 1486 801 a
1510 778 1627 802 carce-

245 832 339 866 ribus
364 832 544 866 liberatur.
594 831 686 865 Haec
713 829 866 864 habebat
891 835 962 865 tres
990 832 1135 865 ancillas
1162 831 1425 875 pulcherrimas,
1454 842 1543 876 quae
1571 843 1627 866 so-

246 908 343 932 rores
370 901 486 932 crant:
523 906 667 941 quarum
693 906 761 929 una
787 895 968 930 dicebatur
993 897 1174 942 Agapete,
1201 896 1314 931 altera
1339 896 1490 931 Thionia
1518 901 1551 932 et
1577 898 1628 931 al-

246 969 322 999 tera
345 963 484 1008 Yrenia.
534 962 630 1002 Quae
655 973 729 996 cum
756 961 969 996 christianae
996 966 1114 997 essent
1140 966 1173 996 et
1196 962 1365 1007 praefecti
1389 964 1527 996 monitis
1553 963 1627 997 nul-

244 1030 380 1063 latenus
406 1027 608 1069 obedirent,
635 1030 668 1062 in
693 1027 884 1062 cubiculum
911 1037 971 1062 eas
998 1027 1161 1062 reclusit.
1191 1028 1248 1061 ubi
1272 1030 1442 1073 coquinae
1466 1028 1629 1062 utensilia

245 1093 488 1129 servabantur.
559 1092 762 1128 Praefectus
798 1098 910 1127 autem
944 1095 975 1127 in
1011 1103 1126 1128 earum
1162 1094 1288 1127 ardens
1323 1104 1473 1129 amorem
1499 1094 1628 1128 adeas

246 1161 319 1202 ivit,
347 1163 381 1192 ut
408 1169 504 1193 suam
530 1159 706 1194 libidinem
731 1163 920 1194 exerceret.
972 1159 1035 1199 Qui
1064 1161 1098 1193 in
1123 1161 1306 1194 amentiam
1334 1170 1475 1203 versus,
1504 1164 1629 1205 putans

244 1238 282 1261 se
308 1230 459 1260 tractare
485 1227 661 1271 virgineS,
697 1225 867 1267 cacabos,
904 1224 1076 1269 patellas,
1105 1225 1263 1260 caldaria
1288 1230 1322 1261 et
1347 1226 1474 1260 similia
1498 1226 1629 1270 ample-

245 1297 341 1327 ctens
367 1291 611 1333 osculabatur,
652 1295 685 1325 et
711 1302 785 1326 cum
812 1302 854 1326 ex
879 1290 944 1324 hoc
969 1292 1118 1324 satiatus
1145 1292 1290 1334 fuisset,
1349 1291 1445 1325 foras
1470 1293 1553 1325 exiit
1578 1293 1629 1324 ni-

244 1359 416 1404 gerrimus
442 1361 476 1390 et
503 1356 669 1390 deformis
695 1361 728 1390 et
753 1357 968 1390 vestimentis
995 1358 1156 1391 concisis.
1205 1358 1311 1397 Quem
1338 1359 1443 1399 servi,
1471 1359 1527 1402 qui
1555 1368 1630 1391 eum

245 1434 308 1468 pro
324 1422 458 1456 foribus
484 1426 787 1466 exspectaverant,
813 1423 863 1456 sic
887 1425 1044 1466 aptatum
1068 1421 1238 1464 videntes,
1265 1424 1460 1468 cogitantes
1487 1422 1579 1467 quod
1597 1424 1631 1457 in

245 1473 447 1523 daemonem
473 1498 594 1522 tersus
621 1494 733 1530 esset,
769 1498 845 1523 eum
871 1486 1075 1522 verberibus
1101 1488 1291 1522 affecerunt
1315 1492 1349 1522 et
1374 1488 1548 1534 fugientes
1572 1499 1630 1522 so—

247 1555 314 1588 lum
340 1554 566 1598 reliquerunt.
615 1554 767 1597 Cumque
792 1555 1037 1597 imperatorem
1064 1552 1196 1595 adiret,
1223 1558 1259 1587 ut
1283 1553 1325 1588 de
1350 1553 1415 1588 hoc
1439 1564 1630 1600 conquere-

247 1624 363 1661 retur,
392 1619 452 1652 alii
481 1621 590 1664 virgis
617 1618 878 1663 percutiebant,
908 1618 968 1652 alii
996 1618 1102 1652 lutum
1128 1623 1161 1653 et
1188 1619 1363 1663 pulverem
1386 1621 1420 1653 in
1449 1630 1524 1654 eum
1547 1631 1630 1665 pro-

242 1685 432 1731 jiciebant,
474 1686 713 1728 suspicantes,
756 1683 847 1728 quod
873 1685 905 1717 in
932 1684 1055 1718 furiam
1081 1695 1202 1718 versus
1229 1688 1333 1719 essct.
1392 1685 1490 1719 Oculi
1514 1689 1631 1738 autem

247 1753 323 1796 ejus
348 1750 567 1792 tenebantur,
596 1761 637 1784 ne
665 1752 714 1784 sic
740 1760 777 1783 se
803 1749 990 1784 deformem
1017 1750 1160 1784 videret
1233 1752 1456 1795 Quapropter
1478 1750 1629 1785 miraba-

247 1821 302 1850 tur
330 1816 522 1861 plurimum,
547 1826 621 1849 cum
647 1817 697 1850 sic
723 1826 798 1850 eum
826 1825 943 1849 omnes
970 1815 1188 1857 deridebant,
1215 1826 1314 1860 quem
1340 1817 1373 1849 in
1389 1820 1486 1850 tanto
1500 1815 1631 1851 honore

248 1881 378 1916 habere
403 1886 667 1915 consueverant.
713 1881 907 1917 Videbatur
932 1882 1020 1915 enlm
1046 1883 1089 1923 ei,
1116 1880 1208 1926 quod
1233 1882 1309 1925 ipse
1337 1885 1371 1915 et
1396 1891 1513 1931 omnes
1540 1881 1630 1915 albis

249 1947 404 1982 vestibus
430 1951 546 1981 essent
571 1947 691 1981 induti.
741 1946 868 1981 Putans
894 1957 1000 1989 ver0,
1027 1956 1101 1980 cum
1127 1948 1176 1980 sic
1203 1956 1239 1980 se
1265 1946 1453 1981 deformem
1479 1947 1522 1980 ab
1551 1947 1629 1980 aliis

247 2012 439 2054 didicisset,
467 2012 559 2057 quod
588 2012 725 2057 puellae
753 2011 818 2046 sibi
847 2022 909 2057 per
934 2016 1042 2047 artem
1067 2013 1236 2057 magicam
1265 2011 1329 2045 hoc
1355 2012 1532 2055 fecissent,
1551 2013 1628 2057 jus-

247 2080 291 2112 sit
315 2088 375 2112 eas
400 2088 516 2112 coram
542 2089 578 2112 se
606 2078 809 2123 exspoliari,
839 2082 874 2111 ut
900 2088 960 2112 eas
986 2078 1108 2112 saltem
1132 2077 1241 2112 nudas
1268 2080 1453 2122 aspiceret,
1479 2077 1629 2112 sedsta-

246 2146 304 2177 tim
339 2154 457 2178 earum
490 2145 695 2178 vestimenta
731 2145 780 2177 sie
806 2143 1012 2187 corporibus
1039 2143 1295 2185 adhaeserunt,
1347 2148 1383 2177 ut
1408 2144 1500 2177 nullo
1528 2143 1628 2178 modo

246 2211 323 2244 exui
351 2209 517 2244 valerent.
590 2209 792 2244 Praefectus
828 2197 941 2243 autem
974 2219 1058 2253 prae
1084 2208 1313 2243 admiratione
1348 2210 1397 2241 ita
1423 2208 1631 2241 obdormirit

246 2279 416 2316 stertens,
467 2274 558 2319 quod
586 2276 688 2308 etiam
717 2284 739 2308 a
762 2273 980 2318 pulsantibus
1007 2284 1074 2307 non
1107 2278 1245 2318 poterat
1269 2274 1424 2308 excitari.
1474 2272 1629 2307 Tandem

248 2342 401 2385 virgines
445 2342 601 2373 martirio
636 2343 848 2373 coronantur
882 2343 915 2373 et
950 2340 1139 2373 Anastasia
1170 2339 1214 2373 ab
1247 2341 1457 2384 imperatore
1494 2338 1628 2372 cuidam

248 2406 426 2450 praefecto
450 2406 620 2448 traditur,
670 2410 705 2439 ut
739 2407 769 2439 si
804 2414 877 2438 eam
911 2406 1109 2439 sacrificare
1148 2406 1299 2446 faceret,
1349 2403 1565 2448 postmodum
1597 2404 1630 2435 in

250 2482 391 2506 uxorem
417 2482 490 2507 eam
519 2471 677 2506 haberet.
727 2471 879 2515 Cumque
905 2481 979 2504 eam
1006 2473 1038 2504 iu
1064 2470 1251 2504 thalamum
1279 2469 1473 2503 induxisset
1497 2471 1531 2502 et
1556 2477 1629 2501 eam

250 2537 441 2580 amplexari
470 2537 594 2579 vellet,
645 2539 759 2571 statim
785 2546 909 2570 caecus
937 2537 1083 2575 effectus
1108 2540 1170 2571 cst.
1219 2536 1311 2570 Deos
1337 2534 1423 2568 adiit
1447 2543 1630 2578 quaerens.

250 2603 276 2633 si
309 2601 458 2636 evadere
485 2606 616 2645 posset.
689 2602 954 2647 Responderunt
980 2602 1147 2636 dicentes:
1196 2603 1278 2646 quia
1303 2603 1455 2634 sanctam
1480 2599 1631 2632 Anasta—

253 2667 337 2699 siam
364 2668 597 2701 contristasti.
650 2668 750 2702 uobis
783 2667 932 2702 traditus
966 2678 1002 2702 es
1029 2672 1063 2701 et
1089 2667 1213 2701 amodo
1240 2674 1376 2708 semper
1401 2662 1577 2696 nobiscum
1602 2663 1634 2696 iu

1726 1766 1728 1770 ’
1728 1527 1742 1722 -ᾼι-«ε-ιᾼ-μμψ
1733 1511 1735 1514 -
1737 1495 1739 1499 Δ
