1742 3005
235 79 316 120 278
484 80 582 131 Cap.
609 78 744 117 LXIII.
811 78 872 117 De
902 85 1032 116 sancto
1064 77 1178 117 Petro
1209 78 1378 117 martire.

233 185 460 233 praedicator
490 185 651 231 exsurgit
685 187 719 219 et
752 183 796 219 de
829 184 1028 217 sanctitatis
1063 187 1177 219 mente
1209 194 1428 230 corporeque
1453 186 1629 230 corruptis

233 251 407 297 virginale
424 249 531 284 decus
550 249 711 295 procedit
723 259 764 284 ae
780 249 823 284 de
835 250 959 293 spinis,
978 247 1013 281 id
1027 252 1081 282 est
1103 244 1247 283 aeterno
1261 249 1421 284 ineendio
1435 250 1629 295 deputatis,
1659 271 1665 277 -

234 317 383 362 inclytus
409 316 531 350 martir
565 315 759 350 adscendit.
806 314 976 350 Parentes
1012 323 1161 359 namque
1188 324 1271 348 suos
1297 314 1456 350 infideles
1483 321 1517 351 et
1542 316 1629 350 hae-

234 383 364 416 retieos
400 380 525 416 heatus
550 381 674 416 Petrus
709 381 854 423 habuit,
887 389 909 414 a
941 390 1085 426 quorum
1114 384 1232 414 tamen
1270 390 1389 415 errore
1422 391 1461 415 se
1490 382 1630 426 penitus

234 447 394 482 mundum
430 449 596 482 servavit.
645 447 729 482 Cum
766 450 880 482 autem
911 445 1025 479 adhue
1059 449 1194 490 septem
1225 450 1322 480 esset
1357 455 1525 480 annorum
1551 451 1585 482 et
1611 458 1633 481 a

235 512 367 547 scholis
391 513 535 555 rediret,
565 524 586 548 a
611 518 736 559 patruo
769 524 855 555 suo,
892 513 949 557 qui
975 511 1151 546 haeresim
1188 511 1372 556 sapiebat,
1409 512 1572 557 quidnam
1599 514 1633 546 in

235 578 368 612 scholis
403 578 586 623 didicerit,
624 580 874 625 interrogatur.
925 577 991 618 Qui
1026 577 1210 620 respondit
1234 588 1272 612 se
1299 577 1489 612 didicisse:
1527 578 1633 612 eredo

235 645 270 678 in
293 643 402 678 Deum
436 649 569 689 patrem
601 646 871 689 omnipotentem
906 650 1099 678 creatorem
1134 642 1225 676 coeli
1256 647 1291 677 et
1323 647 1441 678 terrae
1478 648 1542 678 etc.
1591 642 1635 678 Et

234 709 315 744 ille:
342 709 415 743 noli
442 710 559 745 dicere
585 714 778 744 creatorem
805 709 894 743 coeli
921 714 955 743 et
978 714 1116 751 terrae,
1143 710 1309 753 cumipse
1327 708 1515 743 visibilium
1531 719 1633 743 crea-

233 778 291 807 tor
314 785 383 808 non
409 774 535 816 fuerit,
571 774 633 809 sed
659 774 831 819 dyabolus
859 776 974 808 omnia
999 776 1089 816 ista,
1117 784 1207 819 quae
1233 774 1413 814 videntur,
1449 776 1633 809 creaverit.

234 839 314 885 Ipse
349 851 434 875 vero
460 851 548 886 puer
576 851 615 875 se
642 842 758 885 potius
784 839 876 874 velle
901 839 1032 881 dicere,
1061 841 1150 873 sicut
1174 839 1332 885 legerat,
1359 839 1558 873 affirmabat
1587 844 1635 881 et,

235 903 327 940 sieut
353 908 518 951 scriptum
545 910 640 948 erat,
667 917 706 940 se
732 907 848 950 potius
874 904 1019 939 credere
1046 905 1136 939 velle
1163 904 1311 939 dicebat.
1363 905 1461 939 Tune
1490 905 1549 940 ille
1576 916 1640 950 per

235 973 464 1007 auctoritates
491 972 558 1007 boe
585 974 617 1006 ei
644 971 860 1016 persuadere
877 999 884 1012 ,
912 975 950 1004 ut
976 975 1136 1015 poterat,
1171 971 1367 1005 nitebatur:
1405 982 1490 1017 quas
1518 982 1638 1006 omnes

235 1048 324 1083 puer
356 1039 482 1082 spiritu
517 1042 637 1072 sancto
672 1037 826 1081 repletus
862 1038 911 1070 sie
938 1040 1059 1070 contra
1087 1047 1162 1071 eum
1188 1039 1359 1071 convertit
1382 1048 1528 1083 eumque
1553 1048 1638 1082 pro-

236 1104 313 1147 prio
339 1103 459 1148 gladio
486 1104 680 1143 interemit,
717 1106 754 1136 ut
786 1101 867 1144 ille,
904 1113 972 1147 quo
1008 1102 1221 1145 diverteret,
1261 1114 1329 1137 non
1363 1103 1521 1137 baberet.
1573 1103 1639 1143 Qui

236 1168 380 1214 indigne
415 1168 533 1204 ferens
569 1178 591 1203 a
623 1178 733 1213 puero
771 1178 809 1202 se
840 1168 1022 1202 confusum
1058 1170 1150 1212 patri
1184 1173 1314 1211 totum,
1350 1168 1443 1213 quod
1476 1170 1568 1203 inter
1600 1179 1639 1203 se

236 1238 375 1280 gestum
412 1234 545 1277 suerat,
579 1234 699 1269 retulit
733 1238 767 1269 et
799 1237 836 1267 ut
859 1233 1035 1268 Petrinum
1069 1243 1089 1267 a
1115 1233 1246 1267 scholis
1273 1239 1489 1277 removeret,
1524 1235 1638 1268 modis

237 1299 396 1333 omnihus
423 1302 612 1344 persuasit.
661 1299 782 1334 Timeo
810 1301 920 1341 enim,
952 1300 1025 1342 ait,
1064 1310 1106 1334 ne
1133 1309 1207 1333 cum
1233 1299 1394 1334 Petrinus
1420 1300 1508 1335 hene
1536 1300 1640 1334 fuerit

238 1365 415 1407 eruditus,
451 1365 496 1399 ad
531 1367 748 1400 meretricem
786 1364 880 1398 illam
914 1364 1102 1399 Romanam
1139 1364 1324 1399 ecclesiam
1359 1376 1397 1399 se
1424 1365 1581 1400 conferat
1607 1370 1642 1400 et

238 1431 290 1464 sie
318 1430 419 1465 fidem
446 1435 598 1466 nostram
626 1431 785 1466 destruat
812 1435 846 1466 et
869 1430 1069 1465 confundat.
1120 1430 1185 1470 Qui
1209 1432 1371 1466 nesciens
1396 1441 1513 1466 verum
1542 1430 1642 1473 dixit,

239 1496 317 1530 dum
355 1496 493 1531 Petrum
520 1497 774 1532 haereticorum
800 1496 981 1541 perfidiam
1007 1496 1262 1531 destructurum
1284 1492 1363 1531 esse
1386 1501 1559 1541 tamquam
1587 1495 1639 1529 al-

239 1565 294 1595 ter
320 1561 482 1606 Cayphas
508 1563 746 1607 prophetavit.
798 1562 869 1597 Sed
897 1563 979 1608 quia
1004 1572 1060 1596 res
1088 1571 1108 1595 a
1134 1561 1208 1596 Deo
1235 1560 1360 1604 fiebat,
1396 1566 1496 1607 pater
1521 1561 1644 1595 fratris

242 1628 382 1660 monitis
410 1637 593 1661 assensum
621 1628 879 1672 nonpraebuit
905 1638 1075 1672 sperans,
1110 1627 1204 1673 quod
1242 1638 1306 1672 per
1341 1627 1491 1672 aliquem
1517 1626 1643 1661 haere-

241 1692 417 1726 siarcham
443 1693 486 1727 ad
513 1703 608 1727 suam
635 1698 765 1728 sectam
786 1704 860 1727 eum
882 1692 974 1726 trabi
994 1692 1140 1735 faceret,
1167 1704 1241 1727 cum
1265 1695 1299 1727 in
1321 1692 1646 1739 grammaticalibus

242 1757 340 1792 fleret
360 1758 527 1794 eruditus,
557 1758 686 1793 videns
707 1760 815 1805 igitur
832 1769 918 1804 puer
933 1762 1154 1792 sanctusnon
1169 1769 1250 1792 esse
1269 1763 1377 1792 tutum
1392 1770 1465 1792 cnm
1482 1759 1644 1802 scorpio-

241 1823 344 1857 nibus
364 1823 537 1867 babitare⁷
565 1824 724 1858 mundum
742 1829 976 1869 parentesque
996 1823 1208 1868 despiciens,
1232 1823 1380 1857 mundus
1402 1825 1478 1868 ipse
1499 1823 1642 1857 fratrum

241 1889 526 1934 praedicatorum
553 1890 709 1924 ordinem
734 1891 901 1924 introivit.
950 1889 987 1924 ln
1023 1900 1090 1935 quo
1119 1889 1257 1935 quidem
1286 1890 1408 1925 ordine
1438 1899 1538 1934 quam
1567 1889 1643 1923 lau-

243 1954 409 1990 dabiliter
446 1957 595 1998 vixerit,
631 1955 853 1990 innocentius
886 1965 980 2000 papa
1021 1957 1055 1989 in
1093 1966 1157 1990 sna
1184 1955 1337 2000 epistola
1364 1957 1477 2000 aperit
1503 1955 1643 1990 dicens:

241 2030 316 2054 cum
354 2023 441 2055 enim
476 2021 600 2055 beatus
637 2021 760 2056 Petrus
795 2032 815 2056 a
847 2021 963 2063 mundi
998 2021 1148 2056 fallaciis
1186 2023 1222 2055 in
1255 2021 1519 2057 adolescentiae
1544 2022 1645 2055 annis

241 2086 390 2131 provide
417 2086 642 2130 declinasset,
671 2087 715 2121 ad
741 2087 896 2122 ordinem
917 2087 1062 2121 fratrum
1087 2087 1367 2132 praedicatorum
1395 2097 1434 2122 se
1452 2087 1643 2122 transtulit.

243 2152 281 2187 In
309 2164 376 2198 quo
412 2152 551 2198 quidem
587 2153 710 2188 ordine
744 2154 895 2199 triginta
928 2153 1002 2189 fere
1029 2154 1337 2197 annorum-spatio
1364 2152 1473 2188 fultus
1505 2157 1648 2187 caterva

242 2219 417 2259 virtutum,
441 2217 509 2253 tide
532 2218 770 2263 praeambula,
798 2230 860 2263 spe
882 2219 1056 2261 adstante,
1084 2220 1270 2253 comitante
1297 2220 1444 2253 caritate
1466 2220 1516 2252 sic
1542 2229 1646 2263 prae-

243 2283 355 2317 valuit
379 2287 412 2317 et
436 2284 587 2328 profecit
615 2286 709 2317 cirea
737 2284 980 2318 defensionem
1006 2285 1117 2328 ipsius
1145 2283 1248 2326 fidei,
1283 2295 1346 2328 pro
1373 2294 1441 2330 qua
1466 2288 1562 2318 totus
1588 2294 1647 2318 ar-

247 2348 366 2390 debat,
405 2349 499 2394 quod
525 2354 649 2383 contra
687 2349 782 2383 illius
812 2349 909 2383 diros
938 2349 1060 2383 hostes
1087 2355 1202 2384 mente
1228 2350 1403 2395 intrepida
1428 2349 1649 2395 ferventique
1678 2347 1684 2352 “

247 2416 373 2459 spiritu
399 2416 598 2449 continuum
623 2419 797 2449 certamen
825 2426 992 2449 exercens
1019 2426 1115 2449 snum
1141 2415 1279 2450 tandem
1305 2426 1453 2461 agonem
1481 2415 1646 2449 diutinum

244 2481 379 2514 victrici
407 2485 594 2525 superante
620 2482 775 2515 martirio
801 2481 952 2516 feliciter
976 2483 1238 2515 consummarit.
1287 2480 1331 2516 Et
1358 2483 1407 2515 sic
1433 2480 1556 2515 Petrus
1583 2479 1641 2512 lir-

246 2554 320 2578 mus
346 2547 379 2579 in
405 2550 505 2591 petra
530 2545 609 2581 fidei
648 2554 749 2592 petra
778 2546 912 2581 demum
943 2547 1122 2591 passionis
1150 2547 1274 2581 allisus
1298 2547 1341 2581 ad
1361 2550 1493 2591 petram
1516 2544 1646 2578 Christi

247 2608 353 2653 digne
373 2610 585 2646 laureandus
612 2612 807 2647 adscendit.
855 2611 1101 2657 Virginitatem
1124 2623 1262 2658 quoque
1282 2612 1404 2645 mentis
1427 2614 1460 2645 et
1487 2613 1646 2656 eorporis

249 2684 387 2719 semper
422 2675 590 2710 illibatam
623 2679 798 2719 servavit,
842 2688 907 2713 nee
938 2678 1086 2723 alicujus
1119 2676 1277 2712 mortalis
1312 2677 1465 2711 criminis
1497 2687 1646 2723 unquam
