1742 3005
298 72 392 122 Cap.
426 71 576 108 CXVll.
636 71 693 108 De
724 75 857 106 sancto
890 68 1100 106 Laurentio
1134 67 1296 104 martire.
1413 66 1491 104 491

105 178 154 213 ibi
180 177 320 224 quidam
347 176 490 223 gentilis
517 178 653 212 nomine
677 175 854 218 Lucillus,
888 176 946 221 qui
982 172 1154 218 plorando
1180 172 1294 207 lumen
1319 172 1495 206 oculorum

105 245 282 278 amiserat.
332 243 393 277 Cui
421 252 494 277 cum
521 242 731 277 Laurentius
760 242 874 277 lumen
899 252 937 276 se
963 243 1164 274 restaurare
1189 239 1430 283 promitteret,
1466 240 1495 272 si

104 311 138 343 in
166 308 341 344 Christum
369 307 531 343 crederet
557 313 591 342 et
616 308 789 353 baptisma
816 309 1026 352 susciperet,
1055 306 1114 339 ille
1133 315 1170 339 se
1197 306 1384 339 instantius
1408 304 1497 349 bap-

102 376 204 409 tizari
231 374 434 419 postulavit.
484 375 670 419 Accipiens
697 385 783 419 ergo
811 383 936 418 aquam
961 371 1172 405 Laurentius
1200 370 1287 404 dixit
1306 372 1355 405 ei:
1382 372 1498 404 omnia

102 443 134 474 in
163 440 388 474 consessione
416 439 586 474 lavantur.
635 440 788 484 Cumque
814 440 924 483 ipsum
954 437 997 471 de
1022 436 1179 470 articulis
1206 435 1286 469 fidei
1309 436 1497 481 diligenter

102 509 363 551 interrogasset
398 510 433 540 et
466 505 525 539 ille
552 506 667 538 omnia
701 514 738 538 se
775 504 920 538 credere
955 502 1139 537 confessus
1180 501 1327 543 suisset,
1370 511 1496 546 aquam

103 583 211 617 super
245 575 350 616 caput
382 572 459 616 ejus
494 570 616 605 effudit
652 574 685 604 et
722 571 835 614 ipsum
870 571 904 603 in
943 569 1073 604 Christi
1116 568 1252 602 nomine
1290 567 1495 611 baptizarit.

103 639 327 682 Quapropter
361 637 457 670 multi
493 636 538 670 ad
576 647 650 670 eum
688 637 788 670 caeci
816 635 1003 670 veniebant
1029 639 1063 669 et
1088 633 1130 668 al)
1158 644 1199 668 eo
1226 633 1410 667 illuminati
1442 643 1496 667 re-

102 702 257 738 diebant.
305 700 379 735 Hoc
413 702 535 737 videns
569 702 776 747 Hyppolitus
803 702 890 735 dixit
915 703 968 736 ei:
1005 700 1153 735 ostende
1187 699 1271 733 inihi
1297 699 1494 734 thesauros.

102 769 166 804 Cui
190 768 421 803 Laurentius:
459 779 478 802 0
506 768 713 813 Hyppolite,
749 770 778 802 si
806 769 839 802 in
866 768 1038 801 dominum
1072 766 1190 802 Jesum
1218 765 1392 800 Christum
1420 776 1495 800 cre-

103 834 256 877 dideriS‚
300 838 334 868 et
374 833 562 868 thesauros
608 833 673 867 tibi
707 835 857 869 ostendo
895 839 929 869 et
967 835 1071 867 vitam
1107 837 1284 867 aeternam
1318 833 1495 876 promitto.

103 900 166 935 Cui
190 899 418 945 Hyppolitus:
454 901 485 934 si
510 900 604 934 dicta
629 900 729 934 sactis
758 910 983 944 compenses,
1020 899 1167 940 faciam,
1208 897 1299 942 quod
1330 897 1495 932 hortaris.

104 965 233 1000 Eadem
259 966 349 1000 hora
368 966 575 1011 Hyppolitus
601 966 751 1000 credidit
775 970 809 1000 et
834 976 969 999 sacrum
997 965 1171 1009 baptisma
1187 975 1262 998 cuin
1284 964 1415 998 familia
1434 973 1498 997 sua

105 1033 272 1077 suscepit.
318 1031 523 1076 Baptizatus
541 1035 655 1066 autem
681 1033 749 1066 ait:
777 1031 848 1065 vidi
868 1033 1001 1066 animas
1022 1031 1254 1064 innocentium
1276 1030 1387 1065 laetas
1407 1041 1497 1075 gau-

104 1098 198 1132 dere.
245 1097 331 1132 Post
354 1096 423 1131 hoc
447 1097 627 1132 mandavit
651 1097 861 1132 Valerianus
886 1097 929 1131 ad
957 1097 1188 1142 llwpolitum,
1218 1101 1254 1130 nt
1271 1096 1497 1130 Laurentium

104 1167 358 1209 praesentaret.
384 1157 469 1198 leui
503 1163 715 1198 Laurentius
750 1165 818 1198 ait:
856 1163 1071 1198 ambulemus
1098 1162 1198 1197 ambo
1227 1164 1381 1208 pariter,
1416 1163 1499 1207 quia

105 1229 188 1264 mihi
223 1233 258 1264 et
289 1228 353 1263 tibi
391 1230 508 1275 gloria
540 1233 785 1274 praeparatur.
833 1229 887 1264 Ad
922 1229 1076 1263 tribunal
1110 1240 1196 1275 ergo
1229 1229 1329 1263 ambo
1358 1230 1497 1263 veniunt

105 1299 139 1330 et
173 1294 211 1329 fit
243 1296 366 1343 iterum
406 1296 585 1340 inquisitio
622 1295 664 1330 de
695 1294 885 1338 thesauro,
920 1295 1132 1330 Laurentius
1158 1299 1272 1330 autem
1301 1295 1416 1329 triduo
1442 1297 1497 1328 in-

105 1361 228 1395 ducias
263 1362 384 1406 petiit,
419 1371 505 1405 quas
539 1360 748 1396 Valerianus
785 1361 897 1396 eidem
930 1361 994 1396 sub
1026 1361 1202 1407 HJppoliti
1228 1360 1390 1395 custodia
1416 1371 1499 1395 con-

105 1428 224 1462 cessit.
273 1426 309 1460 In
336 1425 404 1461 hoc
430 1425 547 1460 triduo
575 1425 786 1462 Laurentius
813 1437 988 1472 pauperes
1014 1427 1159 1462 claudos
1187 1431 1221 1462 et
1246 1438 1369 1462 caecos
1390 1428 1498 1462 colle-

105 1494 160 1539 git
186 1497 221 1528 et
249 1503 311 1527 eos
337 1494 371 1526 in
389 1492 522 1537 palatio
553 1492 796 1535 ¹)Salustiauo
824 1503 938 1527 coram
966 1493 1074 1527 Decio
1101 1495 1341 1538 praesentavit
1361 1493 1499 1528 dicens:

106 1568 188 1594 ecce
213 1559 272 1592 isti
299 1562 379 1593 sunt
393 1558 551 1593 thesauri
567 1561 712 1601 aeterni,
743 1561 799 1604 qui
815 1569 988 1604 nimquam
1009 1561 1216 1601 minuuntur,
1245 1559 1307 1594 sed
1327 1564 1499 1603 crescunt,

107 1625 168 1669 qui
210 1625 246 1658 in
280 1624 430 1670 singulis
465 1625 718 1671 disperguntur
760 1630 794 1660 et
826 1627 860 1659 in
896 1625 1056 1660 omnihus
1090 1627 1329 1668 inveniuntur,
1377 1626 1500 1662 horum

105 1691 193 1725 enim
227 1700 348 1725 manus
383 1690 570 1725 thesauros
607 1693 640 1725 in
665 1691 798 1726 coelum
827 1691 1112 1737 deportaverunt.
1162 1691 1372 1727 Valerianus
1396 1676 1500 1738 mnae-

107 1760 207 1791 sente
244 1755 352 1791 Decio
390 1755 498 1790 dixit:
533 1756 614 1802 quid
642 1759 791 1791 variaris
817 1769 880 1803 per
906 1758 1041 1793 inulta?
1070 1760 1142 1803 ,jain
1170 1769 1259 1792 rinno
1285 1758 1502 1795 sacrifica-et

109 1823 279 1868 magicam
313 1825 422 1857 artem
455 1821 604 1868 depone.
655 1822 717 1858 Cui
742 1824 975 1859 Laurentius:
1012 1826 1089 1870 quis
1114 1824 1219 1859 debet
1244 1824 1406 1868 adorari,
1442 1827 1500 1871 qui

110 1887 225 1922 sactus
267 1892 334 1932 est,
370 1898 413 1923 an
450 1889 510 1934 qui
543 1888 655 1924 fecit?
702 1888 815 1924 Iratus
849 1890 978 1925 Decius
1007 1892 1116 1936 jussit
1152 1901 1227 1926 eum
1254 1891 1501 1936 scorpionibus

107 1953 209 1988 caedi
243 1957 280 1988 et
303 1964 403 1988 omne
427 1965 540 1999 genus
567 1959 818 1989 tormentorum
855 1960 935 1991 ante
962 1958 1074 2002 ipsum
1101 1956 1243 1991 deferri.
1292 1956 1399 1997 Quem
1427 1969 1501 1993 eum

110 2017 312 2052 sacrificare
332 2018 496 2063 juberet,
529 2024 567 2054 ut
592 2020 680 2055 haec
704 2024 879 2056 tormenta
903 2022 1090 2063 evaderet,
1128 2022 1329 2066 respondit:
1363 2023 1500 2066 infelix,

109 2083 175 2118 has
202 2083 326 2128 epulas
352 2094 491 2128 semper
520 2086 651 2130 optavi.
681 2085 764 2144 Χχίῖιιί
789 2086 938 2121 Decius:
975 2089 1004 2121 si
1032 2088 1156 2131 epulae
1184 2089 1275 2122 istae
1303 2091 1401 2131 sunt,
1437 2088 1503 2122 tibi

109 2149 244 2184 similes
263 2148 379 2194 pande
398 2150 580 2194 profanos,
606 2154 643 2184 ut
660 2154 770 2185 tecum
791 2153 925 2197 pariter
945 2153 1138 2197 epulentur.
1189 2152 1251 2187 Cui
1269 2153 1501 2189 Laurentius:

105 2216 179 2259 jam
206 2216 243 2249 in
264 2214 380 2250 ‘coelis
405 2216 546 2249 nomina
571 2225 634 2250 sua
659 2216 831 2251 dederunt
858 2222 892 2252 ct
919 2218 998 2253 ideo
1019 2228 1135 2253 eorum
1157 2219 1358 2264 aspectibus
1375 2232 1443 2255 non
1465 2232 1502 2256 es

112 2280 253 2326 dignus.
281 2280 535 2326 Tuucjnbente
546 2281 654 2316 Decio
665 2282 777 2316 nudus
792 2282 942 2318 fustibus
957 2284 1116 2320 caeditur
1127 2289 1161 2320 et
1179 2285 1342 2321 ardentes
1354 2287 1504 2323 laminae

111 2346 159 2380 ad
192 2346 307 2381 latera
332 2352 575 2391 apponuntur,
610 2348 768 2393 dixitque
794 2348 1026 2385 Laurentius:
1069 2350 1208 2386 domine
1234 2351 1319 2386 Jesu
1353 2352 1502 2397 Christe,

113 2412 207 2447 Deus
244 2412 287 2447 de
328 2412 424 2454 Deo,
460 2414 626 2448 miserere
658 2416 722 2448 mei
749 2417 841 2449 servi
867 2418 936 2458 tui,
965 2418 1047 2462 quia
1073 2421 1256 2451 accusatus
1282 2428 1350 2451 non
1375 2420 1504 2464 negavi

112 2488 236 2512 nomen
275 2482 432 2512 sanctuni
472 2482 587 2522 tuum,
630 2480 869 2526 interrogatus
912 2485 946 2515 te
991 2482 1163 2517 dominum
1199 2483 1383 2518 consessus
1416 2495 1502 2520 sum.

114 2543 277 2590 Dixitque
305 2544 336 2578 ei
362 2543 508 2578 Decius:
538 2546 631 2587 scio,
660 2547 741 2591 qnia
766 2558 830 2592 per
846 2551 954 2583 artem
976 2550 1143 2595 magicam
1166 2553 1337 2586 tormenta
1355 2551 1503 2595 deludis,

182 2689 344 2723 t)Ed.1¹r.
365 2690 475 2719 Salus
490 2696 497 2717 t
511 2691 517 2718 i
531 2691 594 2718 oni
615 2690 695 2723 legit.
