1742 3005
381 71 475 122 Cap.
507 72 570 108 Ct.
628 71 686 110 De
717 80 861 123 septem
894 71 1184 111 dormientibus.
1400 73 1481 112 437

94 179 256 212 dixerunt
282 179 332 212 ei:
371 177 461 213 unde
490 189 527 213 es
551 180 616 214 tu?
648 180 729 224 quia
764 179 952 214 thesauros
988 180 1206 224 antiquorum
1233 180 1479 224 imperatorum

91 245 275 286 invenisti,
303 244 418 278 Indica
445 244 546 279 nobis
576 249 610 279 et
633 245 760 279 erimus
785 246 874 279 socii
899 250 1008 280 tecum
1041 249 1075 279 et
1098 244 1288 279 celabimus
1313 249 1368 287 te,
1396 248 1480 291 quia

89 309 194 344 aliter
219 309 328 344 celari
352 321 421 344 non
445 314 558 355 potes,
607 309 768 345 Malchus
793 322 876 345 vero
901 323 968 345 non
993 311 1214 353 inveniebat,
1241 311 1322 356 quid
1348 311 1481 346 diceret

88 375 180 418 iliis,
208 385 293 421 prae
317 377 463 418 timore,
497 377 551 410 iiii
583 386 666 411 vero
700 375 858 410 videntes
892 387 967 411 eum
1003 380 1175 410 tacentem
1201 379 1309 410 misso
1337 377 1418 411 sune
1445 378 1479 410 in

86 440 179 474 collo
212 442 290 486 ejus
322 441 510 477 trahebant
542 452 607 486 per
639 442 736 475 vicos
771 451 882 486 usque
916 443 950 475 in
973 441 1123 475 medium
1154 442 1308 475 civitatis
1333 447 1368 476 et
1394 444 1480 476 exiit

85 517 204 541 rumor
227 507 272 541 ad
298 517 437 549 omneS‚
469 506 564 551 quod
591 505 730 551 quidam
751 507 895 551 juvenis
921 506 1111 541 thesauros
1135 507 1336 541 invenisset.
1385 507 1475 541 Con-

83 574 244 620 gregatis
269 583 355 618 ergo
380 571 426 606 ad
449 582 525 606 eum
548 573 723 606 universis
749 576 783 607 et
809 582 885 607 eum
909 571 1116 606 mirantibus
1145 571 1287 606 volebat
1307 574 1351 607 iis
1368 574 1476 607 satis-

84 637 220 679 facere,
255 636 349 682 quod
381 636 470 672 nihil
503 639 702 680 invenerat,
746 642 781 673 et
814 640 1096 683 circumspiciens
1128 648 1247 673 omnes
1280 648 1302 672 a
1338 640 1474 673 nemine

81 703 251 749 cognosci
273 707 414 748 poterat
439 707 473 738 et
497 704 718 749 prospiciens
747 706 782 738 in
807 706 971 750 populum
998 704 1139 739 volebat
1164 715 1382 750 cognoscere
1406 705 1473 739 ali-

81 779 181 815 quem
206 769 249 803 de
275 771 548 816 consanguineis
573 771 659 811 suis,
688 781 775 816 quos
800 771 974 806 veraciter
998 772 1116 805 vivere
1143 770 1301 815 putabat,
1336 775 1370 805 et
1395 772 1471 804 nul-

78 835 148 870 lum
180 837 361 871 inveniens
391 836 510 870 stabat
541 838 643 881 quasi
670 838 813 871 insanus
837 839 871 870 in
898 836 1011 871 medio
1030 836 1330 881 populicivitatis.
1371 837 1469 876 Quod

81 912 156 936 cum
189 901 362 936 audiisset
395 905 538 936 sanctus
572 901 745 936 Martinus
781 904 969 948 episcopus
1000 906 1034 936 et
1057 903 1245 946 Antipater
1269 903 1468 946 proconsul,

79 969 138 1013 qui
161 978 272 1012 nuper
295 969 330 1001 in
355 966 474 1002 urbem
500 967 714 1011 advenerat,
741 968 993 1003 inandzwerunt
1017 968 1172 1009 civibus,
1206 972 1243 1001 ut
1265 978 1341 1002 euin
1368 972 1469 1002 caute

77 1033 292 1068 adducerent
325 1037 360 1068 et
396 1038 585 1079 argenteos
620 1036 708 1079 ejus.
760 1034 912 1079 Cumque
946 1045 967 1068 a
1002 1035 1169 1068 ministris
1197 1033 1396 1069 traheretur
1423 1035 1466 1068 ad

77 1100 283 1141 eeclesiam,
320 1099 487 1145 putabat,
528 1100 620 1146 quod
655 1101 840 1135 duceretur
884 1100 930 1133 ad
965 1101 1220 1144 imperatorem.
1269 1099 1467 1144 Episcopus

75 1167 184 1211 igitur
217 1170 252 1200 et
282 1165 474 1210 proconsul
508 1167 673 1201 mirantes
707 1170 897 1212 argenteos
935 1167 1240 1211 interrogaverunt
1273 1177 1369 1207 euin,
1407 1168 1465 1200 ubi

73 1232 273 1267 thesaurum
298 1232 513 1277 incognitum
538 1234 742 1267 invenisset.
790 1232 836 1266 At
862 1231 922 1265 ille
949 1230 1150 1274 respondit,
1184 1241 1222 1265 se
1255 1230 1341 1265 nihii
1368 1233 1465 1276 peni-

73 1303 129 1333 tus
154 1299 351 1339 invenisse,
387 1298 450 1333 sed
486 1298 529 1333 de
564 1298 703 1332 sacculo
739 1302 919 1342 parentum
952 1307 1092 1330 snorum
1130 1297 1271 1331 eosdem
1300 1297 1466 1332 denarios

74 1363 253 1398 habuisse.
302 1362 345 1397 Et
378 1365 637 1409 interrogatus,
675 1365 773 1408 cujus
805 1365 959 1397 civitatis
986 1367 1099 1405 esset,
1137 1363 1339 1407 respondit:
1378 1363 1465 1397 bene

73 1431 167 1472 scio,
196 1428 290 1474 quod
314 1429 418 1475 hujus
446 1431 599 1464 civitatis
623 1441 710 1471 suin,
747 1431 777 1463 si
801 1433 932 1463 tantum
957 1428 1046 1462 haec
1070 1433 1124 1462 est
1156 1430 1280 1462 civitas
1305 1428 1463 1472 Epheso-

73 1506 158 1530 rum.
206 1494 399 1530 Proconsul
423 1495 530 1529 dixit:
562 1495 616 1530 sac
650 1496 768 1530 venire
800 1499 964 1539 parentes
997 1499 1098 1535 tuos,
1131 1499 1168 1528 ut
1202 1498 1375 1528 testentur
1398 1505 1462 1538 pro

69 1565 116 1596 te.
167 1561 260 1601 Quos
287 1572 361 1595 cum
386 1562 601 1595 nominasset
626 1566 660 1596 et
685 1561 799 1594 nullus
828 1571 888 1594 eos
915 1564 1167 1605 cognosceret,
1197 1560 1360 1593 dicebant
1385 1570 1460 1594 eum

71 1637 110 1662 se
146 1627 298 1672 fingere,
331 1631 369 1661 ut
400 1610 519 1672 aliquo
543 1627 645 1661 modo
670 1626 848 1661 evaderet.
895 1626 939 1660 Et
971 1628 1021 1660 ait
1044 1626 1253 1671 proconsul:
1286 1626 1461 1670 quomodo

69 1693 242 1728 credimus
276 1693 358 1735 tibi,
395 1693 489 1738 quod
522 1693 587 1727 hoc
620 1697 803 1739 argentumn
832 1696 1014 1738 parentum
1046 1697 1182 1726 tuorum
1215 1692 1341 1733 suerit,
1385 1702 1458 1725 cum

68 1760 242 1804 scriptura
266 1759 342 1804 ejus
367 1758 499 1794 habeat
522 1759 600 1803 plus
628 1769 729 1804 quani
751 1762 927 1793 trecentos
953 1751 1177 1804 septuaginta
1195 1762 1327 1802 septem
1348 1768 1459 1791 annos

68 1830 102 1861 et
131 1827 177 1861 sit
208 1827 396 1870 primorum
429 1824 562 1860 dierum
594 1824 693 1859 Decii
728 1826 950 1869 imperatoris
987 1829 1021 1859 et
1046 1826 1081 1858 in
1107 1824 1202 1858 nulio
1229 1824 1361 1857 similes
1389 1826 1458 1858 sint

65 1893 244 1938 argenteis
269 1892 432 1926 nostris?
478 1889 522 1925 Et
554 1891 728 1936 quomodo
754 1896 919 1936 parentes
951 1893 1001 1925 tui
1034 1895 1116 1925 ante
1151 1895 1284 1924 tantuin
1321 1895 1456 1934 teinpus

67 1958 224 1998 suerunt,
256 1962 294 1991 tu
324 1968 409 1992 vero
441 1958 581 2002 juvenis
607 1959 661 1991 vis
695 1957 858 2001 decipere
893 1959 1072 2002 sapientes
1108 1962 1142 1991 et
1167 1967 1271 1991 senes
1295 1956 1455 2000 Ephesi?

64 2022 198 2057 ldcirco
220 2022 354 2068 jubebo
378 2026 415 2056 te
438 2022 579 2067 legibus
612 2023 724 2064 tradi,
759 2023 871 2057 donec
906 2024 1123 2063 confitearis,
1159 2022 1242 2066 quid
1278 2023 1453 2056 invenisti.

65 2089 164 2123 Tunc
190 2088 378 2134 procidens
402 2086 562 2122 Malchus
594 2092 675 2121 ante
709 2098 770 2121 eos
805 2087 908 2121 dixit:
945 2098 1009 2131 pro
1036 2088 1129 2128 Deo,
1166 2087 1315 2127 domini,
1349 2086 1453 2120 dicite

65 2155 168 2198 mihi,
206 2153 300 2200 quod
325 2164 389 2189 vos
414 2155 610 2199 inter-roge,
640 2157 674 2187 et
702 2163 768 2198 ego
796 2152 909 2186 dicam
935 2153 1052 2194 vobis,
1090 2152 1183 2198 quod
1208 2156 1260 2187 est
1287 2153 1321 2185 in
1347 2152 1454 2186 corde

63 2233 151 2257 inco.
198 2221 325 2256 Decius
357 2221 568 2265 imperator,
601 2220 660 2264 qui
695 2219 760 2253 suit
795 2221 830 2252 in
866 2218 934 2252 hac
963 2219 1123 2260 civitate,
1160 2218 1221 2252 ubi
1255 2228 1343 2252 nune
1370 2220 1451 2252 est?

61 2288 258 2333 Episcopus
293 2286 402 2320 dixit:
433 2285 502 2328 fili,
537 2296 606 2320 non
633 2290 686 2320 est
709 2285 815 2320 hodie
843 2286 878 2319 in
901 2288 1020 2327 terra,
1055 2285 1114 2330 qui
1138 2284 1267 2319 Decius
1294 2285 1450 2317 nominaa

61 2359 139 2397 tur,
178 2355 371 2398 imperator
411 2355 525 2386 autem
568 2351 634 2386 suit
671 2355 751 2386 ante
777 2351 918 2397 longum
952 2355 1100 2395 tempus.
1148 2349 1310 2385 Malchus
1336 2353 1449 2382 autem

60 2422 168 2455 dixit:
193 2421 227 2453 in
252 2418 330 2461 hoc,
358 2417 507 2459 domine,
535 2418 585 2451 ita
603 2422 728 2462 stupeo
746 2421 780 2452 et
800 2427 900 2451 nemo
928 2415 1041 2451 credit
1060 2415 1156 2457 mihi,
1184 2414 1246 2449 sed
1265 2415 1449 2460 sequimini

61 2497 113 2522 me
146 2489 182 2522 et
219 2483 402 2520 ostendam
438 2483 540 2518 vobis
573 2484 690 2517 socios
721 2492 838 2524 meos,
874 2482 932 2526 qui
958 2484 1037 2515 sunt
1061 2482 1096 2514 in
1120 2485 1235 2515 monte
1263 2480 1379 2523 Celio,
1415 2486 1450 2515 et

59 2554 147 2597 ipsis
172 2551 315 2587 credite.
364 2549 435 2584 Hoc
461 2550 549 2584 enim
576 2550 671 2592 scio,
704 2548 797 2593 qnod
831 2557 852 2581 a
886 2547 977 2581 facie
1008 2546 1106 2580 Decii
1138 2547 1360 2591 imperatoris
1383 2557 1446 2580 nos

59 2619 211 2664 sugimus
239 2622 274 2652 et
297 2627 365 2663 ego
391 2626 471 2651 sero
499 2615 590 2657 vidi,
624 2614 716 2660 quod
752 2615 935 2660 ingressus
967 2616 1020 2647 est
1056 2612 1183 2646 Decius
1217 2613 1252 2645 in
1276 2611 1364 2645 lianc
1388 2622 1446 2645 ur-

58 2685 156 2728 bem,
190 2683 222 2718 si
246 2686 377 2718 tantum
401 2682 488 2717 haec
512 2686 566 2717 est
589 2681 713 2716 civitas
738 2678 880 2725 Ephesi.
930 2678 1029 2714 Tunc
1062 2667 1251 2724 episcopus
1286 2678 1448 2724 cogitans
