1742 3005
289 111 370 151 798
408 112 504 161 Cap.
531 108 734 146 CLXXIII.
769 107 826 143 De
849 121 880 142 s.
900 106 1126 155 Saturnino,
1163 107 1368 158 Perpetua,
1390 108 1591 145 Felicitate
1612 115 1682 146 etc.

289 217 483 251 bendentes
519 214 627 260 igitur
661 213 884 247 SaturnInum
919 213 1094 248 nolentem
1133 212 1337 248 sacrificare
1370 214 1414 248 ad
1452 214 1560 260 pedes
1586 216 1679 250 tauri

288 283 487 327 ligaverunt
516 289 662 325 eumque
691 289 766 313 cuin
793 278 942 313 stimulis
971 281 1149 324 agitantes
1175 289 1196 313 a
1222 289 1355 314 summa
1374 289 1455 314 arce
1472 291 1533 325 per
1549 281 1681 326 gradus

289 346 448 392 capitolii
487 346 807 391 praecipitaverunt
840 346 962 390 sicque
1003 346 1120 390 capite
1157 345 1337 380 confracto
1369 350 1403 380 et
1437 345 1583 380 cerebro
1621 357 1681 382 ex-

287 423 391 447 cusso
418 413 609 447 martiriinn
637 411 789 446 feliciter
814 412 1078 445 consummavit.
1127 411 1236 457 CuJus
1263 421 1391 456 corpus
1418 411 1508 446 duae
1533 412 1681 447 feminae

287 480 467 525 rapientes
506 479 540 511 in
575 476 749 522 profundo
781 477 859 511 loco
896 480 1041 521 propter
1071 481 1196 512 metum
1230 477 1411 523 gentilium
1438 477 1681 520 condiderunt,

287 545 380 591 quod
407 549 534 590 postea
558 554 785 578 successores
812 544 887 588 ejus
916 542 960 577 ad
987 543 1097 578 Iocum
1119 544 1389 578 reverentiorem
1415 543 1681 579 transtulerunt.

287 611 367 646 Fuit
395 612 486 646 alius
513 611 746 651 Saturninus,
784 620 884 655 quem
912 608 1042 644 Romae
1066 610 1266 654 praefectus
1295 609 1353 644 diu
1379 611 1413 644 in
1443 620 1583 645 carcere
1609 620 1683 644 ma-

287 683 438 713 ceratum
473 678 508 711 in
541 676 726 721 equuleum
762 676 874 710 levari
914 679 948 709 et
988 677 1126 717 nervis,
1168 675 1320 710 fustibus
1363 679 1396 710 et
1437 675 1683 721 scorpionibus

289 743 389 779 caedi
423 743 523 782 fecit,
567 741 693 776 deinde
729 740 899 775 lateribus
937 740 1074 774 adustis
1109 740 1305 785 depositum
1348 741 1391 776 ab
1430 741 1579 787 equuleo
1621 741 1682 776 de—

287 810 410 845 collari
446 808 627 853 praecepit
659 807 754 840 circa
784 816 895 840 annos
930 805 1060 839 domini
1090 805 1325 841 CCLXXXVI
1362 807 1425 841 sub
1455 808 1682 842 Maximiano.

288 876 368 911 Fuit
399 879 433 910 et
463 874 554 908 alius
589 872 796 907 Saturninus
831 871 921 916 apud
951 872 1124 913 Africam,
1161 872 1273 906 frater
1305 875 1415 907 sancti
1450 873 1586 918 Satyri,
1622 875 1679 918 qui

288 953 362 977 eum
389 940 570 986 praedicto
600 940 709 973 tratre
736 949 799 973 suo
825 942 859 973 et
883 938 1061 973 Revocato
1089 943 1122 973 et
1147 937 1328 974 Felicitate
1355 950 1479 974 sorore
1507 939 1589 973 dicti
1615 939 1684 974 Re-

291 1009 408 1043 vocati
435 1017 568 1040 necnon
595 1010 628 1040 et
654 1016 726 1039 cum
756 1005 931 1050 Perpetua
955 1015 1085 1051 genere
1111 1005 1221 1039 nobili
1247 1006 1436 1040 martirium
1462 1015 1590 1051 passus
1620 1010 1684 1047 est,

292 1084 437 1120 quorum
467 1072 587 1116 passio
614 1071 685 1105 alio
711 1076 867 1115 tempore
894 1072 1109 1115 potissimum
1139 1071 1316 1106 recolitur.
1368 1071 1449 1106 Cum
1485 1082 1571 1117 ergo
1603 1083 1686 1118 pro-

291 1139 414 1175 consul
444 1139 488 1172 iis
516 1136 682 1178 dixisset,
718 1141 755 1171 ut
787 1136 902 1181 ydolis
937 1137 1156 1172 immolarent
1189 1142 1222 1172 et
1255 1138 1306 1172 illi
1339 1138 1536 1172 nullatenus
1564 1149 1686 1173 assen-

290 1209 420 1248 tirent,
455 1205 489 1238 in
527 1212 701 1237 carcerem
736 1203 832 1236 missi
868 1207 958 1237 sunt.
1010 1203 1108 1243 Quod
1144 1203 1263 1238 videns
1298 1208 1397 1248 pater
1422 1204 1617 1249 Perpetuae
1644 1205 1687 1239 ad

292 1282 469 1308 carcerem
507 1270 594 1304 flens
633 1271 785 1303 cucurrit
822 1269 962 1304 dicens:
1007 1269 1097 1312 filia,
1139 1269 1221 1314 quid
1261 1265 1404 1304 fecisti?
1445 1269 1688 1305 dehonestasti

290 1349 403 1386 genus
424 1342 538 1378 tuum3
570 1346 742 1381 nunquam
765 1335 894 1381 aliquis
917 1335 959 1370 de
980 1346 1111 1381 genere
1131 1339 1190 1370 tuo
1210 1337 1242 1369 in
1258 1346 1434 1370 carcerem
1462 1337 1589 1370 missus
1611 1337 1686 1371 fuit.

294 1406 379 1441 Cum
405 1408 519 1438 autem
545 1401 760 1444 audivisset,
794 1402 887 1447 quod
923 1401 1117 1437 christiana
1149 1406 1262 1443 essct,
1299 1403 1333 1436 in
1359 1411 1432 1436 eam
1459 1412 1531 1436 cum
1558 1404 1688 1447 impetu

297 1472 419 1517 digitis
452 1470 553 1504 irruit
588 1470 621 1503 in
658 1468 780 1503 oculos
814 1473 848 1503 et
882 1469 914 1503 ei
950 1469 1071 1504 oculos
1105 1479 1228 1504 eruere
1263 1467 1374 1502 voluit
1415 1472 1449 1502 et
1473 1468 1689 1503 -exclamans

292 1547 461 1584 egressus
503 1540 566 1570 est.
616 1534 713 1570 Vidit
752 1539 866 1570 autem
909 1535 1015 1571 beata
1046 1535 1221 1581 Perpetua
1262 1533 1466 1580 hujusmodi
1506 1535 1688 1576 visionem,

294 1614 396 1649 quam
425 1603 459 1636 in
487 1603 641 1636 crastino
667 1604 776 1637 sociis
804 1604 984 1637 enarravit
1010 1602 1147 1637 dicens:
1173 1602 1241 1636 vidi
1269 1602 1399 1636 scalam
1426 1610 1565 1636 auream
1585 1602 1687 1635 mira-

294 1670 357 1704 bili
387 1669 572 1703 altitudine
599 1679 709 1714 usque
735 1668 779 1703 ad
808 1669 940 1703 coelum
969 1673 1140 1711 erectam,
1178 1679 1269 1714 quae
1302 1668 1392 1703 adeo
1425 1670 1575 1713 angusta
1602 1670 1689 1708 erat,

292 1740 329 1771 ut
367 1735 508 1770 nonnisi
544 1745 632 1769 unus
666 1739 699 1769 et
732 1745 860 1779 parvus
895 1734 1114 1769 adscendere
1140 1739 1272 1779 posset.
1322 1734 1358 1769 In
1384 1735 1509 1769 dextra
1542 1744 1624 1768 vero
1656 1737 1690 1768 et

293 1803 395 1837 laeva
426 1806 525 1836 erant
549 1802 606 1834 fixi
633 1801 735 1835 cultri
763 1805 796 1835 et
823 1801 934 1846 gladii
963 1801 1068 1836 ferrei
1095 1800 1204 1834 limati
1231 1805 1264 1835 et
1290 1803 1448 1841 exacuti,
1486 1801 1534 1833 ita
1567 1803 1603 1834 ut
1627 1798 1689 1833 ad-

297 1868 468 1902 scendens
494 1869 589 1900 circa
614 1866 668 1901 vel
696 1866 786 1900 infra
813 1877 851 1900 se
876 1866 1074 1900 nullatenus
1102 1868 1281 1910 respicere
1303 1871 1436 1910 posset,
1463 1865 1526 1900 sed
1553 1875 1691 1909 semper

298 1933 342 1967 ad
371 1933 504 1967 coelum
532 1942 607 1966 eum
635 1936 785 1966 erectum
812 1935 907 1965 stare
933 1930 1131 1975 oportebat.
1182 1929 1251 1964 Sub
1286 1940 1327 1964 ea
1359 1930 1464 1964 draco
1490 1932 1690 1965 teterrimus

298 2004 332 2033 et
358 2000 511 2044 ingentis
541 1998 673 2031 formae
695 1997 840 2042 jacebat
868 2001 901 2031 et
926 2006 1010 2041 prae
1036 1998 1160 2030 timore
1194 1996 1342 2040 quilibet
1374 1996 1590 2031 adscendere
1617 1996 1689 2029 sor-

290 2063 457 2098 niidabat.
507 2063 605 2097 Vidit
628 2064 731 2097 etiam
753 2063 912 2107 Satyrum
941 2073 1004 2106 per
1029 2072 1104 2096 eain
1131 2061 1398 2096 adscendentem
1424 2072 1535 2107 usque
1553 2072 1689 2096 sursum

290 2135 324 2165 et
358 2130 603 2174 respicientem
643 2128 686 2163 ad
722 2139 786 2163 nos
813 2133 847 2164 et
878 2127 1070 2162 dicentem:
1103 2138 1145 2162 ne
1181 2128 1335 2162 timeatis
1368 2126 1460 2162 bunc
1492 2127 1689 2169 draconem,

291 2196 353 2231 sed
388 2197 504 2230 securi
542 2194 767 2237 adscendite,
808 2199 845 2229 ut
884 2204 1013 2229 mecum
1054 2204 1134 2229 esse
1171 2195 1331 2239 possitis.
1380 2193 1472 2228 Haec
1505 2192 1689 2228 audientes

291 2272 410 2296 omnes
437 2262 573 2307 gratias
600 2265 767 2307 egerunt,
801 2262 883 2307 quia
907 2270 946 2295 se
975 2264 1119 2294 vocatos
1146 2259 1190 2294 ad
1217 2261 1409 2295 martirium
1436 2263 1688 2304 cognoverunt.

294 2328 515 2363 Praesentati
554 2329 663 2373 igitur
691 2327 805 2372 Judici
838 2338 911 2362 cum
948 2325 1146 2361 sacrificare
1172 2326 1326 2368 nollent,
1360 2326 1442 2361 fecit
1467 2325 1689 2360 Saturninum

294 2405 371 2429 cum
398 2394 480 2428 aliis
506 2395 591 2428 viris
618 2403 638 2427 a
663 2393 867 2428 mulieribus
895 2394 1056 2438 separari
1083 2396 1117 2427 et
1145 2392 1234 2426 dixit
1257 2391 1452 2426 Felicitati:
1489 2390 1601 2426 babes
1635 2391 1687 2424 vi-

293 2462 396 2496 rum?
444 2459 485 2495 Et
509 2460 591 2495 illa:
620 2460 750 2503 babeo,
777 2460 840 2495 sed
862 2463 1055 2494 contemno.
1099 2458 1163 2493 Cui
1182 2458 1258 2493 ille:
1285 2459 1451 2493 miserere
1470 2459 1533 2500 tui,
1560 2455 1686 2502 puella,

291 2531 329 2561 ut
356 2529 477 2569 vivas,
515 2528 662 2562 maxime
688 2528 770 2570 jcuin
804 2526 969 2560 infantem
1005 2527 1038 2559 in
1073 2529 1173 2560 utero
1208 2523 1356 2561 babeas.
1404 2524 1459 2559 Ad
1493 2532 1590 2568 quem
1618 2523 1685 2555 ait:

294 2592 349 2625 sac
379 2592 421 2628 de
448 2604 520 2635 ine,
557 2592 726 2638 quidquid
760 2594 832 2633 vis,
868 2593 950 2637 quia
981 2591 1024 2625 ad
1057 2595 1150 2624 tuam
1187 2590 1398 2625 voluntatem
1435 2596 1605 2632 nunquam
1633 2598 1685 2622 nie

294 2658 433 2694 trabere
468 2659 615 2696 valebis.
664 2658 832 2693 Parentes
866 2661 977 2692 autem
1014 2656 1141 2691 beatae
1175 2655 1370 2701 Perpetuae
1408 2663 1482 2688 cum
1516 2653 1589 2687 viro
1624 2663 1682 2688 ac-

297 2729 475 2759 currentes
514 2726 679 2759 insaniem
716 2724 895 2768 parvulum
929 2723 1056 2758 beatae
1088 2722 1300 2766 Perpetuae,
1337 2720 1396 2764 qui
1429 2718 1540 2752 adbuc
1575 2718 1684 2753 Iacta-
