1742 3005
391 97 489 148 Cap.
521 96 695 136 CLXIX.
764 98 820 137 De
852 107 982 137 sancta
1013 100 1191 137 Caecilia.
1406 101 1483 140 771

97 201 273 245 visitaret,
307 206 342 237 et
373 212 449 237 eum
482 203 579 239 loeus
617 206 694 251 ejiis
730 215 751 239 a
775 206 905 241 tumulo
932 207 1061 239 tantum
1086 215 1148 250 per
1175 204 1292 239 decem
1320 204 1486 240 milliaria

95 265 264 309 distaret,
298 269 357 302 vix
388 270 423 303 in
456 272 536 303 octo
571 268 695 304 diebus
729 272 843 315 potuit
876 271 1072 316 pervenire.
1121 270 1202 305 Cum
1238 281 1320 306 vero
1355 271 1485 307 ibidem

93 342 158 377 per
183 336 334 378 quatuor
359 335 575 378 septimanas
602 336 790 370 mansisset
817 340 852 371 et
878 336 1005 370 nullum
1034 336 1221 371 remedium
1248 338 1486 381 impetrasset,

93 397 229 432 domuin
256 398 415 442 redibat,
452 410 598 445 euinque
625 401 658 434 in
684 401 761 435 loco
798 400 947 446 quodam
969 402 1072 444 juxta
1097 401 1202 435 alium
1229 401 1396 436 infirmum
1421 402 1484 438 de-

92 464 257 498 cumbens
283 466 500 510 quiesceret,
536 466 622 500 vidit
655 466 689 499 in
722 467 853 499 somnis
888 465 1057 510 quendam
1097 465 1141 499 ad
1167 475 1205 500 se
1231 468 1422 502 venientem
1450 473 1485 503 et

92 538 185 575 aqua
219 530 378 564 totaliter
408 530 688 575 perfundentem.
737 530 802 570 Qui
839 530 1013 576 evigilans
1052 534 1174 565 contra
1207 533 1338 565 socium
1373 534 1483 567 iratus

91 596 161 630 ait:
187 605 293 640 quare
320 605 372 629 me
398 605 491 640 aqua
516 595 673 630 totaliter
701 595 917 640 perfudisti?
966 596 1030 635 Qui
1056 597 1127 631 ait:
1154 607 1221 642 ego
1247 600 1281 631 te
1308 608 1376 631 non
1402 608 1484 643 per-

92 660 183 701 fudi,
216 659 279 694 sed
313 660 437 703 credo,
474 660 566 706 quod
605 660 666 695 illa
698 660 856 706 perfusio
891 662 957 696 erit
990 661 1056 695 tibi
1094 672 1201 697 causa
1236 662 1372 697 salutis.
1421 662 1485 698 Ille

89 726 197 771 igitur
234 735 384 771 surgens
435 730 468 760 et
506 736 546 760 se
588 731 746 760 sanatum
786 726 944 762 totaliter
980 728 1160 763 inveniens
1194 728 1342 762 baculos
1378 738 1486 773 super

89 790 265 825 humerum
295 792 414 836 posuit
439 795 472 826 et
497 790 540 825 ad
568 791 732 825 tumulum
758 796 904 827 sanctae
926 791 1113 828 Elizabetli
1133 793 1273 829 rediens
1296 797 1330 829 et
1345 796 1482 841 gratias

87 867 199 891 meus
226 856 340 892 laetus
368 856 412 890 ad
439 858 582 902 propria
609 858 787 892 remeavit.

515 1111 642 1174 GAP.
677 1111 855 1174 cmx.
893 1111 1049 1176 (164.)

353 1214 461 1258 De
525 1214 796 1258 saneta
851 1211 1204 1258 caecilia.

176 1320 331 1356 Caecilia
361 1322 465 1367 quasi
503 1321 593 1356 coeli
626 1322 702 1356 lilia
733 1322 785 1357 cel
820 1324 936 1357 caecis
973 1324 1029 1357 via
1063 1323 1115 1357 vel
1150 1333 1171 1357 a
1204 1322 1304 1358 coelo
1339 1326 1373 1358 et
1406 1324 1472 1369 lya.

84 1384 150 1421 Vel
176 1386 332 1421 Caecilia
357 1388 458 1431 quasi
491 1388 661 1422 caecitate
691 1398 827 1422 carens.
876 1388 941 1423 Vel
975 1388 1102 1423 dicitur
1133 1398 1153 1423 a
1185 1389 1284 1424 coelo
1318 1393 1352 1424 et
1385 1390 1473 1432 leos,

84 1450 179 1496 quod
205 1456 259 1486 est
284 1452 445 1497 populus.
494 1451 573 1486 Fuit
599 1454 688 1488 enim
714 1445 869 1488 coeleste
896 1453 1002 1488 lilium
1030 1465 1092 1499 per
1118 1456 1332 1500 virginitatis
1359 1455 1472 1500 pudo-

83 1527 174 1559 rem;
200 1516 254 1551 vel
282 1516 410 1551 dicitur
435 1518 562 1561 lilium,
597 1520 679 1563 quia
705 1519 827 1554 babuit
864 1521 1049 1555 candorem
1080 1520 1289 1562 munditiae,
1322 1522 1471 1556 virorem

81 1584 330 1625 conscientiae,
350 1583 491 1617 odorem
512 1583 626 1618 bonae
646 1584 769 1620 famae.
819 1584 897 1620 Fuit
916 1587 1003 1620 enim
1027 1587 1140 1621 caecis
1162 1587 1218 1620 via
1243 1597 1306 1631 per
1321 1587 1471 1631 exempli

80 1649 372 1691 informationem,
402 1648 534 1684 coelum
557 1650 752 1696 pei-jugem
767 1651 1109 1696 contemplationem,
1136 1652 1191 1697 lya
1210 1663 1273 1696 per
1291 1651 1470 1687 assiduam

80 1716 331 1759 operationem.
379 1714 444 1750 Vel
470 1713 597 1749 dicitur
625 1715 777 1758 eoelum,
805 1718 907 1762 quia,
936 1718 1027 1752 sicut
1053 1717 1138 1752 dicit
1165 1717 1352 1759 Ysidorus,
1387 1728 1470 1753 coe-

79 1780 146 1814 lum
175 1780 378 1825 philosophi
414 1780 587 1823 volubile,
621 1782 804 1816 rotundum
842 1787 877 1817 et
909 1785 1036 1819 ardens
1072 1794 1151 1818 esse
1186 1783 1360 1818 dixerunt.
1409 1784 1469 1818 Sie

79 1849 114 1879 et
139 1846 217 1890 ipsa
242 1845 307 1880 fuit
334 1845 497 1881 volubilis
522 1857 586 1891 per
610 1849 850 1892 operationem
877 1849 1082 1891 sollicitam,
1120 1848 1271 1883 rotunda
1298 1860 1361 1894 per
1388 1861 1468 1895 per-

79 1913 324 1953 severantiam,
351 1911 478 1947 ardens
505 1923 568 1957 per
593 1915 774 1949 caritatem
802 1925 1026 1956 succensan1;
1054 1914 1119 1949 fuit
1146 1917 1316 1950 caecitate
1342 1926 1467 1951 carens

79 1986 142 2020 per
176 1978 371 2021 sapientiae
403 1977 646 2022 splendorem,
685 1979 749 2013 fuit
783 1984 818 2015 et
856 1981 990 2015 coelum
1024 1981 1163 2026 populi,
1203 1982 1286 2027 quia
1319 1982 1353 2015 in
1387 1983 1468 2027 ipsa

76 2045 251 2086 tamquam
283 2043 316 2076 in
351 2043 451 2077 coelo
486 2045 662 2088 spirituali
696 2045 846 2089 populus
880 2045 925 2080 ad
957 2046 1159 2080 imitandum
1194 2048 1348 2081 intuetur
1382 2057 1465 2081 coe-

78 2106 167 2148 lum,
201 2105 331 2149 solem,
365 2106 479 2141 lunam
513 2111 547 2142 et
578 2109 723 2151 stellas,
757 2110 793 2143 id
827 2114 881 2145 est
913 2112 1111 2155 sapientiae
1145 2112 1464 2155 perspicacitatem,

77 2171 156 2206 fidei
182 2174 502 2218 magnanimitatem
528 2177 562 2208 et
587 2175 746 2209 virtutum
777 2176 996 2211 varietatem.

168 2237 324 2272 Caecilia
367 2239 468 2284 virgo
511 2239 795 2283 praeclarissima
835 2252 878 2276 ex
917 2241 1027 2276 nobili
1066 2241 1296 2276 Romanorum
1332 2252 1464 2289 genere

78 2306 201 2338 exorta
235 2306 269 2338 et
300 2303 344 2337 ab
380 2305 469 2348 ipsis
502 2305 675 2340 cunabilis
710 2307 744 2340 in
776 2306 844 2342 fide
881 2307 1015 2342 Christi
1054 2309 1185 2342 nutrita
1220 2307 1464 2343 absconditum

78 2378 217 2412 semper
241 2369 460 2415 evangelium
487 2369 617 2405 Christi
642 2372 791 2418 gerebat
816 2374 850 2408 in
876 2377 1018 2418 pectore
1052 2377 1086 2408 et
1109 2384 1177 2407 non
1203 2373 1327 2407 dicbus
1351 2384 1464 2419 neque

77 2433 238 2467 noctibus
263 2442 285 2466 a
308 2433 494 2479 colloquiis
520 2435 648 2472 divinis
674 2442 708 2472 et
733 2440 893 2474 oratione
921 2439 1085 2475 cessabat
1118 2449 1285 2484 suamque
1317 2440 1465 2486 virgini-

77 2501 183 2532 tatem
215 2500 417 2533 conservari
451 2510 473 2534 a
505 2501 643 2536 domino
678 2504 858 2538 exorabat.
909 2504 991 2539 Cum
1028 2509 1143 2540 autem
1169 2504 1306 2538 cuidam
1327 2505 1462 2549 Juveni‚

79 2564 216 2598 nomine
227 2563 429 2607 Valeriano,
451 2565 668 2611 desponsata
685 2567 810 2604 fuisset
828 2572 862 2603 et
881 2569 956 2604 dies
967 2570 1336 2614 nuptiaruminstituta
1353 2575 1461 2613 esset,

78 2626 141 2662 illa
165 2627 290 2663 subtus
315 2629 360 2664 ad
384 2640 522 2666 earnem
546 2631 660 2666 cilicio
686 2637 762 2667 erat
787 2633 908 2668 induta
928 2638 962 2669 et
982 2633 1134 2679 desuper
1155 2634 1333 2671 deauratis
1355 2637 1463 2672 vesti-

79 2692 143 2727 bus
178 2694 365 2741 tegebatur
400 2700 434 2731 et
470 2696 691 2732 cantantibus
726 2700 870 2744 organis
905 2699 966 2734 illa
1001 2701 1036 2734 iu
1073 2698 1180 2733 corde
1220 2700 1287 2734 soli
1313 2692 1461 2736 'domino

1105 2764 1182 2798 49*
