1742 3005
281 90 364 131 834
502 91 597 136 Cap.
632 83 838 122 CLXXXL
895 84 954 120 De
983 90 1114 119 sancto
1145 82 1299 132 Pelagio
1332 95 1445 134 papa.

282 204 320 228 se
364 192 614 226 existimarent.
686 186 772 232 Ejus
813 195 940 230 corpus
977 195 1050 219 cum
1102 184 1291 220 devotione
1339 197 1495 232 congrua
1542 185 1670 220 colitur

280 257 372 302 apud
404 255 562 290 Jannam.
618 253 684 288 Per
726 253 816 288 idem
859 257 1017 296 tempus,
1059 251 1195 285 scilieet
1234 252 1328 285 circa
1372 261 1496 286 annum
1540 253 1670 287 domini

280 324 365 358 DCC
399 319 606 356 Rachordns
653 330 714 354 rex
756 319 962 360 Primnum,
1003 328 1077 352 cum
1120 318 1295 362 baptizari
1341 318 1487 352 deberet
1525 325 1559 353 et
1596 319 1668 363 Jam

279 399 382 424 unum
415 386 538 432 pedem
572 388 607 420 in
654 386 796 420 lavaero
832 386 1054 425 intinxisset,
1101 383 1246 418 alterum
1292 384 1475 418 retrahens
1519 385 1667 418 interro-

280 456 396 501 gavit,
439 452 579 486 ubinam
614 453 732 497 plures
768 453 937 496 majorum
975 460 1114 484 suornm
1151 454 1289 492 essent,
1322 451 1355 484 in
1390 450 1525 484 inferno
1558 460 1601 484 an
1635 451 1669 484 in

279 520 468 567 paradiso,
515 523 549 553 ct
590 517 738 552 audiens
772 518 890 563 plures
926 526 1005 551 esse
1046 517 1078 549 in
1123 516 1282 558 inferno,
1327 517 1506 550 intinctum
1546 515 1669 560 pedem

281 586 484 622 retrahens:
517 586 672 618 sanetius
707 588 780 622 est,
814 585 945 628 inquit,
982 582 1100 627 plures
1137 592 1235 627 quam
1264 583 1448 627 pauciores
1475 583 1596 627 sequi,
1637 586 1670 616 et

281 656 331 687 ita
358 651 553 686 luditicatus
580 660 600 683 a
626 650 793 684 daemone
821 651 1065 693 promittente,
1098 648 1189 693 qnod
1225 650 1330 681 tertia
1363 648 1420 682 dic
1455 647 1584 682 abhinc
1619 649 1670 681 in-

281 716 535 762 comparabilia
568 715 660 748 bona
688 715 757 748 sibi
789 714 906 754 daret,
950 715 1026 757 ipse
1060 719 1184 758 quarta
1221 714 1277 748 die
1311 714 1428 748 subita
1463 718 1496 748 et
1528 718 1671 747 aeterna

280 788 389 819 morte
411 782 527 827 periit.
575 779 611 814 In
631 780 819 824 Campania
838 779 960 813 Italiae
982 779 1184 812 frumentum
1205 784 1239 813 et
1253 779 1419 814 hordeum
1443 784 1476 814 et
1494 780 1671 825 legumina

280 853 391 884 instar
420 847 560 892 pluviae
585 846 628 880 de
655 846 755 880 eoelo
782 845 954 880 eccidisse
980 844 1143 879 refertur.
1193 844 1259 879 Per
1290 844 1378 879 idem
1410 850 1565 889 tempuS‚
1600 847 1668 879 sci-

279 917 364 950 licet
386 915 481 948 cirea
505 922 627 946 annum
656 911 784 945 domini
812 910 985 951 DCCXL,
1021 922 1094 945 enni
1132 920 1259 955 corpus
1286 913 1395 944 saneti
1421 910 1599 945 Benedicti
1627 911 1670 945 de

280 985 396 1016 monte
416 979 563 1013 Cassino
592 976 635 1011 ad
663 979 908 1011 monasterinm
925 976 1152 1011 Floriaeense
1182 981 1215 1011 et
1239 987 1365 1021 eorpus
1393 981 1535 1011 sanetae
1556 976 1668 1010 Sebo-

279 1048 424 1082 lastieae
450 1045 585 1077 sororis
612 1044 688 1088 ejus
715 1042 806 1087 apud
840 1042 1051 1077 Ceronianas
1085 1042 1209 1076 suisset
1251 1042 1476 1083 translatum,
1521 1042 1668 1077 Carolus

278 1110 467 1148 monachus
496 1109 720 1142 Cassineusis
745 1118 871 1152 eorpus
899 1110 1011 1142 saneti
1036 1107 1216 1142 Benedicti
1244 1108 1286 1141 ad
1313 1113 1463 1142 castrum
1486 1111 1667 1143 Cassinum

277 1176 471 1213 transferre
503 1173 666 1215 volebat,
705 1173 766 1208 sed
803 1174 979 1207 miraculis
1014 1183 1035 1207 a
1072 1173 1143 1208 Deo
1180 1176 1332 1208 ostensis
1369 1179 1402 1208 et
1436 1174 1581 1208 Francis
1610 1186 1666 1210 re-

277 1241 483 1280 sistentibus
519 1239 716 1284 prohibitns
751 1239 825 1273 suit.
875 1238 925 1273 Eo
957 1244 1114 1284 tempore
1145 1241 1239 1273 circa
1272 1250 1395 1274 annum
1431 1240 1560 1274 domini
1586 1251 1667 1285 sep-

276 1308 557 1355 tingentesimum
603 1305 910 1352 ‹piadragesimnm
950 1310 1067 1340 terrae
1109 1310 1221 1339 motus
1261 1315 1407 1350 magnus
1452 1306 1562 1340 sactus
1600 1311 1665 1349 est,

278 1386 347 1422 quo
381 1373 487 1408 urbes
525 1372 616 1406 aliae
652 1376 732 1406 sunt
767 1372 979 1412 subversae,
1023 1371 1115 1405 aliae
1157 1380 1178 1404 a
1218 1373 1389 1405 montanis
1428 1372 1472 1406 ad
1506 1373 1667 1417 δώματι

278 1440 489 1486 campestria.
512 1448 586 1472 eum
612 1439 718 1472 muris
751 1442 785 1472 et
806 1437 1069 1471 habitatoribus
1104 1438 1178 1471 suis
1211 1439 1347 1482 integre
1381 1441 1415 1471 et
1447 1438 1545 1472 salve
1577 1438 1668 1472 ultra.

276 1518 339 1543 sex
376 1505 540 1539 milliaria
571 1506 888 1549 transmigrarunt,
931 1507 968 1537 nt
1000 1503 1138 1538 dieitur.
1190 1502 1325 1548 Corpus
1362 1507 1506 1538 sanetae
1543 1503 1666 1538 Petro-

275 1572 390 1608 nellae
416 1571 511 1605 Petri
536 1571 687 1615 apostoli
717 1570 809 1604 tiliae
836 1569 1061 1611 transfertur,
1089 1571 1122 1603 in
1143 1570 1243 1614 cnjus
1265 1569 1452 1614 sepulchro
1474 1580 1665 1605 marmoreo

274 1639 386 1684 ipsius
412 1636 505 1671 Petri
531 1646 631 1670 mann
657 1637 823 1680 seriptum
856 1635 1058 1680 legebatur:
1085 1646 1213 1670 aureae
1233 1635 1453 1670 Petronellae
1474 1636 1661 1670 dilectissi-

275 1714 352 1739 mae
381 1703 485 1736 filiae.
534 1701 626 1736 Haec
651 1703 701 1735 ait
729 1700 949 1746 Sigebertus.
997 1700 1049 1735 Eo
1081 1706 1237 1746 tempore
1264 1701 1362 1746 Tyrii
1389 1688 1584 1736 Armeniam
1612 1703 1662 1735 in-

275 1771 427 1809 festant,
470 1768 503 1801 in
545 1778 687 1812 quorum
733 1769 848 1811 patria
891 1776 964 1801 cum
1007 1767 1088 1800 olim
1132 1768 1335 1811 pestilentia
1371 1767 1516 1809 suisset,
1556 1778 1663 1802 suasu

274 1835 542 1869 christianornm
569 1835 602 1866 in
628 1833 763 1867 moduni
790 1834 901 1866 cruris
928 1843 993 1866 sna
1017 1834 1137 1876 capita
1162 1832 1404 1873 totonderunt,
1431 1837 1465 1866 et
1492 1834 1574 1878 quia
1601 1844 1663 1877 per

272 1900 340 1934 hoc
374 1901 510 1944 signum
546 1898 642 1931 salus
675 1897 814 1932 reddita
845 1901 919 1936 est,
963 1897 1052 1931 bunc
1088 1897 1254 1931 tondendi
1300 1899 1514 1931 retinuerunt
1547 1900 1659 1932 ritum.

270 1966 395 2010 Pipino
432 1963 570 1997 tandem
613 1967 693 2007 post
731 1963 855 1997 multos
891 1963 1086 2007 triumphos
1122 1963 1286 1996 del'uneto
1325 1963 1472 1996 Carolus
1507 1963 1658 2009 Magnus

271 2033 347 2075 eJns
384 2029 473 2062 lilius
507 2027 618 2062 eidem
656 2029 687 2060 in
715 2038 858 2073 regnum
890 2030 1079 2069 suecessit,
1115 2029 1214 2072 cujus
1249 2033 1406 2072 tempore
1439 2030 1471 2062 in
1504 2028 1659 2063 Romana

270 2095 354 2130 sede
383 2093 559 2128 Adrianus
586 2093 744 2138 pontifex
773 2093 1021 2137 praesidebat,
1056 2095 1114 2138 qui
1152 2093 1194 2127 ad
1230 2093 1388 2128 Carolum
1415 2093 1579 2139 Magnum
1606 2094 1658 2130 le-

269 2165 372 2207 gatos
416 2161 508 2193 misit
554 2158 737 2203 postulans
780 2158 822 2192 ab
856 2169 896 2193 eo
930 2159 1096 2192 auxilinm
1130 2164 1252 2193 eontra
1286 2159 1506 2194 Desiderium
1538 2171 1655 2206 regem

267 2224 603 2270 Longobardormn,
643 2225 701 2269 qni
735 2235 830 2258 more
864 2225 974 2268 patris
1010 2225 1065 2258 sui
1100 2225 1282 2270 Arstulplii
1317 2226 1500 2260 eeclesiam
1545 2226 1655 2271 pluri-

267 2302 354 2325 mum
382 2289 582 2324 infestabat.
633 2290 696 2324 Cui
724 2289 872 2323 Carolus
898 2289 1067 2324 obediens
1103 2301 1229 2334 ntagno
1257 2296 1475 2337 congregato
1500 2294 1654 2327 exercitu

267 2367 331 2401 per
358 2360 503 2390 montem
532 2355 703 2389 Senisinm
740 2354 873 2389 ltaliam
906 2357 1049 2389 intravit
1085 2360 1118 2390 et
1144 2355 1286 2401 Papiam
1319 2359 1490 2392 civitatem
1519 2360 1652 2404 regiam

267 2426 428 2466 potenter
469 2420 611 2455 obsedit
645 2425 678 2455 et
711 2420 759 2453 ibi
790 2420 1008 2455 Desiderium
1042 2424 1184 2465 capiens
1221 2432 1294 2456 enm
1330 2434 1458 2464 uxore,
1503 2424 1582 2459 liliis
1618 2428 1652 2459 et

265 2486 482 2531 principibus
513 2486 556 2520 ad
590 2485 724 2520 Gallias
760 2488 792 2520 in
827 2486 984 2520 exsilium
1017 2488 1110 2520 misit
1142 2493 1176 2522 et
1207 2489 1323 2522 omnia
1348 2489 1431 2533 jura
1466 2490 1648 2531 ecelesiae,

264 2562 353 2594 qnae
374 2551 602 2596 Longobardi
630 2551 861 2592 abstulerant,
887 2551 954 2585 sibi
982 2554 1144 2586 restitnit.
1196 2552 1304 2587 Erant
1328 2558 1409 2587 tune
1436 2556 1468 2587 in
1493 2555 1648 2589 exercitu

262 2616 378 2649 Caroli
405 2617 546 2651 Amicus
572 2619 606 2651 et
630 2617 784 2651 Amulius
810 2618 1042 2651 strenuissimi
1070 2618 1196 2652 milites
1223 2618 1370 2659 Christi,
1398 2629 1540 2663 quornm
1570 2621 1645 2655 miri

258 2683 355 2714 actus
391 2680 570 2725 leguntur,
615 2683 672 2728 qui
709 2681 802 2727 apud
840 2681 1065 2726 Mertai-iam,
1111 2684 1168 2717 ubi
1203 2683 1459 2729 Longobardos
1495 2684 1642 2720 Carolus
