1742 3005
148 76 241 123 Cap.
276 71 411 109 cxlx.
460 70 518 107 De
551 69 782 106 assumtione
814 76 966 107 sanctae
996 69 1141 107 Mariae
1173 71 1336 120 virginis.
1396 71 1477 110 519

89 178 285 224 granonem
310 177 570 215 annuntiasset,
608 174 667 210 ille
702 176 735 209 in
768 180 863 210 terra
897 178 1094 220 prostratus
1129 185 1203 209 cum
1227 175 1380 211 laci-linis
1403 178 1475 211 cla-

89 241 333 288 1nabatt.quid
359 251 475 275 sumus
503 251 584 282 nos,
621 240 777 283 domine,
812 243 972 286 quoniam
1002 252 1109 286 super
1133 251 1196 275 nos
1220 245 1338 275 tantas
1362 242 1475 277 tribu-

87 307 416 343 lationesinducis‘?
446 308 481 350 ¹)
494 306 536 340 ad
552 305 633 351 quid
647 308 762 350 potius
775 306 976 350 decerpere
987 318 1038 341 me
1051 317 1117 340 non
1133 306 1297 349 eduxisti,
1318 312 1353 342 ut
1363 310 1476 353 magis

91 373 286 418 ²)sepultus
307 374 450 407 fuissem
471 382 491 406 a
510 372 637 406 domiui
655 374 718 406 mei
742 376 863 412 matre,
892 381 991 416 quam
1012 372 1088 416 ejus
1108 371 1218 405 funeri
1244 374 1478 407 interessem?

88 439 194 480 Quem
224 441 324 485 virgo
349 440 487 474 flentem
514 440 547 470 in
572 436 756 470 thalamum
790 436 1012 470 introducens
1039 436 1186 480 palmam
1210 441 1244 471 et
1271 439 1477 472 vestimenta

87 505 242 540 ostendit
259 510 293 540 et
311 508 392 549 post
415 504 482 538 hoc
506 502 574 536 sihi
601 503 632 534 in
660 501 748 535 lecto
774 502 817 535 ad
845 501 1058 546 sepulturam
1085 505 1196 535 strato
1225 504 1408 547 requievit.
1434 502 1477 537 Et

88 582 166 606 ecce
193 570 427 606 validissimus
451 568 597 602 tornitrui
623 577 730 600 sonus
756 565 914 607 auditur,
941 566 1042 600 turbo
1069 569 1169 611 quasi
1194 567 1304 602 nubes
1327 567 1477 602 candida.

86 640 276 683 generatur
310 639 345 670 et
378 632 532 678 apostoli
568 637 648 667 ante
677 633 820 677 J‘anuam
853 632 974 666 donnus
1001 633 1148 678 virginis
1176 634 1290 667 instar
1315 633 1473 667 imbrium

85 702 315 737 collocantur.
364 700 431 740 Qut
463 709 537 733 cum
574 698 617 732 de
649 697 716 732 hoc
750 697 933 742 plurimum
969 699 1195 739 mirarentur,
1225 698 1403 734 Johannes
1429 700 1472 733 ad

85 777 144 803 eos
168 766 402 813 progrediens
428 764 581 805 revelat,
613 773 702 808 quae
727 763 854 798 beatae
881 765 1006 809 virgini
1034 775 1097 808 per
1123 765 1284 810 angelum
1316 767 1474 799 mmtiata

84 838 194 869 erant.
243 832 408 873 Quicum
434 840 553 865 omnes
581 829 724 870 flerent,
758 827 937 863 Johannes
972 840 1032 863 cos
1066 830 1268 864 consolatus
1302 834 1364 864 est¹
1405 831 1471 866 lle-

83 900 190 934 tersis
219 899 327 944 igitur
351 898 513 942 lacrymis
540 896 747 929 introierunt
772 898 806 928 et
833 895 969 928 beatam
993 896 1163 940 virginem
1189 901 1391 930 reverenter
1415 907 1473 930 sa-

84 966 235 1000 lutantes
256 973 331 999 eam
352 962 596 997 adoraverunt.
632 959 767 994 Etilla:
793 964 905 1001 avete,
939 959 1000 993 tilii
1015 962 1186 1006 unigeniti
1208 963 1284 995 mei.
1332 961 1373 996 Et
1395 962 1472 996 dum

84 1030 218 1065 modum
244 1029 414 1063 adventus
438 1037 555 1062 eorum
580 1027 624 1061 ab
653 1026 696 1059 iis
723 1025 929 1068 audivisset,
963 1026 1023 1060 illa
1050 1028 1092 1060 iis
1120 1028 1234 1061 omnia
1261 1028 1472 1063 nuuiisestat.

84 1097 148 1131 Cui
182 1094 356 1140 apostoli:
389 1094 423 1127 in
456 1098 513 1134 te,
553 1091 783 1127 celeberrima
815 1092 935 1136 virgo,
968 1094 1068 1137 quasi
1105 1094 1215 1138 ipsum
1242 1092 1414 1127 dominum
1437 1099 1471 1128 et

83 1162 287 1208 magistrum
312 1163 467 1194 nostrum
494 1158 732 1202 adspicientes
759 1157 1047 1199 consolabamur,
1082 1158 1150 1192 hoc
1183 1158 1293 1192 solum
1322 1160 1472 1205 refrige-

84 1229 169 1263 rium
193 1225 382 1267 habemus,
421 1224 513 1271 quod
549 1229 583 1259 te
617 1223 852 1258 mediatricem
887 1223 978 1268 apud
1005 1223 1111 1258 Deum
1140 1235 1204 1258 nos
1235 1225 1365 1259 habere
1391 1236 1472 1270 spe-

83 1304 210 1329 ramus.
268 1292 365 1332 Quae
405 1301 478 1326 cum
520 1289 664 1325 Paulum
709 1291 909 1323 nominatim
955 1289 1168 1332 salutasset,
1209 1290 1267 1325 ille
1300 1292 1368 1325 ait:
1408 1302 1472 1325 ave

85 1359 338 1405 ³)imperatrix
379 1358 445 1391 mei
481 1356 683 1398 solaminis,
726 1355 808 1389 licet
839 1357 927 1390 enim
966 1357 999 1389 in
1042 1366 1145 1390 earne
1186 1355 1359 1390 Christum
1403 1368 1471 1391 non

82 1425 250 1466 viderim,
303 1433 378 1457 eum
428 1426 544 1456 tamen
585 1425 620 1456 te
655 1423 688 1455 in
724 1431 828 1455 carne
864 1421 991 1463 video,
1033 1432 1073 1455 ac
1109 1424 1140 1455 si
1175 1424 1286 1466 ipsum
1315 1422 1468 1464 videam,

82 1490 258 1526 consolor.
306 1487 424 1533 Usque
451 1487 496 1522 ad
532 1487 622 1522 hune
655 1487 742 1521 diem
768 1487 875 1521 Deum
910 1489 944 1521 te
980 1489 1147 1532 genuisse
1177 1487 1342 1532 gentibus
1369 1498 1471 1532 prae-

81 1555 261 1598 dicabam,
297 1553 423 1589 amodo
456 1558 491 1588 te
525 1552 568 1587 ad
601 1554 714 1597 ipsum
747 1552 952 1586 translatam
988 1563 1068 1587 esse
1100 1552 1248 1587 docebo.
1297 1552 1381 1587 Post
1406 1552 1471 1587 hoc

81 1633 143 1664 ea,
172 1632 263 1667 quae
288 1620 436 1666 angelus
461 1619 578 1653 attulit
602 1619 653 1659 ei,
682 1619 781 1663 virgo
806 1617 961 1652 ostendit
984 1621 1018 1652 et
1044 1617 1086 1652 de
1110 1618 1263 1653 lucernis
1291 1629 1402 1663 usque
1427 1619 1470 1653 ad

80 1687 211 1722 obitum
236 1697 304 1721 non
329 1684 596 1730 exstinguendis
625 1684 812 1718 admonuit.
862 1683 1019 1718 Aderant
1041 1683 1136 1718 CXX
1160 1686 1316 1731 virgines
1338 1686 1371 1718 in
1393 1685 1470 1730 ejus

81 1753 286 1798 obsequium
321 1755 534 1796 occupatae,
571 1749 697 1785 deinde
735 1751 943 1785 vestimenta
975 1750 1136 1784 funebria
1164 1750 1310 1785 induens
1337 1755 1372 1785 et
1395 1761 1469 1785 om-

79 1818 182 1853 nibus
220 1817 422 1853 valedicens
459 1827 587 1861 corpus
625 1816 671 1850 ad
706 1817 835 1851 exitum
869 1817 903 1849 in
935 1816 1027 1851 lec-to
1052 1818 1248 1861 componit,
1287 1816 1391 1851 Petro
1424 1816 1468 1850 ad

82 1887 186 1929 caput
208 1884 349 1929 posim,
382 1881 543 1918 ,iohanne
568 1881 613 1916 ad
637 1881 747 1927 pedes
782 1881 921 1924 locato,
957 1884 1108 1917 caeteris
1140 1882 1314 1927 apostolis
1344 1882 1471 1917 lectum

81 1948 313 1984 ambientibus
339 1953 374 1984 et
398 1948 462 1983 Dei
489 1949 694 1993 genitricem
719 1947 956 1983 laudantibus.
1005 1948 1128 1982 Petrus
1166 1949 1275 1994 igitur
1301 1947 1470 1982 inchoans

81 2015 188 2049 dixit:
218 2012 334 2059 gaude
350 2013 554 2048 coelestium
577 2012 808 2046 thalamorum
829 2023 962 2057 sponsa
980 2013 1131 2047 tritidum
1149 2018 1183 2047 et
1207 2013 1309 2047 ardui
1332 2013 1471 2046 luminis

80 2078 342 2119 candelabrum,
364 2087 428 2121 per
445 2086 546 2122 quam
565 2081 619 2111 est
637 2081 782 2112 aeterna
798 2079 943 2112 claritas
964 2077 1201 2113 manifestata.
1248 2077 1319 2111 Hoc
1342 2081 1470 2119 autem,

82 2146 218 2181 scilicet
241 2142 424 2188 apostolos
448 2141 493 2176 ad
525 2141 766 2176 dormitionem
791 2144 1052 2176 sacratissimae
1078 2142 1227 2188 virginis
1251 2143 1470 2184 convenisse,

81 2216 232 2248 testatur
287 2209 414 2243 beatus
474 2206 667 2242 Germanus
723 2207 1134 2252 Constantinopolitamis
1180 2206 1470 2252 archiepiscopus

83 2279 224 2312 dicens:
287 2275 371 2309 licet
408 2272 645 2308 inevitabilem
687 2277 852 2311 mortem.
906 2284 926 2308 o
972 2273 1037 2307 Dei
1079 2274 1251 2318 genitrix,
1297 2273 1469 2308 humanae

82 2347 229 2378 naturae
254 2340 476 2385 susceperis,
510 2350 578 2373 non
603 2342 719 2373 tamen
747 2338 951 2373 dormitabit
976 2349 1089 2384 neque
1114 2338 1279 2380 dormiet,
1315 2339 1374 2383 qui
1406 2349 1469 2372 nos

83 2407 254 2449 custodit,
293 2405 414 2440 oculus
436 2408 527 2438 tuus.
576 2403 650 2439 Non
679 2406 767 2439 enim
794 2406 870 2439 sine
895 2406 1096 2440 testimonio
1122 2404 1385 2449 transmigratio
1411 2407 1472 2438 tua

83 2484 147 2509 nec
181 2471 328 2508 mendax
364 2470 549 2512 dormitio,
582 2470 714 2504 coelum
749 2474 890 2505 enarrat
918 2470 1067 2516 gloriam
1093 2479 1234 2512 eorum,
1273 2470 1333 2514 qui
1365 2479 1471 2514 super

83 2545 118 2575 te
151 2540 368 2579 cecinerunt,
404 2541 498 2571 terra
529 2536 571 2571 de
599 2535 670 2571 illis
696 2536 838 2571 exhibet
863 2536 1063 2578 veritatem,
1098 2534 1208 2570 nubes
1234 2534 1471 2570 vociferantur

152 2639 179 2670 1)
197 2637 295 2670 vulgo
314 2641 351 2664 nt
370 2636 471 2670 quid.
577 2636 606 2670 2)
626 2635 677 2662 Ed.
699 2638 740 2662 Pr.
761 2634 798 2662 vi
811 2634 965 2662 sitarer.
1070 2635 1098 2668 3)
1116 2632 1194 2661 Male
1213 2632 1267 2661 Ed.
1286 2636 1330 2661 rr.
1349 2631 1469 2659 intor-

85 2682 266 2718 pretatio
284 2681 366 2714 legit.
