1742 3005
236 117 318 156 514
376 118 470 168 Cap.
505 117 636 153 cxlx.
696 115 755 151 De
788 113 1020 149 assumtione
1051 118 1203 149 sanetae
1227 110 1370 148 Mariae
1405 110 1570 159 virginis.

237 232 464 268 praesumens
502 220 628 254 beatae
663 219 802 255 Mariae
838 217 964 253 devote
1000 226 1038 251 se
1072 216 1326 252 commendavit
1351 220 1385 251 et
1411 220 1492 261 post
1519 215 1627 249 virum

237 289 334 322 abire
360 287 487 332 eoepit.
539 284 619 319 Cum
646 289 760 319 antem
786 284 928 330 longius
957 284 1220 328 processissent
1256 287 1291 317 et
1315 285 1350 316 in
1375 284 1432 316 via
1456 280 1628 327 quandam

237 353 423 387 ecclesiam
455 351 693 390 invenissent,
729 351 792 385 illa
825 349 867 384 de
903 359 993 394 equo
1022 347 1241 383 descendens
1273 347 1456 382 ecclesiam
1486 347 1628 381 intravit

239 420 311 452 viro
345 419 501 453 exterius
534 421 774 461 exspectante.
833 415 920 450 Dum
955 425 1037 449 vero
1080 413 1206 448 beatae
1240 412 1377 448 Mariae
1421 422 1459 446 se
1501 411 1628 446 devote

238 483 518 526 commendaret,
558 483 620 516 illa
651 481 767 516 subito
797 481 1010 516 obdormivit
1046 484 1080 514 et
1111 481 1212 525 virgo
1239 479 1400 525 gloriosa
1423 476 1628 523 praedictae

237 556 418 586 matronae
452 551 487 584 in
519 548 644 583 habitu
681 552 716 582 et
751 547 922 593 qualitate
957 557 1020 592 per
1052 547 1168 580 omnia
1192 545 1317 579 similis
1345 544 1387 578 de
1413 544 1519 578 altari
1545 553 1627 588 pro-

238 618 347 650 cessit
370 620 404 651 et
430 615 526 649 foras
552 616 674 650 exiens
707 624 830 659 equum
864 612 1088 652 conscendit,
1126 615 1286 645 matrona
1319 610 1381 644 illa
1411 611 1447 644 in
1479 608 1630 644 ecclesia

240 682 433 716 dormiente
466 685 500 715 et
533 684 755 721 remanente,
797 680 849 712 vir
883 683 997 713 antem
1028 688 1125 712 suam
1163 688 1306 712 uxorem
1344 687 1422 711 csse
1452 675 1630 710 arbitrans

239 747 420 791 profectus
447 750 511 780 est.
562 745 643 778 Cum
669 748 783 778 autem
810 743 854 777 ad
881 744 991 777 locum
1018 747 1184 777 statutum
1210 744 1400 782 venissent,
1428 751 1509 776 ecce
1532 742 1628 785 prin—

241 822 324 857 ceps
348 811 571 846 tenebrarum
602 820 675 843 cum
702 811 831 854 impetu
855 810 961 843 nimio
989 808 1152 842 veniebat
1181 813 1214 843 et
1233 808 1277 842 ad
1294 808 1404 842 locum
1424 807 1629 842 festinabat.

240 882 274 911 et
297 887 370 911 cum
397 877 739 921 appropinquasset,
766 876 883 909 statim
909 874 967 909 ille
993 873 1170 909 infremuit
1196 878 1229 908 et
1256 878 1405 908 tremens
1431 883 1472 907 ac
1496 882 1630 917 pavens

239 943 408 978 accedere
434 952 501 975 nou
526 942 739 986 praesumsit
767 940 925 986 ‹lix-itque
952 940 1070 974 militi:
1096 939 1336 974 infidelissime
1361 938 1546 979 hominum,
1571 947 1631 971 cur

240 1020 292 1044 me
331 1008 452 1042 taliter
490 1007 635 1041 illusisti
668 1011 701 1041 et
734 1017 796 1051 pro
830 1008 936 1040 tantis
972 1005 1152 1040 beneficiis
1187 1005 1268 1039 milii
1304 1005 1390 1039 talia
1424 1003 1631 1038 contulisti?

240 1074 316 1120 Ego
344 1075 433 1108 enim
461 1072 525 1106 tibi
552 1072 721 1107 dixeram.
748 1076 785 1105 nt
810 1071 855 1105 ad
885 1083 938 1106 me
963 1076 1055 1105 tuam
1084 1071 1277 1105 adduceres
1305 1072 1506 1116 conjugem,
1534 1072 1568 1104 et
1593 1072 1630 1102 tu

240 1139 423 1173 adduxisti
448 1138 579 1172 domini
606 1139 831 1183 genitricem:
862 1137 1019 1171 volebam
1044 1148 1187 1171 uxorem
1212 1141 1304 1170 tuam
1331 1141 1366 1171 et
1389 1141 1426 1170 tu
1451 1135 1632 1169 adduxisti

241 1204 325 1239 mihi
349 1204 510 1239 Mariam.
561 1202 646 1237 Nam
672 1213 747 1236 cnm
772 1213 860 1237 uxor
883 1207 944 1236 tua
971 1202 1054 1236 mihi
1081 1203 1205 1236 multas
1233 1202 1360 1237 inserat
1384 1203 1553 1246 injurias,
1588 1199 1631 1234 ‹le

242 1280 284 1305 ca
310 1269 468 1304 volebam
495 1274 661 1313 expetere
687 1269 875 1311 ultionem,
903 1273 936 1303 et
962 1273 999 1302 tu
1025 1268 1069 1302 ad
1097 1279 1147 1302 me
1174 1269 1274 1302 istam
1301 1267 1491 1309 adduxisti,
1517 1271 1554 1301 ut
1578 1276 1631 1300 me

242 1339 405 1381 torqueat
431 1339 465 1370 et
489 1334 532 1368 ad
559 1334 729 1369 infernum
755 1336 878 1368 mittat.
928 1333 1083 1368 Audiens
1117 1333 1183 1368 hoc
1217 1335 1270 1367 vir
1300 1333 1524 1368 veliementer
1557 1337 1630 1366 stu-

241 1401 349 1446 pebat
375 1405 410 1436 et
434 1411 519 1446 prae
544 1401 668 1435 timore
695 1404 729 1435 et
753 1400 984 1434 admiratione
1008 1401 1116 1434 nimia
1139 1400 1237 1445 loqui
1263 1410 1329 1434 non
1351 1403 1501 1444 poterat,
1528 1398 1633 1434 beata

241 1472 356 1502 autem
381 1466 497 1502 Maria
522 1466 626 1500 dixit:
653 1474 723 1512 qua
746 1467 963 1507 temeritate,
987 1475 1135 1511 nequam
1162 1466 1329 1510 spiritus,
1362 1465 1510 1500 devotae
1535 1473 1632 1499 meae

241 1543 368 1568 nocere
400 1533 677 1578 praesumsisti?
723 1531 800 1567 Non
832 1531 901 1566 hoc
933 1531 999 1566 tibi
1032 1532 1170 1576 impune
1196 1531 1299 1566 cedet
1323 1535 1357 1566 et
1382 1540 1470 1565 nunc
1504 1536 1539 1565 te
1565 1529 1633 1564 hae

242 1600 379 1645 plector
399 1599 586 1639 sententia,
612 1602 649 1632 ut
673 1599 707 1632 in
733 1597 904 1633 infernum
933 1597 1127 1633 descendas
1154 1601 1188 1633 et
1212 1598 1317 1632 alicui
1344 1607 1419 1632 eum
1445 1596 1632 1632 devotione

243 1676 297 1700 me
329 1665 508 1698 invocanti
541 1673 670 1698 nocere
705 1663 748 1698 ‹le
785 1668 926 1699 caetero
956 1675 1025 1697 non
1058 1674 1274 1709 praesumas.
1322 1663 1385 1698 Ille
1419 1666 1534 1697 autem
1558 1672 1633 1696 cum

245 1730 351 1765 multo
387 1729 520 1775 ejulatu
556 1730 707 1764 recessit
742 1732 776 1763 et
809 1730 862 1762 vir
898 1728 941 1763 (le
974 1740 1065 1774 equo
1100 1730 1249 1765 exiliens
1283 1740 1322 1764 se
1348 1729 1392 1764 ad
1419 1729 1496 1774 ejus
1523 1728 1632 1773 pedes

245 1797 455 1841 prostravit,
490 1805 590 1840 quem
615 1796 717 1840 virgo
743 1795 926 1838 increpans
952 1794 997 1828 ad
1023 1805 1118 1828 suam
1146 1805 1310 1836 uxorem,
1345 1804 1436 1839 quae
1461 1793 1575 1828 adhuc
1598 1794 1632 1827 in

246 1861 398 1895 ecclesia
422 1860 597 1902 dormivit,
619 1860 723 1905 jubet
746 1859 861 1894 redire
885 1863 918 1894 et
946 1870 1064 1894 omnes
1091 1859 1232 1894 divitias
1257 1860 1437 1894 daemonis
1463 1859 1632 1903 abjicere.

245 1925 398 1961 Rediens
425 1927 534 1971 igitur
560 1936 632 1960 cum
659 1924 772 1959 adhuc
799 1935 940 1959 uxorem
966 1934 1062 1958 suam
1090 1924 1316 1960 dormientem
1342 1926 1532 1967 inveniret,
1558 1935 1633 1959 eam

246 1993 412 2026 excitavit
446 1996 481 2026 et
514 1991 603 2033 sibi,
639 2001 729 2036 quae
766 1989 989 2031 acciderant,
1024 1992 1191 2025 narravit.
1241 1991 1324 2026 Cum
1358 1997 1472 2026 autem
1498 1990 1632 2025 domum

246 2057 435 2092 rediissent
462 2060 496 2091 et
523 2067 642 2091 omnes
668 2054 1017 2094 daemonisdivitias
1043 2055 1272 2101 abjecissent,
1297 2060 1332 2090 et
1357 2057 1391 2090 in
1427 2055 1532 2090 laude
1563 2058 1634 2090 vir-

245 2124 339 2168 ginis
366 2121 594 2157 devotissime
620 2126 886 2166 permanserunt
916 2126 950 2157 et
983 2122 1107 2156 multas
1143 2121 1362 2166 postmodum
1387 2121 1531 2157 divitias
1557 2122 1636 2166 ipsa

247 2188 421 2234 largiente
444 2189 580 2234 virgine
600 2191 816 2232 receperunt.
829 2209 874 2213 —
892 2193 936 2225 4.
953 2187 1191 2233 Ad'judicium
1204 2187 1268 2222 Dei
1283 2186 1423 2232 quidam
1443 2188 1479 2221 in
1499 2188 1635 2222 visione

247 2254 401 2298 rapitur,
429 2255 489 2298 qui
513 2257 732 2298 peecatorum
759 2255 899 2288 sarcina
923 2253 1161 2299 gravabatur,
1197 2257 1231 2287 et
1257 2263 1338 2287 ecce
1363 2252 1498 2286 Satltan
1523 2251 1636 2287 adsuit

246 2323 280 2354 ct
307 2318 414 2352 dixit:
442 2318 528 2352 niltil
554 2320 586 2352 in
613 2318 718 2364 hujus
744 2320 859 2353 anima
884 2318 1025 2353 habetis
1053 2319 1207 2364 proprii,
1242 2317 1305 2353 sed
1339 2319 1405 2352 mei
1431 2319 1548 2363 potius
1573 2328 1635 2353 ex-

245 2388 314 2419 stat
338 2384 503 2425 dominii,
538 2383 651 2419 habeo
687 2386 776 2420 enim
811 2384 891 2418 inde
925 2383 1100 2429 publicum
1131 2385 1406 2418 instrumentum.
1457 2382 1520 2417 Cui
1547 2383 1636 2418 dixit

246 2449 425 2483 dominus:
451 2449 510 2484 ubi
529 2453 582 2484 est
597 2453 691 2484 tuum
709 2450 1003 2485 instrumentum?
1050 2449 1093 2484 Et
1118 2450 1197 2485 ille:
1224 2451 1486 2484 instrumentum
1505 2447 1633 2488 haben,

246 2514 339 2559 quod
382 2525 442 2549 ore
487 2516 631 2560 proprio
669 2516 745 2560 ipse
786 2515 927 2550 dictasti
962 2520 997 2550 et
1032 2518 1202 2560 perpetuo
1234 2514 1434 2548 duraturum
1470 2514 1631 2547 sanxisti.

246 2578 372 2612 Dixisti
397 2581 505 2614 enim:
532 2590 738 2625 quacunque
764 2580 853 2615 hora
876 2580 1123 2623 comederitis,
1158 2584 1268 2614 morte
1293 2579 1500 2614 moriemini.
1549 2577 1632 2612 Cum

245 2643 353 2686 igitur
380 2645 445 2678 iste
471 2646 517 2678 sit
542 2645 584 2680 (lo
613 2647 783 2692 progenie
810 2646 968 2687 illorum,
1003 2647 1061 2692 qui
1086 2645 1198 2680 cibum
1227 2645 1366 2678 vetitntn
1393 2642 1631 2685 comederunt,

240 2705 320 2749 jure
345 2707 562 2743 instrumenti
588 2710 718 2754 publici
744 2721 874 2747 mecum
900 2714 934 2746 in
954 2711 1093 2756 Judicio
1119 2709 1223 2745 debet
1246 2709 1344 2743 mori.
1394 2707 1489 2742 Dixit
1517 2711 1631 2743 autem
