1742 3005
234 90 312 129 106
564 93 658 143 Cap.
690 93 792 129 xxi.
851 94 909 131 De
941 102 1071 131 sancto
1106 95 1280 132 Antonio.

231 208 296 242 que
323 197 399 231 loco
426 197 584 239 sederis,
612 207 680 231 non
705 196 784 232 inde
811 199 879 232 cito
907 198 1063 234 recedas.
1114 199 1205 235 Haec
1230 201 1300 234 trla
1323 198 1460 234 custodi
1486 203 1520 234 et
1546 200 1597 234 sal

230 273 291 296 vus
318 264 398 297 eris.
471 261 591 296 Abbas
623 262 762 307 quidam
788 263 1023 309 interrogavit
1047 266 1235 300 Antonium
1262 265 1403 300 dicens:
1453 264 1536 311 quid
1563 264 1617 299 fa-

227 330 342 363 ciam?
391 328 453 362 Cui
468 328 660 363 Antonius:
685 339 753 362 non
778 328 932 363 confidas
958 330 993 363 in
1017 333 1078 365 tua
1097 331 1250 376 justitia,
1276 332 1408 365 ventris
1426 335 1459 365 et
1471 331 1614 376 linguae

226 395 271 427 sit
294 393 357 427 tibi
383 395 596 429 continentia
621 397 655 429 et
681 405 723 429 ne
747 396 961 439 poenitearis
989 395 1032 430 de
1057 407 1095 431 re
1120 399 1311 430 transacta.
1371 395 1467 430 Dixit
1490 397 1614 430 iterum

225 460 414 495 Antonius:
439 462 529 494 sicut
552 461 680 505 pisces,
708 462 738 494 si
764 462 798 494 in
825 462 917 495 sicco
941 461 1171 504 tardaverint,
1194 463 1398 504 moriuntur,
1423 462 1473 494 ita
1489 464 1524 495 et
1544 472 1616 494 mo-

224 524 325 559 nachi
351 529 450 561 extra
474 526 595 561 cellam
622 526 803 561 tardantes
839 531 899 561 aut
932 537 1007 561 cum
1037 529 1123 562 viris
1156 526 1397 563 saecularibus
1429 528 1616 560 immoran-

223 594 276 626 tes
302 601 323 626 a
348 593 474 637 quietis
499 594 681 638 proposito
706 592 939 628 resolvuntur.
986 593 1113 629 Iterum
1139 593 1226 628 dlxit
1249 593 1440 628 Antonius:
1475 592 1534 638 qui
1558 602 1614 626 se-

224 657 282 693 det
306 659 340 692 in
366 658 555 695 solitudine
581 663 615 694 et
640 661 808 705 quiescit,
843 669 864 694 a
887 659 999 694 tribus
1024 660 1127 695 bellis
1153 662 1317 706 eripitur,
1353 659 1486 694 scilicet
1513 657 1613 692 audi—

223 728 297 766 tus,
341 724 526 759 locutionis
553 729 588 760 et
614 726 707 760 visus
733 729 767 761 et
792 729 914 760 contra
937 737 1039 760 unum
1062 726 1299 761 tantummodo
1325 736 1477 772 pugnam
1504 724 1609 759 habe-

222 789 290 832 bit,
334 789 467 825 scilicet
490 790 618 824 cordis.
644 811 687 816 -—
712 811 756 816 —
779 811 823 816 -
855 793 899 828 5.
928 791 1073 832 Quidam
1101 793 1228 827 fratres
1254 803 1327 827 eum
1354 791 1504 837 quodam
1529 802 1612 826 sene

221 855 266 890 ad
290 855 451 890 abbatem
486 856 672 891 Antonium
707 856 916 891 visitandum
950 858 1087 892 iverunt
1113 858 1270 903 dixitque
1294 858 1465 892 Antonius
1494 857 1610 891 fratri-

220 922 304 956 bus:
354 921 481 957 bonum
514 924 671 958 comitem
708 922 882 957 habuistis
920 934 1037 959 senem
1074 923 1173 958 hune.
1244 923 1377 959 Deinde
1403 923 1491 957 dixit
1517 924 1608 958 seni:

220 987 331 1023 bonos
358 989 485 1023 fratres
510 989 813 1032 invenistitecuin,
837 988 961 1024 abba?
987 990 1049 1025 Cui
1075 990 1152 1024 ille:
1176 989 1288 1024 bonos
1315 989 1453 1035 quidem
1481 990 1609 1029 inveni,

218 1054 280 1089 sed
304 1053 477 1089 habitatio
507 1065 623 1089 eorum
650 1066 716 1089 non
742 1054 850 1090 habet
871 1057 1033 1101 Januam:
1059 1057 1254 1101 quicunque
1279 1056 1367 1090 enim
1395 1055 1479 1097 vult,
1504 1056 1612 1088 intrat

218 1121 251 1153 in
279 1119 454 1154 stabulum
482 1124 516 1155 et
539 1120 645 1155 solvit
669 1122 814 1156 asinum.
863 1121 935 1156 Hoc
961 1126 1074 1157 autem
1103 1121 1262 1165 dicebat,
1290 1123 1453 1167 quoniam
1478 1123 1605 1163 omnia,

218 1196 307 1231 quae
333 1190 433 1221 erant
458 1188 492 1221 in
518 1186 624 1221 corde
649 1197 788 1231 eorum,
839 1189 955 1222 statim
981 1191 1080 1222 erant
1102 1189 1135 1221 in
1160 1198 1231 1222 ore.
1280 1187 1375 1223 Dixit
1400 1188 1511 1223 abbas
1535 1188 1608 1223 An-

216 1253 352 1286 tonius:
387 1253 477 1287 scire
501 1253 684 1295 convenit,
732 1254 894 1297 quoniam
920 1258 1000 1287 sunt
1026 1257 1096 1288 tres
1122 1257 1235 1288 motus
1261 1253 1485 1299 corporales,
1519 1263 1607 1287 unus

216 1317 353 1362 quidem
378 1321 545 1360 naturae,
581 1318 671 1352 alius
696 1328 738 1353 ex
763 1318 918 1353 ciborum
943 1318 1177 1364 plenitudine,
1205 1321 1328 1354 tertius
1356 1330 1399 1355 ex
1425 1319 1603 1354 daemone.

215 1381 338 1418 Frater
364 1383 502 1429 quidam
529 1385 791 1428 renuntiaverat
816 1385 977 1427 saeculo,
1004 1385 1067 1420 sed
1093 1396 1159 1419 non
1188 1385 1302 1431 plene,
1330 1386 1412 1430 quia
1436 1384 1605 1431 quaedam

215 1448 327 1484 adhuc
351 1449 419 1484 sihi
446 1449 629 1484 retinebat.
680 1449 743 1485 Cui
769 1451 962 1487 Antonius:
1008 1451 1097 1487 vade
1122 1455 1157 1487 et
1181 1463 1255 1487 eme
1281 1461 1425 1494 carnes,
1462 1452 1520 1496 qui
1544 1460 1606 1485 va-

215 1515 298 1550 dens
323 1517 405 1550 emit
429 1526 552 1551 carnes
577 1520 612 1551 et
636 1520 782 1561 portans
806 1526 867 1551 eas
887 1516 965 1550 dum
993 1519 1138 1559 veniret,
1166 1517 1372 1553 lacerabant
1400 1527 1474 1551 eum
1489 1526 1604 1551 canes.

214 1580 276 1614 Cui
301 1578 490 1615 Antonius:
517 1583 574 1626 qui
600 1583 800 1616 renuntiant
824 1582 966 1617 saeculo
993 1586 1027 1617 et
1053 1583 1172 1618 volunt
1196 1583 1328 1618 habere
1353 1583 1532 1628 pecunias,
1556 1584 1606 1616 ita

214 1647 406 1692 impugnati
431 1656 452 1681 a
478 1646 704 1682 daemonibus
735 1648 769 1691 ¹)
796 1647 1050 1693 discerpuntur.
1124 1649 1294 1684 Antonius
1324 1648 1402 1682 dum
1428 1650 1461 1681 in
1488 1658 1603 1683 eremo

212 1711 329 1746 taedio
348 1712 560 1756 afficeretur,
586 1713 692 1748 dixit:
718 1712 866 1756 domine,
894 1714 974 1749 volo
1000 1714 1119 1750 salvus
1146 1715 1220 1749 fieri
1248 1718 1282 1749 et
1307 1725 1373 1748 non
1402 1715 1604 1760 permittunt

211 1788 263 1812 me
288 1780 521 1824 cogitationes
548 1788 656 1814 meae.
727 1778 772 1814 Et
807 1790 956 1826 surgens
991 1782 1100 1815 exivit
1124 1780 1220 1815 soras
1247 1784 1282 1815 et
1307 1780 1394 1814 vidit
1420 1780 1600 1825 quemdam

210 1843 386 1879 sedentem
419 1849 525 1891 atque
557 1849 759 1890 operantem
786 1849 820 1880 et
844 1845 973 1882 deinde
994 1850 1192 1892 surgentem
1218 1850 1253 1881 et
1277 1850 1445 1881 orantem.
1515 1845 1604 1881 Erat

210 1914 324 1945 autem
352 1911 499 1957 angelus
526 1911 653 1946 domini
682 1915 716 1946 et
743 1911 831 1946 dixit
856 1913 907 1946 ei:
933 1914 983 1947 sic
1009 1912 1064 1947 sac
1092 1916 1126 1947 et
1149 1912 1268 1947 salvus
1290 1913 1370 1947 eris.
1410 1912 1491 1946 Cum
1513 1923 1600 1957 qua-

209 1976 286 2010 dam
314 1978 388 2012 vice
412 1976 541 2012 fratres
567 1977 609 2012 de
635 1982 729 2012 statu
756 1979 946 2012 animarum
973 1977 1017 2012 ab
1044 1978 1197 2013 Antonio
1225 1979 1502 2022 quaesivissent,
1543 1989 1599 2013 se-

208 2044 325 2088 quenti
351 2047 452 2077 nocte
478 2054 547 2078 vox
572 2045 710 2079 vocavit
736 2054 811 2078 eum
838 2043 978 2078 dicens:
1003 2054 1110 2090 surge
1135 2047 1170 2078 et
1194 2044 1251 2078 exi
1275 2047 1310 2078 et
1326 2043 1415 2078 vide.
1454 2042 1498 2077 Et
1520 2053 1599 2077 ecce

210 2108 294 2142 vidit
319 2109 500 2154 quemdam
526 2110 668 2156 longum
693 2113 728 2145 et
750 2110 941 2145 terribilem
966 2113 1071 2154 caput
1096 2119 1206 2154 usque
1222 2109 1266 2143 ad
1281 2108 1390 2143 nubes
1406 2109 1597 2152 tollentem,

208 2176 265 2220 qui
291 2175 459 2219 quosdam
485 2180 656 2220 pennatos
685 2175 729 2209 ad
753 2176 887 2210 coelum
913 2175 1034 2210 volare
1058 2176 1238 2218 cupientes
1266 2176 1420 2209 extensis
1440 2174 1598 2208 manibus

207 2239 418 2285 prohibebat
444 2244 479 2275 et
503 2240 592 2275 alios
618 2240 729 2275 libere
753 2240 976 2285 pervolantes
1002 2241 1153 2274 retinere
1179 2250 1246 2273 non
1276 2243 1434 2284 poteram
1466 2244 1500 2274 et
1525 2250 1596 2274 ma-

207 2307 331 2340 ximum
357 2305 521 2351 gaudium
547 2307 688 2340 mixtum
711 2316 785 2340 cum
810 2307 915 2339 nimio
942 2305 1063 2339 dolore
1090 2304 1257 2339 audiebat
1278 2308 1312 2339 et
1336 2305 1507 2340 intellexit
1521 2307 1594 2340 ani-

207 2382 335 2406 marum
363 2372 455 2406 illum
484 2382 562 2407 esse
588 2371 792 2406 adscensum
820 2375 855 2406 et
879 2370 1064 2416 dyabolum
1099 2369 1361 2415 prohibentem,
1406 2372 1464 2415 qui
1490 2380 1595 2416 quas-

206 2438 282 2471 dam
309 2424 481 2472 obnoxias
507 2439 671 2473 retineret
700 2442 734 2473 et
759 2437 801 2472 de
827 2440 1033 2471 sanctorum
1051 2436 1190 2479 volatu,
1240 2446 1327 2481 quos
1352 2437 1503 2471 retinere
1528 2447 1594 2470 non

206 2506 363 2546 poterat,
401 2505 449 2537 sie
474 2503 618 2537 doleret.
669 2502 868 2549 Aliquando
893 2502 980 2536 dum'
997 2513 1071 2536 cum
1100 2501 1267 2536 fratribus
1292 2504 1500 2554 operaretur
1522 2501 1589 2535 An

206 2569 339 2609 tonius,
376 2570 571 2612 suspiciens
599 2571 630 2602 in
657 2569 788 2603 coelum
816 2579 888 2603 cuin
915 2570 1047 2603 tristem
1077 2569 1242 2602 visionem
1271 2565 1435 2603 vidisset,
1464 2576 1574 2610 provo

275 2713 298 2742 l)
320 2711 370 2737 Ed.
393 2713 434 2737 i‘r.
457 2711 533 2737 1111111»
554 2711 839 2739 describuntur
861 2713 938 2744 logii.
