1742 3005
263 128 346 167 742
454 130 547 179 Cap.
582 128 751 165 CLXVI.
811 129 870 165 De
899 134 1030 165 sancto
1061 129 1225 166 Martino
1257 130 1452 182 episcope.

264 234 479 278 accepisset,
514 232 688 267 Martinus
720 232 809 268 hunc
840 233 909 268 sibi
943 238 1117 269 servatum
1153 234 1356 281 intelligens
1389 240 1531 282 arrepto
1567 246 1651 272 ense

264 297 498 343 chlamydem,
525 308 615 343 quae
641 298 710 332 sibi
736 303 932 345 supererat,
960 299 1083 335 dividit
1109 304 1143 335 et
1168 304 1301 344 partem
1328 304 1475 345 pauperi
1492 302 1650 337 tribuens

265 365 434 410 reliquam
466 368 600 409 partem
633 375 755 398 rursus
797 364 920 399 induit.
981 365 1148 411 Sequenti
1187 367 1298 412 igitur
1337 370 1439 401 nocte
1479 366 1650 402 Christum

266 429 459 475 chlamydis
479 439 576 471 suae,
599 440 667 475 qua
684 440 872 475 pauperem
891 434 1039 475 texerat,
1064 436 1164 477 parte
1185 433 1345 466 vestitum
1364 431 1450 466 vidit
1471 433 1652 478 ipsumque

265 496 310 531 ad
335 497 603 531 circumstantes
620 497 767 542 angelos
792 498 844 531 sic
869 496 1065 543 loquentem
1086 497 1236 533 audivit:
1262 497 1436 532 Martinus
1458 497 1572 533 adhuc
1591 508 1652 532 ca-

264 562 490 598 techumenus
509 561 576 596 hac
597 573 650 597 me
673 566 770 597 veste
798 564 963 598 contexit.
1011 562 1108 598 Unde
1127 565 1178 598 vir
1195 568 1337 598 sanctus
1359 574 1426 598 non
1445 565 1478 597 in
1503 563 1652 610 gloriam

265 629 400 670 elatus,
437 628 500 663 sed
535 628 598 663 Dei
624 628 816 662 bonitatem
841 639 1081 675 cognoscens,
1111 640 1184 664 cum
1224 634 1317 665 esset
1342 640 1509 664 annorum
1535 628 1652 664 decem

265 698 299 729 ct
323 698 400 728 octo
417 722 424 736 ,
450 693 625 738 baptizari
651 704 689 728 se
716 693 800 728 fecit
827 698 861 729 et
888 694 1000 728 adhuc
1028 695 1074 729 ad
1101 697 1301 730 instantiam
1330 696 1462 730 tribuni
1491 695 1568 738 sui,
1593 695 1653 740 qui

262 764 421 805 tempore
457 760 511 793 sui
544 758 741 792 tribunatus
774 759 915 803 expleto
951 769 989 794 se
1031 761 1172 794 saeculo
1210 761 1532 795 abrenu¹1tiaun=111n
1567 772 1650 805 pro-

262 825 440 868 mittebat,
476 835 540 870 per
564 823 738 858 biennium
766 824 942 861 militavit.
988 824 1126 859 Interea
1158 825 1371 859 irruentibus
1398 827 1489 860 intra
1517 825 1651 861 Gallias

261 891 425 927 barbaris
449 890 609 926 Julianus
637 890 771 924 Caesar
797 895 918 924 contra
945 901 1006 925 eos
1032 894 1250 936 pugnaturus
1277 892 1458 935 pecuniam
1484 892 1651 926 militibus

263 959 444 1003 erogavit,
478 960 515 991 at
543 955 717 991 Martinus
745 955 867 990 nolens
897 955 1062 1001 deinceps
1088 955 1240 991 militare
1266 955 1465 990 donativum
1492 958 1652 1001 recipere

261 1024 386 1065 noluit,
413 1022 474 1056 scd
494 1021 636 1056 Caesari
663 1021 769 1056 dixit:
801 1021 931 1057 Christi
957 1033 1024 1068 ego
1050 1022 1148 1056 miles
1177 1033 1263 1064 sum,
1291 1032 1450 1068 pugnare
1475 1022 1558 1056 mihi
1583 1033 1652 1057 non

260 1090 353 1123 licet.
401 1087 606 1132 indignatus
630 1086 789 1122 Julianus
817 1087 928 1130 dixit,
965 1087 1056 1133 quod
1090 1099 1157 1122 non
1191 1088 1378 1134 religionis
1414 1089 1551 1133 gratia,
1589 1088 1653 1123 sed

259 1158 352 1189 luctu
381 1154 464 1188 belli
489 1154 698 1187 imminentis
725 1153 871 1188 militiae
896 1154 1124 1188 renuntiaret.
1175 1154 1237 1188 Cui
1258 1153 1432 1189 Martinus
1455 1154 1651 1200 intrepidus

261 1220 462 1266 respondit:
489 1220 519 1253 si
544 1217 609 1252 hoc
636 1220 822 1264 ignaviae,
849 1230 917 1253 non
943 1218 1023 1253 fidei
1049 1218 1271 1261 adscribitur,
1300 1222 1454 1254 crastina
1482 1220 1539 1255 die
1570 1224 1652 1255 ante

259 1287 370 1321 aciem
396 1287 537 1320 inermis
563 1284 714 1319 adstabo
740 1289 775 1320 et
800 1287 833 1319 in
858 1286 998 1319 nomine
1018 1285 1149 1319 Christi
1166 1286 1268 1331 signo
1287 1287 1413 1327 crucis,
1440 1297 1507 1320 non
1527 1286 1650 1331 clypeo

259 1356 441 1397 proiectus
467 1355 526 1385 aut
550 1351 655 1397 galea
675 1350 826 1386 hostium
849 1361 978 1386 cuneos
994 1351 1188 1396 penetrabo
1208 1361 1363 1385 securus.
1413 1350 1510 1386 Unde
1529 1355 1649 1386 custo—

260 1417 329 1452 ‹liri
357 1418 522 1463 jubetur,
558 1422 595 1451 ut
628 1419 792 1459 inermis,
834 1421 872 1451 ut
908 1417 1065 1459 dixerat,
1106 1416 1270 1451 barbaris
1307 1416 1530 1462 objiceretur.
1579 1417 1650 1452 Sed

260 1483 317 1518 die
350 1485 511 1529 sequenti
543 1483 664 1518 hostes
701 1472 915 1528 legationem
947 1485 1116 1518 miserunt
1147 1492 1211 1516 sua
1237 1484 1352 1517 onmia
1376 1493 1486 1528 seque
1512 1482 1647 1517 dantes.

257 1549 355 1584 Unde
389 1560 457 1583 non
491 1549 631 1583 dubium
667 1554 740 1592 est,
782 1550 916 1584 meritis
959 1550 1072 1584 sancti
1116 1550 1181 1583 viri
1216 1549 1319 1583 talem
1355 1549 1535 1583 victoriam
1572 1550 1649 1583 sine

258 1617 433 1661 sanguine
465 1614 581 1649 datam
616 1626 706 1650 esse.
755 1614 891 1650 Exinde
926 1615 1052 1650 relicta
1078 1614 1203 1649 militia
1232 1614 1275 1648 ad
1300 1618 1455 1648 sanctum
1480 1614 1647 1648 Hilarium

257 1680 512 1715 Pictaviensem
550 1682 752 1726 episcopum
791 1682 947 1726 perrexit
981 1685 1015 1716 et
1040 1680 1084 1715 ab
1113 1692 1153 1716 eo
1180 1681 1336 1725 acolytus
1362 1680 1544 1714 ordinatus
1573 1690 1647 1714 mo-

256 1752 359 1781 netur
384 1757 404 1781 a
431 1747 569 1781 domino
598 1758 660 1791 per
686 1757 860 1792 soporem,
886 1750 923 1780 ut
949 1751 1113 1791 parentes
1140 1757 1223 1781 suos
1250 1746 1364 1781 adhuc
1382 1746 1533 1791 gentiles
1562 1747 1646 1780 visi-

256 1817 360 1847 taret.
407 1812 592 1847 Profectus
626 1814 734 1858 igitur
767 1812 874 1847 multa.
900 1811 1050 1846 adversa
1076 1822 1259 1857 passurum
1288 1823 1325 1846 sc
1353 1822 1432 1846 esse
1458 1811 1647 1856 praedixit.

258 1878 343 1912 Nam
357 1878 566 1922 interAlpes
581 1878 744 1912 inciditin
765 1878 933 1920 latrones,
953 1888 1097 1922 cunique
1118 1888 1205 1911 unus
1226 1878 1374 1910 securint
1395 1878 1427 1909 in
1448 1880 1551 1921 caput
1570 1877 1646 1921 ejus

258 1942 446 1979 vibrasset,
474 1944 575 1977 ictum
595 1943 753 1978 ferientis
772 1942 916 1977 dextrae
936 1944 1102 1977 sustinuit
1126 1942 1225 1976 alter.
1274 1941 1408 1976 Vinctis
1427 1945 1540 1975 tamen
1568 1945 1648 1986 post

256 2014 391 2055 tergum
417 2009 575 2043 manibus
604 2010 661 2042 uni
689 2019 805 2043 eorum
835 2007 1084 2042 custodiendus
1112 2007 1274 2049 traditur,
1302 2008 1540 2051 percunctanti
1564 2018 1646 2042 vcro

256 2074 402 2117 latroni,
428 2084 471 2108 an
498 2075 691 2115 timuisset,
728 2072 930 2118 respondit,
966 2082 1138 2118 nunquam
1172 2082 1209 2107 se
1246 2073 1296 2106 ita
1331 2071 1441 2107 fuisse
1474 2083 1646 2115 securum,

256 2141 339 2185 quia
372 2141 479 2175 sciret
512 2137 787 2173 misericordiam
822 2138 885 2173 Dei
919 2140 1068 2174 maxime
1103 2139 1136 2172 in
1169 2138 1423 2172 tentationibus
1449 2138 1645 2173 affuturam.

255 2206 497 2250 incipiensque
522 2205 650 2239 latroni
676 2203 895 2249 praedicavit
920 2207 954 2238 et
980 2205 1089 2249 ipsum
1115 2203 1159 2238 ad
1186 2203 1284 2238 iidem
1311 2203 1439 2238 Christi
1463 2206 1644 2239 convertit.

255 2270 322 2310 Qui
362 2269 551 2305 Mai-tinum
591 2269 635 2304 ad
678 2270 766 2305 viam
805 2269 975 2304 reducens
1013 2269 1242 2305 laudabiliter
1281 2269 1502 2314 postmodum
1541 2270 1646 2304 vitam

255 2336 375 2370 linivit.
426 2335 507 2370 Cum
534 2340 648 2370 autem
677 2334 916 2370 Mediolanum
945 2336 1211 2381 praeteriisset,
1238 2334 1410 2380 dyabolus
1437 2337 1470 2369 in
1495 2334 1647 2370 humana

251 2403 372 2447 specie
396 2401 464 2436 sibi
489 2401 612 2436 obvius
642 2400 707 2435 suit
731 2404 787 2444 et,
826 2412 894 2446 quo
919 2401 1101 2444 tenderet,
1138 2402 1334 2447 requisivit.
1385 2400 1448 2435 Cui
1485 2410 1559 2435 cum
1586 2410 1642 2434 re-

253 2467 464 2512 spondisset,
491 2477 541 2511 se,
562 2478 629 2513 quo
652 2478 727 2502 eum
744 2466 904 2501 dominus
927 2471 1079 2510 vocaret,
1098 2467 1254 2509 temlero,
1272 2467 1332 2502 ille
1353 2467 1420 2500 ait:
1439 2475 1642 2511 quocunque

253 2535 355 2575 ieris,
394 2533 564 2578 dyabolus
598 2533 661 2567 tibi
697 2532 952 2568 adversabitur.
1003 2532 1085 2568 Cum
1119 2536 1234 2568 autem
1270 2532 1444 2568 Martinus
1477 2530 1543 2564 sibi
1585 2540 1638 2565 re-

252 2599 471 2641 ¹spondisset:
498 2598 656 2633 dominus
685 2598 764 2632 mihi
787 2598 929 2643 adJutor
956 2602 1020 2641 est,
1048 2610 1116 2633 non
1135 2597 1274 2640 timebo,
1302 2596 1392 2643 qued
1421 2595 1526 2629 saciat
1553 2594 1635 2629 mihi

253 2662 374 2698 homo.
402 2665 515 2697 statim
543 2664 601 2699 ille
634 2666 784 2699 evanuit.
834 2663 956 2709 ltaque
981 2668 1123 2699 matrem
1150 2663 1342 2703 convertit,
1368 2664 1469 2705 pater
1493 2672 1575 2695 vero
1601 2663 1634 2695 in

250 2737 368 2761 errore
411 2731 609 2771 permansit.
668 2730 737 2765 Sed
776 2740 849 2764 cum
887 2729 1045 2765 haeresis
1087 2729 1218 2764 Ariana
1258 2737 1320 2771 per
1363 2729 1469 2761 totuin
1513 2726 1632 2762 orbem
