1742 3005
327 97 425 148 Cap.
444 95 566 134 LXII.
625 96 686 136 De
717 98 860 149 virgine
890 97 1055 149 quadam
1083 98 1332 138 Antiochena.
1443 102 1523 141 275

130 210 218 235 nune
244 198 407 245 templum
432 202 544 246 ipsum
570 205 777 237 attrectatur
801 206 915 246 tuum,
949 213 992 238 ne
1026 203 1174 248 patiaris
1207 203 1375 238 incestum
1408 206 1521 238 sacri-

129 266 237 312 legii,
276 267 335 312 qui
365 277 434 301 non
469 277 595 312 passus
622 279 659 303 es
685 268 824 304 furtum.
872 268 1108 304 Benedicatur
1132 271 1167 303 et
1189 274 1452 314 nomenltuum,
1484 274 1523 304 ut

113 342 220 377 -quae
248 331 294 366 ad
318 331 527 368 adulterium
550 336 652 379 virgo
679 335 757 368 veni
774 361 782 376 ,
823 335 923 379 virgo
953 333 1143 368 discedam.
1192 334 1257 369 Vix
1287 335 1522 380 compleverat

128 399 321 440 orationem
350 402 384 432 et
410 408 490 433 ecce
509 399 609 434 miles
622 400 741 443 specie
755 399 925 433 terribilis
942 400 1083 442 irrupit:
1111 400 1400 443 quemadmodum
1419 403 1520 447 virgo

125 465 277 505 tremuit,
303 465 357 498 cui
382 464 532 508 populus
559 469 709 498 tremens
735 464 866 498 cessit!
916 463 987 498 Sed
1013 463 1076 497 illa
1100 474 1169 497 uon
1195 465 1371 499 immemor
1394 467 1521 501 lectio-

125 530 197 563 nis:
238 534 271 563 et
293 529 438 570 Daniel,
471 530 600 574 inquit,
637 529 843 573 supplicium
872 529 1054 563 Susannae
1081 533 1304 573 spectaturus
1330 531 1521 567 advenerat

125 599 161 629 ct
187 605 287 640 quam
316 593 466 638 populus
492 593 730 635 damnaverat,
757 605 845 628 unus
873 593 1038 628 absolvit.
1087 593 1209 629 Potest
1234 599 1268 630 et
1294 597 1327 629 in
1355 596 1423 630 hoe
1447 597 1520 642 lupi

123 660 245 694 habitu
279 660 355 693 ovis
386 658 508 693 latere.
558 659 671 694 Habet
696 665 731 695 et
756 660 917 694 Christus
943 660 1071 694 milites
1108 670 1214 702 suos,
1253 663 1310 706 qui
1337 664 1439 697 etiam
1465 663 1517 699 le-

121 727 247 771 giones
272 724 399 760 habet:
434 729 495 759 aut
527 725 681 760 sortasse
716 736 904 771 percussor
930 726 1090 767 intravit,
1124 736 1167 760 ne
1200 729 1357 762 verearis
1387 731 1516 766 anima:

122 795 157 825 et
180 790 272 825 tales
299 790 414 826 solent
449 792 611 826 martires
639 791 768 825 facere.
818 791 846 825 Ο
874 792 997 836 virgo,
1032 790 1119 825 fides
1150 795 1211 825 tua
1245 796 1278 826 te
1304 793 1435 829 salvam
1462 796 1517 830 se-

123 858 181 891 cit.
231 856 294 891 Cui
318 856 438 890 miles:
472 867 626 902 quaeso,
664 868 706 892 ne
734 867 865 901 paveas
895 867 1017 892 soror:
1055 855 1123 890 huc
1159 859 1239 891 veni
1265 858 1404 893 salvare
1440 862 1517 895 ani-

120 933 221 965 mam,
247 933 315 957 non
342 922 502 966 perdere.
551 922 661 956 Serva
687 933 759 964 nie,
799 927 836 956 ut
862 924 940 967 ipsa
969 923 1143 964 serveris,
1169 924 1271 968 quasi
1298 923 1437 959 adulter
1462 928 1516 961 in-

120 998 288 1034 gressus⁷
315 989 346 1021 si
370 989 445 1030 vis,
483 990 604 1022 martir
629 988 811 1034 egrediar,
849 990 1056 1023 vestimenta
1082 992 1272 1031 mutemuS‚
1306 993 1517 1027 conveniunt

119 1064 197 1088 mea-
220 1053 285 1088 tibi
309 1057 343 1088 et
366 1058 426 1088 tua
451 1054 553 1097 mihi,
588 1054 651 1089 sed
688 1058 836 1099 utraque
870 1054 1024 1089 Christo.
1075 1054 1153 1088 Tua
1176 1056 1285 1089 vestis
1316 1067 1369 1091 me
1397 1067 1515 1091 verum

119 1119 263 1155 militem
300 1119 407 1154 saciet
441 1124 475 1154 et
505 1130 584 1154 mea
604 1124 640 1155 te
664 1121 846 1165 virginem.
895 1119 990 1154 Bene
1013 1124 1051 1154 tu
1076 1121 1259 1162 vestie1=iS‚
1294 1131 1361 1167 ego
1388 1122 1512 1157 melius

119 1196 249 1228 exuar,
282 1189 320 1220 ut
352 1196 405 1220 me
431 1190 640 1231 persecutor
665 1189 846 1231 agnoscat.
897 1184 999 1220 Sume
1024 1184 1203 1228 habitum,
1237 1188 1296 1231 qui
1319 1186 1514 1223 abscondat

118 1251 300 1293 seminam,
325 1251 446 1293 trade,
483 1252 541 1297 qui
567 1255 750 1286 consecret
774 1252 960 1285 martirem.
1008 1250 1116 1285 Indue
1147 1251 1383 1296 chlamydem,
1423 1265 1513 1299 quae

118 1316 273 1350 occultet
295 1316 450 1351 membra
474 1318 622 1361 virginis
650 1320 684 1350 et
710 1320 827 1350 servet
852 1316 1040 1361 pudorem,
1067 1326 1164 1350 sume
1188 1316 1336 1360 pileum,
1371 1320 1429 1363 qui
1456 1323 1510 1354 tc-

117 1386 181 1427 gat
207 1383 341 1423 crines,
375 1381 572 1416 abscondat
606 1391 687 1416 ora:
724 1381 840 1415 solent
873 1381 1106 1423 crubescere,
1143 1383 1202 1426 qui
1227 1381 1376 1427 lupanar
1400 1385 1510 1419 intra-

115 1451 249 1482 verunt.
299 1447 390 1481 Sane
418 1457 491 1481 cum
519 1457 667 1493 egressa
693 1446 815 1489 fueris,
840 1458 883 1482 ne
918 1448 1089 1491 respicias
1115 1451 1226 1480 retro:
1264 1458 1395 1482 memor
1420 1461 1510 1484 uxo-

115 1514 166 1547 ris
191 1512 303 1555 Loth,
340 1522 429 1558 quae
453 1517 609 1546 naturam
636 1523 755 1555 suam,
792 1513 874 1558 quia
908 1511 1103 1556 impudicos
1137 1511 1219 1546 licet
1254 1514 1363 1547 castis
1396 1515 1508 1549 oculis

114 1578 299 1624 adspexit,
326 1579 461 1620 amisit3
495 1588 561 1613 uec
586 1588 753 1620 vereare,
778 1588 821 1612 ne
849 1577 930 1623 quid
958 1581 1082 1622 pereat
1107 1576 1293 1612 sacrificio.
1342 1577 1418 1625 Ego
1445 1592 1507 1625 pro

114 1647 149 1678 te
182 1630 333 1678 hostiam
364 1644 439 1679 Deo
465 1654 541 1678 meo
576 1643 737 1678 reddam:
774 1647 811 1678 tu
842 1653 906 1688 pro
940 1653 994 1677 iue
1027 1642 1169 1677 militem
1202 1642 1342 1678 Christo
1373 1644 1507 1680 habens

113 1709 240 1744 bonam
266 1710 423 1744 militiam
450 1710 641 1751 castitatis,
675 1720 764 1755 quae
789 1708 974 1754 stipendiis
1007 1708 1134 1743 militat
1159 1710 1394 1754 sempiternis,
1420 1711 1507 1745 lori-

114 1786 187 1810 cam
207 1777 384 1821 Justitiae,
411 1785 502 1821 quae
527 1775 702 1820 spirituali
726 1777 911 1810 munimine
934 1785 1062 1819 corpus
1089 1774 1229 1817 induat,
1255 1781 1387 1811 scutum
1413 1777 1506 1820 iidei,

113 1852 180 1887 quo
198 1841 322 1876 vulnus
337 1841 509 1886 repellas,
535 1842 675 1888 galeam
700 1841 837 1876 salutis.
885 1840 939 1876 Ibi
956 1844 1044 1876 enim
1062 1846 1114 1877 est
1128 1842 1343 1887 praesidium
1362 1848 1506 1879 nostrae

111 1907 240 1941 salutis
255 1934 263 1949 ‚
301 1906 362 1941 ubi
394 1912 449 1942 est
470 1907 650 1942 Christus:
676 1909 837 1954 quoniam
856 1908 1012 1942 mulieris
1032 1912 1138 1953 caput
1157 1914 1212 1943 est
1236 1910 1303 1951 vir,
1332 1910 1505 1955 virginum

114 1971 285 2006 Christus.
342 1971 388 2007 Et
420 1974 512 2007 inter
544 1973 633 2007 haee
658 1973 767 2008 verba
792 1973 1009 2018 chlamydem
1035 1975 1149 2016 exuit,
1177 1978 1364 2019 suspectus
1390 1979 1505 2008 tamen

112 2037 227 2071 adhuc
246 2036 388 2072 habitus
405 2044 439 2073 et
458 2041 695 2083 persecutoris
711 2043 746 2073 et
761 2038 925 2073 adulteri.
963 2038 1072 2084 Virgo
1087 2041 1267 2080 cervicem,
1290 2038 1503 2083 chlamydem

113 2105 229 2147 coepit
247 2103 348 2138 miles
369 2103 507 2139 offerre.
537 2104 633 2144 Quae
654 2113 782 2149 pompa
801 2103 880 2137 illa:
901 2113 990 2149 quae
1003 2105 1130 2148 gratia,
1152 2113 1227 2137 cum
1240 2103 1446 2148 inlupanari
1460 2103 1503 2139 de

109 2170 266 2203 martirio
292 2172 478 2204 certarent.
520 2169 706 2204 Addantur
720 2178 893 2214 personae
907 2168 1007 2203 miles
1026 2172 1060 2203 et
1076 2170 1187 2215 virgo.
1221 2168 1294 2204 Hae
1312 2169 1502 2215 dissimiles

111 2235 202 2268 inter
222 2244 261 2269 se
290 2239 435 2270 natura:
462 2235 526 2272 sed
548 2236 613 2273 Dei
633 2236 858 2285 miseratione
878 2234 1098 2277 consimiles,
1130 2239 1168 2269 ut
1187 2234 1403 2280 compleatur
1421 2245 1502 2269 ora-

109 2298 222 2333 culum
234 2310 241 2332 2
253 2302 334 2332 tunc
348 2299 421 2344 lupi
439 2307 474 2338 et
494 2305 578 2348 agni
597 2303 699 2338 simul
710 2304 908 2347 pascentur.
933 2298 1023 2334 Ecce
1038 2310 1131 2346 agna
1146 2304 1180 2335 et
1193 2300 1296 2345 lupus
1307 2311 1376 2334 non
1390 2299 1501 2334 solum

110 2363 212 2408 simul
236 2368 443 2408 pascuntur,
478 2365 543 2399 sed
569 2367 673 2400 etiam
697 2366 928 2410 immolantur.
979 2364 1069 2404 Quid
1094 2365 1226 2410 plura?
1272 2364 1408 2400 Mutato
1434 2365 1501 2400 ha-

108 2429 185 2464 bitu
212 2429 329 2464 evolat
352 2430 471 2475 puella
497 2430 539 2465 de
564 2431 711 2476 laqueo:
733 2433 806 2477 Jam
832 2441 903 2465 non
927 2431 1001 2464 suis
1027 2429 1107 2471 alls,
1133 2432 1254 2473 utpote
1276 2439 1363 2474 quae
1392 2431 1499 2475 spiri-

106 2495 260 2530 tualibus
284 2495 465 2530 serebatur
503 2499 556 2537 et,
592 2497 686 2541 quod
715 2497 812 2531 nulla
835 2505 985 2541 unquam
1007 2494 1170 2529 viderunt
1194 2494 1358 2538 saecula,
1393 2506 1498 2543 egre-

109 2560 203 2596 ditur
227 2560 270 2596 de
296 2561 458 2606 lupanari
480 2563 581 2608 virgo
609 2560 749 2596 Christi.
798 2561 846 2596 At
867 2561 931 2603 illi,
959 2561 1017 2605 qui
1040 2558 1207 2594 videbant
1233 2560 1344 2595 oculis
1369 2564 1404 2596 et
1427 2573 1498 2597 non

106 2625 274 2662 videbant
297 2627 416 2670 corde,
443 2638 506 2663 ceu
529 2632 690 2672 raptores
717 2626 761 2662 ad
786 2636 911 2673 agnam
936 2626 1010 2671 lupi
1034 2625 1206 2660 fremuere
1239 2625 1286 2660 ad
1317 2627 1495 2672 praedam.

86 2689 221 2741 Unus,
256 2695 315 2739 qui
346 2698 422 2730 erat
450 2693 712 2738 immodestior,
750 2693 926 2737 introivit,
967 2690 1032 2727 sed
1064 2691 1125 2726 ubi
1149 2691 1267 2728 hausit
1298 2693 1411 2728 oculis
1444 2694 1497 2729 rei

1128 2757 1173 2793 18
1196 2756 1215 2777 *
