1742 3005
247 135 298 172 :34
511 136 605 183 (ξαρ,
643 134 688 170 V.
750 135 807 169 De
838 139 967 169 sancto
998 131 1148 170 'l'homa
1178 133 1366 184 apostolo.

246 241 454 286 perlegimus
481 240 672 282 scripturas
700 235 920 282 apocryphas
951 237 1006 280 ¹):
1048 236 1169 282 legunt
1193 239 1386 283 scripturas
1412 237 1633 283 apocryphas

246 305 456 341 Manichaei.
485 304 600 337 nescio
627 312 647 335 a
674 301 799 346 quibus
817 302 854 344 2)
879 301 1055 335 sutoribus
1082 300 1278 336 fabularum
1307 303 1371 337 sub
1394 302 1632 348 apostolorum

248 374 381 406 nomine
407 371 577 413 scriptas,
625 377 715 412 quae
744 377 884 400 suorum
911 368 1118 412 scriptorum
1140 367 1356 412 temporibus
1380 370 1416 402 in
1441 369 1631 403 auctorita-

246 444 311 472 tem
336 439 478 470 sanctae
504 434 673 468 ecclesiae
701 433 807 477 recipi
834 436 1067 474 mererentur,
1095 434 1125 466 si
1150 434 1263 466 sancti
1287 437 1322 467 et
1346 433 1437 467 docti
1462 433 1630 475 homines,

247 505 304 548 qui
327 507 406 535 tunc
433 503 466 534 in
495 500 559 534 hac
582 501 655 533 vita
680 502 779 533 erant
803 502 837 532 et
865 499 1064 532 examinare
1090 502 1273 543 poterant,
1301 509 1362 533 eos
1387 508 1473 538 vera
1495 498 1631 533 locutos

246 579 324 603 esse
351 570 614 613 cognoscerent.
640 564 690 599 Ibi
718 568 831 598 tamen
854 564 987 610 legunt,
1016 564 1211 608 apostolum
1229 563 1410 607 Tliomain,
1437 574 1512 599 cuin
1538 569 1632 599 esset

248 639 278 667 'in
305 632 453 679 quodam
480 633 674 676 nuptiarum
700 631 860 663 convivio
887 631 1094 675 peregrinus
1121 633 1155 664 et
1180 640 1324 674 prorsus
1350 632 1567 676 incognitus,
1610 639 1631 663 a

246 700 393 745 quodam
422 699 579 731 ministro
606 696 720 740 palma
747 705 947 739 percussum
973 697 1196 740 imprecatum
1233 696 1341 730 fuisse
1365 695 1494 730 homiui
1520 696 1630 729 conti-

244 776 343 799 nuam
370 772 581 806 saevamque
607 761 803 795 vindictam.
852 761 937 795 Nam
964 771 1065 806 quum
1092 771 1257 806 egressus
1284 761 1408 796 suisset
1431 761 1474 795 ad
1501 761 1629 809 sontem

246 841 343 864 unum
373 833 406 863 et
430 838 555 873 aquam
580 826 846 860 convivantibus
874 827 1107 867 ministraret,
1133 827 1166 859 in
1193 837 1268 860 eum
1293 827 1348 861 leo
1371 828 1550 861 incurrens
1578 828 1627 859 in-

245 897 379 930 teremit
405 903 609 938 manumque
635 893 686 932 ei,
740 901 807 936 qua
835 895 939 936 caput
967 892 1120 936 apostoli
1144 892 1213 926 levi
1239 894 1307 926 ictu
1332 896 1572 937 percusserat,
1609 902 1629 925 a

242 972 388 1006 corpore
405 959 560 994 avulsam
583 957 767 991 secundum
793 956 934 992 verbum
949 957 1103 1002 ejusdem
1131 958 1283 1002 apostoli
1306 958 1337 991 id
1355 960 1508 1003 optantis
1523 962 1628 1003 atque

204 1064 208 1065 ⁷
242 1027 463 1072 imprecantis
489 1026 584 1058 canis
613 1024 726 1057 intulit
752 1024 893 1064 niensis,
919 1023 1044 1068 quibus
1071 1025 1146 1068 ipse
1171 1024 1352 1069 apostolus
1379 1023 1628 1058 discumbebat.

244 1091 333 1132 Quid
359 1091 422 1124 lioc
449 1090 559 1124 videri
584 1089 758 1124 crudelius
786 1090 932 1134 potest?
979 1088 1103 1139 Verum
1132 1092 1213 1135 quia
1237 1090 1298 1126 ibi.
1326 1092 1393 1124 nisi
1418 1094 1532 1124 tamen
1562 1089 1627 1123 sal-

243 1160 316 1199 lor,
351 1157 415 1191 lioc
440 1157 543 1190 etiam
567 1157 731 1200 scriptum
760 1158 833 1196 est,
862 1154 954 1199 quod
979 1157 1010 1189 ei
1036 1158 1170 1190 veniam
1197 1158 1230 1190 in
1256 1156 1398 1190 saeculo
1426 1156 1540 1189 futuro
1567 1166 1627 1199 per-

241 1225 344 1258 tierit.
393 1221 501 1256 Facta
527 1226 579 1256 est
604 1225 716 1255 autem
743 1222 979 1265 compensatio
1007 1221 1155 1256 benificii
1181 1223 1337 1267 majoris,
1364 1225 1400 1255 ut
1424 1225 1458 1255 et
1484 1225 1628 1265 aposto-

242 1292 306 1325 lus.
339 1298 440 1333 qnam
464 1297 566 1321 carus
591 1287 664 1321 Deo
691 1290 796 1327 esset,
824 1296 886 1332 per
910 1285 999 1320 hunc
1020 1288 1176 1322 timorem
1204 1287 1501 1322 commendaretur
1525 1288 1626 1332 igno-

242 1357 284 1388 tis
313 1358 346 1388 et
374 1353 423 1387 illi
447 1357 526 1397 post
551 1352 639 1385 lianc
665 1353 768 1385 vitam
795 1351 1003 1396 quandoque
1038 1353 1220 1387 finiendam
1245 1355 1276 1387 in
1302 1358 1478 1388 aeternum
1501 1362 1626 1385 conso-

242 1421 406 1454 larentur.
459 1417 573 1452 Utrum
600 1417 661 1450 illa
689 1426 772 1452 vera
795 1418 840 1451 sit
864 1426 908 1450 an
932 1418 1077 1451 conficta
1102 1420 1278 1461 narratio,
1330 1418 1415 1452 nihil
1440 1427 1516 1452 mea
1540 1427 1627 1451 nuno

242 1488 398 1519 interest.
447 1483 549 1518 Certe
574 1484 662 1517 enim
686 1482 900 1524 Manichaei,
926 1492 947 1516 a
972 1483 1096 1528 quihus
1122 1484 1206 1519 illae
1230 1487 1438 1529 scripturae,
1466 1493 1553 1528 quas
1566 1492 1625 1517 ca-

243 1561 308 1583 non
334 1549 592 1583 ecclesiasticus
619 1550 771 1593 respuit,
805 1552 979 1593 tamquam
1006 1559 1111 1584 verae
1138 1560 1178 1583 ac
1209 1551 1366 1584 sincerae
1387 1553 1625 1593 acceptantur,

240 1615 363 1649 saltem
391 1613 476 1648 haec
501 1619 672 1659 coguntur
698 1613 821 1656 fateri,
847 1614 941 1648 illam
967 1615 1157 1658 patientiae
1185 1617 1364 1655 virtutem,
1399 1624 1500 1659 quam
1525 1614 1625 1648 docet

240 1682 397 1713 <lominus
422 1679 557 1713 dicens:
584 1681 612 1713 si
639 1681 715 1724 quis
740 1683 774 1713 te
798 1681 1011 1724 percusserit
1037 1681 1070 1713 in
1097 1681 1270 1714 maxillam
1297 1681 1466 1722 dextram,
1494 1679 1625 1724 praebe

241 1749 269 1778 ei
296 1748 469 1779 sinistram
485 1773 492 1787 ,
527 1755 632 1789 posse
658 1755 737 1780 esse
762 1747 796 1779 in
822 1749 1091 1791 praeparatione
1116 1746 1252 1787 cordis,
1309 1748 1446 1780 etiamsi
1471 1757 1537 1780 non
1563 1757 1625 1780 ex-

241 1812 400 1845 'iubeatur
433 1816 534 1856 gestu
566 1813 725 1856 corporis
759 1815 793 1846 et
823 1814 1051 1857 expressione
1086 1811 1287 1854 verborum,
1344 1812 1623 1856 quandoquidem

239 1877 421 1921 apostolus
456 1877 569 1921 palma
598 1888 783 1921 percussus
812 1879 928 1922 potius
960 1878 1131 1912 dominum
1167 1879 1326 1923 rogavit,
1379 1881 1415 1910 ut
1449 1878 1622 1921 injurioso

238 1944 361 1976 tuemini
390 1945 421 1975 in
449 1943 563 1976 l'uturo
588 1943 728 1977 saeculo
754 1947 967 1987 parceretur,
1005 1946 1038 1978 in
1067 1945 1245 1989 praesenti
1269 1947 1382 1977 autem
1410 1942 1470 1976 illa
1494 1943 1623 1987 injuria

236 2019 301 2041 mni
332 2009 436 2042 multa
464 2009 729 2053 relinipieretur,
753 2018 853 2053 qnam
880 2009 933 2044 vel
959 2009 1119 2054 praebuit
1147 2009 1282 2043 ferienti
1304 2009 1448 2042 alteram
1475 2011 1621 2052 partem,

191 2064 196 2067 ¹
238 2080 295 2106 ,ιιιὶ
325 2079 357 2108 ut
385 2076 505 2107 iterum
534 2075 673 2110 sei-iret.
714 2074 901 2109 admonuit.
951 2074 1110 2109 Tenebat
1132 2079 1225 2109 certe
1252 2075 1396 2107 interius
1423 2072 1622 2108 dilectionis

238 2142 395 2173 ,illectum
432 2146 463 2173 et
498 2142 649 2174 exterius
687 2140 888 2184 requirebat
920 2142 1146 2175 correctionis
1172 2140 1374 2184 exemplum.
1449 2138 1530 2172 Sive
1556 2137 1621 2171 hoo

239 2216 352 2237 »erum
379 2207 423 2238 sit
448 2206 728 2247 sirei-«inliciunt,
755 2216 816 2239 cur
833 2194 958 2240 rnolunt
978 2206 1121 2241 eredere
1146 2206 1207 2239 tali
1233 2206 1347 2239 animo
1373 2204 1533 2237 famulum
1557 2202 1620 2237 Dei

240 2270 383 2313 sumpse„
416 2270 511 2315 >doli
548 2271 778 2306 fabricatores
811 2271 931 2317 gladio
966 2273 1214 2316 prostravisse.
1287 2270 1324 2303 Si
1349 2273 1461 2303 autem
1487 2277 1620 2312 poenas

237 2336 314 2367 illas
340 2346 600 2379 coniparanuis,
643 2338 723 2382 quid
749 2339 861 2372 simile
888 2338 981 2372 l'erro
1006 2338 1153 2371 interimi
1179 2341 1212 2371 et
1240 2346 1260 2370 a
1289 2336 1370 2370 seris
1394 2336 1540 2368 cruciari
1567 2337 1620 2367 at-

237 2413 302 2434 une,
328 2401 481 2436 laniari?
530 2402 816 2448 Quamloquidem
838 2404 976 2448 Judices
1002 2402 1149 2448 publicis
1175 2402 1313 2447 legibus
1339 2401 1532 2435 servientes
1548 2408 1621 2432 ma-

231 2468 321 2509 ieris
347 2469 498 2501 criminis
527 2479 605 2502 reos
633 2468 755 2503 bestiis
791 2469 892 2503 subdi
929 2473 963 2503 et
998 2468 1119 2513 gladio
1154 2468 1286 2512 percuti
1319 2465 1455 2511 Jubent.
1529 2464 1620 2498 Haec

236 2532 463 2575 Augustinus.
520 2532 616 2566 Tunc
641 2534 823 2578 apostolus
855 2534 897 2568 ad
924 2535 1125 2579 petitionem
1151 2534 1246 2577 regis
1271 2541 1435 2576 sponsum
1459 2532 1494 2563 et
1514 2538 1619 2572 spon-

235 2606 304 2627 sam
335 2595 531 2630 benedixit:
584 2598 648 2634 ila.
695 2601 875 2644 inquiens,
928 2599 1065 2633 domine
1091 2596 1373 2632 adolescentibus
1399 2594 1450 2627 liis
1476 2592 1621 2628 benedi-

307 2740 329 2761 ¹³
352 2738 399 2765 Ιιιί.
423 2742 462 2764 Ιϊ.
485 2750 501 2772 1»
513 2751 526 2763 e
541 2751 550 2759 v>
563 2741 567 2765 l
581 2753 594 2760 ν’
608 2751 639 2766 2·
652 2752 675 2766 ιιι
690 2752 705 2767 ιι
717 2753 738 2769 κ,
826 2744 854 2775 ’2)
874 2741 1080 2770 affluentiores:
1107 2740 1203 2766 sic-lo
1215 2739 1271 2764 rii·
1284 2746 1331 2764 us.
