1742 3005
172 48 270 97 Cap.
293 46 411 83 CXll.
452 47 510 83 De
530 46 748 83 inventione
767 46 886 82 sancti
907 45 1041 95 Steph.
1059 46 1346 95 protomartiris.
1379 43 1459 82 463

72 156 217 198 quartus
244 162 326 187 vero
352 155 542 197 argenteus
567 161 671 185 croco
698 150 819 195 plenus
846 154 900 184 cst
924 148 1061 183 Abibae
1086 148 1147 182 filii
1171 150 1260 190 mei,
1295 149 1354 194 qui
1378 159 1460 183 can-

71 218 159 252 dore
184 218 398 262 virginitatis
424 216 581 260 pollebat
617 221 650 250 et
684 216 829 250 mundus
865 215 907 250 de
942 213 1067 248 mundo
1104 215 1222 248 exivit.
1271 214 1331 249 His
1357 216 1460 250 dictis

70 285 192 317 iterum
236 282 420 326 disparuit.
479 277 583 316 Fe'ria
624 286 736 315 autem
771 280 825 315 Vl.
861 281 1039 325 sequentis
1070 279 1314 316 hebdomadae
1349 282 1460 317 eidem

69 348 179 381 iratus
205 349 370 391 apparuit
394 351 429 381 et
454 346 497 381 de
522 347 691 381 dilatione
717 351 750 380 et
774 346 991 391 negligentia
1017 355 1092 378 eum
1120 348 1278 390 graviter
1297 348 1458 391 increpa-

68 414 126 446 vit.
178 411 348 447 Continuo
385 414 494 458 igitur
524 412 701 446 Lucianus
736 410 1002 444 Hierosolimam
1035 409 1123 443 adiit
1149 414 1182 443 et
1205 410 1358 444 Johanni
1383 413 1459 455 epi-

67 487 174 522 scopo
201 482 323 512 cuncta
348 488 410 522 per
434 477 589 510 ordinem
615 477 802 510 enarravit.
852 475 1006 520 Pergunt
1038 476 1146 519 igitur
1178 485 1251 509 cum
1278 475 1358 510 aliis
1384 478 1459 521 epi-

67 545 184 588 scopis
216 543 398 577 accersitis
435 541 480 574 ad
512 541 623 574 locum
659 540 875 585 praedictum
899 539 1056 574 Luc-iano
1083 545 1281 583 ostensum,
1315 552 1460 587 cumque

65 610 266 652 coepissent
301 606 435 648 fodere,
469 611 565 641 terra
595 608 791 640 concutitur
824 611 858 640 et
891 607 1122 640 suavissimus
1165 605 1254 639 odor
1298 609 1457 641 sentitur.

65 673 118 708 Ad
143 674 242 718 cujus
267 672 386 706 odoris
413 673 533 706 miram
560 671 788 716 fragrantiam
814 673 946 706 meritis
967 675 1164 705 sanctorum
1183 671 1280 705 LXX
1302 671 1459 707 homines

65 748 86 772 a
103 738 252 773 diversis
266 738 523 772 infirmitatibus
542 737 739 771 liberantur
757 738 876 782 sicque
897 739 930 771 in
949 737 1099 771 ecclesia
1120 736 1269 781 ¹)Syon,
1298 747 1387 782 quae
1405 743 1459 772 est

63 805 99 838 in
121 803 328 845 Jerusalem,
357 803 416 837 uhi
445 807 587 837 sanctus
607 802 808 847 Stephanus
827 802 1074 847 archidyaconi
1099 802 1217 836 officio
1236 802 1372 836 functus
1391 807 1458 844 est,

65 878 140 903 cum
165 878 292 914 magno
318 868 449 914 gaudio
476 872 673 902 sanctorum
701 868 868 913 reliquias
896 868 1151 901 transtulerunt
1183 872 1216 901 ct
1243 877 1302 902 eas
1329 867 1457 903 ibidem

51 934 256 979 ‘honorifice
297 933 537 968 condiderunt.
585 933 639 967 Ea
677 938 790 967 autem
827 932 916 967 hora
952 932 1072 977 pluvia
1105 943 1233 978 magna
1266 933 1458 968 descendit.

16 981 27 986 ἰ
63 999 172 1044 Hujus
198 1001 346 1033 visionis
372 1002 406 1034 et
431 1000 641 1033 inventionis
666 1000 874 1033 mentionem
903 998 986 1032 facit
1012 998 1108 1033 Beda
1132 1001 1165 1033 in
1190 998 1357 1033 chronica
1382 1010 1456 1034 sua.

62 1065 155 1100 Haec
187 1066 340 1100 inventio
375 1066 489 1099 sanc-ti
523 1064 692 1108 Stephani
731 1064 827 1098 sacta
862 1070 915 1098 est
941 1075 984 1099 ea
1009 1065 1088 1107 die,
1125 1075 1193 1110 qua
1226 1067 1302 1109 eJ'us
1336 1067 1458 1109 passio

62 1130 261 1166 celebratur
292 1134 326 1165 et
357 1131 434 1175 ejus
467 1131 588 1174 passio
623 1131 658 1163 in
691 1129 757 1164 hac
791 1130 848 1164 die
882 1130 992 1164 fuisse
1027 1130 1164 1166 dicitur.
1212 1129 1319 1164 Festa
1345 1136 1458 1166 autem

67 1195 111 1230 ab
137 1196 290 1231 ecclesia
314 1200 446 1230 mutata
471 1201 550 1230 sunt
576 1195 708 1239 duplici
734 1197 880 1229 ratione.
929 1195 1044 1230 Prima
1069 1200 1140 1237 est,
1168 1198 1330 1241 quoniam
1357 1196 1459 1230 Chri-

63 1265 138 1295 stus
162 1261 244 1296 ideo
268 1265 370 1295 natus
397 1266 450 1296 est
474 1263 509 1295 in
532 1262 658 1302 terris,
686 1266 721 1294 ut
745 1260 847 1295 homo
876 1265 1080 1296 nasceretur
1104 1263 1139 1295 in
1165 1262 1287 1296 coelis.
1335 1262 1460 1297 Decuit

66 1327 175 1368 enim,
200 1330 238 1360 ut
262 1327 438 1360 nativitati
465 1326 595 1361 Christi
621 1328 883 1361 continuaretur
910 1327 1026 1361 natale
1052 1329 1165 1361 sancti
1188 1327 1372 1372 Stephani,
1400 1330 1459 1373 qui

66 1392 196 1434 primus
231 1401 295 1435 pro
332 1391 472 1425 Christo
504 1394 696 1426 martirium
730 1394 915 1434 sustinuit,
949 1392 1040 1437 quod
1074 1397 1128 1426 est
1163 1394 1259 1427 nasci
1287 1395 1319 1426 in
1344 1394 1458 1434 coelo,

66 1460 102 1489 ut
126 1466 189 1500 per
212 1455 278 1490 hoc
304 1460 504 1497 notaretur,
529 1468 631 1491 unam
656 1468 697 1491 ex
723 1458 794 1492 alia
821 1460 943 1503 sequi,
979 1458 1070 1492 unde
1099 1460 1199 1492 etiam
1230 1463 1390 1492 cantatur
1415 1458 1459 1493 de

66 1523 165 1566 ipso:
191 1521 267 1556 heri
293 1521 453 1557 Christus
482 1527 582 1556 natus
611 1527 665 1557 est
690 1525 722 1556 in
749 1525 875 1566 terris,
911 1528 947 1558 ut
973 1524 1079 1558 hodie
1106 1523 1306 1568 Stephanus
1333 1534 1458 1559 nasce-

67 1591 162 1622 retur
186 1589 220 1621 in
244 1588 364 1622 coelis.
413 1587 577 1622 Secunda
602 1590 692 1622 ratio
720 1593 793 1631 est,
836 1592 997 1635 quoniam
1033 1590 1157 1624 festum
1193 1590 1236 1624 de
1262 1591 1460 1625 inventione

66 1653 269 1688 sollemnius
296 1653 490 1699 agebatur,
520 1664 622 1699 quam
650 1654 775 1689 festum
801 1656 843 1690 de
872 1657 1039 1701 passione
1066 1661 1100 1690 et
1124 1655 1191 1690 hoc
1217 1660 1285 1690 tum
1316 1661 1461 1701 propter

67 1720 296 1753 reverentiam
321 1721 516 1754 nativitatis
543 1720 695 1763 domini,
728 1725 798 1755 tum
833 1726 980 1766 propter
1010 1722 1118 1756 multa
1149 1722 1334 1763 miracula,
1370 1732 1460 1767 quae

65 1786 101 1819 in
134 1786 246 1830 ipsius
279 1786 477 1820 inventione
516 1785 674 1820 dominus
712 1787 877 1822 ostendit.
928 1787 1018 1827 Quia
1050 1798 1136 1833 ergo
1181 1789 1301 1832 passio
1347 1789 1459 1832 ipsius

67 1850 210 1896 dignior
245 1853 299 1886 est
332 1861 435 1896 quam
469 1852 623 1886 inventio
659 1856 693 1887 ct
719 1852 762 1886 ob
790 1852 858 1886 hoc
883 1852 1088 1887 sollemnior
1114 1853 1218 1888 debet
1246 1864 1345 1895 esse,
1380 1853 1461 1887 ideo

64 1916 218 1950 eeclesia
249 1915 375 1950 festum
409 1916 452 1951 de
477 1918 644 1961 passione
679 1917 724 1951 ad
751 1918 835 1951 illud
861 1922 997 1962 tempus
1022 1918 1221 1960 transtulit,
1256 1920 1291 1952 in
1323 1929 1390 1964 quo
1426 1920 1461 1952 in

65 1980 227 2024 ampliori
260 1982 461 2014 reverentia
484 1981 666 2016 habeatur.
716 1981 920 2016 Translatio
955 1987 1070 2017 autem
1105 1987 1205 2028 ejus,
1239 1988 1276 2016 ut
1307 1985 1357 2017 ait
1386 1984 1461 2017 Au-

65 2046 248 2090 gustinus,
285 2043 353 2078 hoc
377 2044 480 2078 modo
506 2045 582 2078 fuit.
630 2046 716 2079 Nam
741 2045 944 2080 Alexander
967 2051 1111 2081 senator
1135 2047 1456 2092 Constantinopoli-

64 2115 166 2144 tanus
193 2109 387 2145 Jerusalem
413 2119 488 2144 cum
513 2120 622 2145 uxore
646 2120 711 2144 sua
737 2110 825 2144 adiit
849 2115 883 2145 et
911 2113 1150 2155 protomartiri
1177 2111 1356 2156 Stephano
1381 2113 1459 2157 pul-

64 2174 270 2210 cherrimum
307 2176 498 2209 oratorium
533 2177 727 2210 construxit
756 2186 798 2210 ac
830 2180 910 2220 post
951 2180 1027 2221 eJus
1061 2177 1192 2211 obitum
1232 2178 1336 2222 juxta
1381 2181 1458 2222 eJus

66 2246 258 2284 corpus*se
283 2240 428 2284 sepeliri
453 2240 548 2275 fecit.
597 2239 756 2275 Evolutis
778 2252 863 2287 ergo
890 2241 952 2276 VII
977 2244 1077 2276 annis
1104 2242 1243 2277 Juliana
1269 2245 1345 2287 eJ'us
1370 2254 1459 2277 uxor

63 2307 98 2338 in
125 2305 272 2349 patriam
298 2314 395 2338 suam
424 2305 544 2339 volens
569 2306 705 2349 redire,
740 2311 861 2352 utpote
887 2317 975 2352 quae
1001 2318 1021 2342 a
1049 2308 1266 2353 principibus
1294 2309 1456 2352 injuriam

63 2369 285 2414 patiebatur,
327 2378 454 2413 corpus
497 2371 562 2404 viri
603 2371 713 2406 voluit
753 2373 903 2408 deferre.
954 2373 1055 2413 Quod
1098 2383 1172 2407 cum
1209 2373 1252 2407 ab
1288 2374 1455 2417 episcopo

63 2434 180 2468 multis
207 2434 373 2479 precibus
399 2435 636 2479 postulasset,
666 2439 853 2482 episcopus
880 2438 968 2472 duos
995 2438 1130 2472 loeulos
1158 2442 1348 2483 argenteos
1372 2449 1456 2483 pro-

62 2499 143 2534 tulit
175 2499 312 2534 dicens:
346 2510 415 2533 non
449 2500 551 2542 novi,
591 2503 668 2546 quis
702 2504 750 2538 sit
781 2515 823 2539 ex
855 2503 911 2539 his
935 2503 1072 2539 loculus
1097 2504 1164 2538 viri
1187 2504 1249 2537 tui.
1297 2502 1342 2537 Et
1372 2503 1454 2537 illa:

130 2643 158 2675 l)
176 2643 271 2675 syon
290 2651 397 2670 vocem
417 2642 529 2670 omittit
549 2642 602 2669 Ed.
620 2645 664 2670 Pr.
