1742 3005
263 91 358 141 Cap.
391 91 615 130 CLXXXII.
680 93 738 129 De
770 92 1010 131 dedicatione
1041 95 1235 132 ecclesiae.
1359 95 1442 134 849

59 196 135 240 ojus
169 195 331 230 custodia
364 196 532 242 deputata
564 198 629 232 suit
662 201 696 232 et
731 197 859 232 ibidem
895 200 1045 243 quievit,
1094 209 1284 245 resurgens
1323 210 1443 245 pacem

59 261 242 306 discipulis
267 264 449 305 mnitiarit,
483 267 516 298 et
549 275 610 308 pro
638 264 691 298 his
719 265 853 309 gratias
878 263 951 298 Deo
988 264 1178 299 reddimus.
1227 265 1296 300 Has
1331 270 1445 301 autem

60 326 180 361 laudes
206 328 357 373 qualiter
381 328 454 363 Deo
492 330 675 364 exsolvere
704 329 916 371 debeamus,
951 329 1035 363 dicit
1066 330 1282 365 Bernardus:
1318 331 1445 366 fratres

59 394 137 435 mei,
175 394 392 428 immolantes
427 394 576 428 hostiam
616 395 731 428 laudis
755 396 942 439 jungamus
977 395 1094 429 verbis
1127 406 1287 437 sensum,
1329 399 1449 430 sensui

60 457 240 500 affectum,
269 459 408 494 affectui
441 460 728 501 exsultationem,
762 460 988 493 exsultationi
1016 462 1270 501 maturitatem,
1304 464 1447 495 maturi—

59 525 123 556 tati
152 524 397 566 humilitatem,
427 524 612 558 humilitati
638 524 845 559 libertatem.
897 524 1022 563 Quinto
1050 529 1288 567 consecratur,
1318 531 1354 560 ut
1378 527 1447 560 ibi-

61 587 137 622 dem
180 594 399 624 sacramenta
442 589 685 624 ecclesiastica
725 591 974 623 ministrentur.
1040 589 1136 625 Unde
1181 593 1260 635 ipsa
1301 592 1452 626 ecclesia

60 653 210 688 efficitur
235 657 334 700 quasi
361 657 440 699 ipsa
463 654 613 688 taberna
641 654 727 696 Dei,
766 656 799 688 in
825 665 892 700 qua
919 660 1138 690 sacramenta
1171 658 1393 692 eontinentur
1418 663 1452 693 et

61 721 309 754 ministrantur.
367 719 545 760 Quaedam
588 721 676 755 enim
721 722 960 754 ministrantur
995 725 1029 755 et
1066 721 1192 756 dantur
1225 723 1449 765 intrantibus,

60 789 96 819 ut
121 784 333 830 baptismus3
371 785 543 831 quaedam
569 785 797 827 exeuntibus,
832 786 965 820 scilicet
990 791 1146 821 extrema
1171 791 1306 828 unctio3
1341 800 1450 834 quae-

59 850 136 885 dam
168 851 476 893 commorantibus,
509 855 542 885 e't
568 850 687 885 horum
719 851 856 896 quidam
883 857 961 885 sunt
987 854 1243 894 ministrantes,
1270 853 1323 888 his
1350 855 1452 889 datur

60 916 167 959 ordo;
205 916 346 962 quidam
377 920 598 962 pugnantes,
638 920 672 950 et
702 916 823 949 horum
859 916 996 961 quidam
1034 927 1174 963 pugnae
1211 918 1449 959 succumbunt,

60 982 114 1016 his
142 982 246 1016 datur
269 983 504 1026 poenitentia;
538 980 676 1026 quidam
710 982 896 1021 insistunt,
935 986 968 1015 et
1001 981 1054 1015 his
1092 983 1271 1017 confertur
1303 984 1451 1018 audacia

60 1049 185 1090 animi,
210 1052 249 1081 ut
273 1047 501 1088 roborentur,
539 1051 573 1081 et
599 1046 665 1081 hoc
695 1057 757 1091 per
783 1046 1097 1090 confirmationem;
1134 1049 1237 1082 datur
1263 1049 1379 1091 cibus,
1414 1054 1451 1084 ut

61 1117 319 1155 sustententur,
354 1117 388 1146 et
413 1112 479 1147 hoc
504 1123 568 1157 per
592 1113 827 1147 eucharistiae
854 1114 1080 1155 sumnonem,
1108 1113 1143 1148 lit
1169 1116 1314 1149 remotio
1341 1117 1449 1159 impe-

60 1180 224 1221 dimenti,
250 1189 293 1212 ne
321 1178 549 1222 dejiciantur,
578 1183 611 1213 et
636 1178 701 1212 hoc
726 1189 790 1222 per
815 1180 1022 1212 matrimonii
1046 1181 1337 1224 conjunctionem.
1388 1181 1452 1216 Se-

60 1245 171 1279 cundo
198 1244 382 1280 videndum
409 1249 481 1286 est,
511 1244 663 1289 qualiter
682 1248 930 1286 consecratur,
958 1244 1020 1278 sed
1048 1248 1157 1289 primo
1175 1245 1217 1279 de
1236 1245 1360 1288 altari,
1393 1256 1450 1281 se-

60 1311 173 1345 cundo
198 1310 241 1345 de
258 1310 421 1345 ecclesia.
448 1309 503 1344 Ad
522 1311 820 1344 consecrationem
842 1314 955 1343 autem
976 1310 1099 1344 altaris
1116 1311 1216 1356 plura
1231 1317 1451 1347 concurrunt.

61 1377 175 1412 Primo
203 1377 292 1411 enim
320 1379 470 1420 quatuor
495 1385 614 1409 cruces
641 1374 683 1409 de
711 1384 803 1420 aqua
827 1374 1014 1409 benedicta
1048 1377 1081 1409 in
1114 1381 1264 1422 quatuor
1290 1378 1452 1412 cornibus

63 1443 187 1477 altaris
213 1441 495 1487 configurantur,
530 1440 681 1475 secundo
710 1442 819 1485 ipsum
847 1442 979 1485 septies
1006 1443 1193 1485 circuitur,
1231 1445 1334 1477 tertio
1361 1454 1453 1489 aqua

62 1508 250 1543 benedicta
272 1517 346 1542 cum
371 1518 482 1552 ysopo
511 1508 641 1551 septies
667 1506 911 1551 adspergitur,
946 1512 1070 1551 quarto
1104 1509 1279 1542 incensum
1316 1510 1348 1543 in
1375 1512 1451 1554 ipso

64 1578 248 1615 crematur,
279 1574 399 1618 quinto
424 1572 612 1607 chrismate
642 1573 831 1617 inungitur,
859 1577 958 1605 sexto
985 1573 1119 1606 mundis
1140 1576 1263 1617 pannis
1284 1577 1451 1619 operitur.

63 1640 156 1675 Haeo
188 1644 300 1674 autem
336 1640 606 1683 repraesentant
637 1649 697 1680 ea,
745 1649 832 1684 quae
868 1638 997 1672 dehent
1032 1639 1163 1674 habere
1200 1640 1272 1681 itti,
1315 1642 1373 1685 qui
1407 1641 1452 1675 ad

63 1707 176 1742 altare
201 1704 384 1740 accedunt.
432 1704 569 1739 Debent
593 1705 682 1739 enim
708 1707 818 1749 primo
840 1704 971 1739 habere
989 1706 1167 1739 caritatem
1191 1706 1451 1750 quadruplicem

63 1783 127 1817 per
152 1781 288 1806 crucem
317 1772 541 1816 acquisitam,
567 1774 604 1804 ut
630 1771 765 1804 scilicet
789 1771 939 1816 diligant
963 1770 1092 1812 Deum,
1120 1781 1157 1805 se
1183 1773 1294 1816 ipsos,
1323 1774 1452 1808 amicos

64 1843 99 1874 et
122 1839 292 1872 inimicos.
339 1834 382 1870 Et
406 1835 493 1870 haec
519 1837 704 1882 signantur
728 1847 791 1880 per
817 1841 966 1881 quatuor
990 1846 1111 1870 cruces
1137 1837 1170 1869 in
1197 1842 1347 1881 quatuor
1373 1849 1451 1872 cor-

64 1904 166 1939 nibus
192 1903 314 1938 altaris
342 1902 465 1936 factas.
512 1901 557 1936 Et
591 1902 632 1936 de
666 1902 720 1936 his
755 1906 906 1947 quatuor
938 1901 1102 1935 cornibus
1135 1904 1292 1937 caritatis
1327 1904 1454 1939 dicitur

66 1972 99 2004 in
126 1969 252 2005 Genes.
278 1967 442 2005 XXVIIL·
467 1967 674 2002 dilataberis
691 1968 732 2002 ad
753 1970 919 2002 orientem
938 1971 972 2001 et
989 1966 1215 2009 occidentem,
1242 1972 1454 2013 septentrio-

66 2046 141 2070 nem
177 2039 211 2069 et
242 2033 431 2068 meridiem.
479 2033 545 2068 Vel
580 2034 658 2068 ideo
697 2038 846 2078 quatuor
883 2042 1004 2066 cruces
1042 2034 1075 2065 in
1109 2038 1258 2077 quatuor
1289 2035 1453 2069 cornibus

66 2101 152 2135 fiunt
179 2099 223 2134 ad
249 2097 538 2144 significandum,
575 2098 668 2142 qnod
705 2097 864 2131 Christus
896 2107 957 2140 per
989 2106 1121 2129 crucem
1157 2102 1307 2141 quatuor
1339 2099 1455 2133 mundi

68 2170 188 2212 partes
218 2164 380 2200 salvavit.
430 2162 492 2197 Vel
525 2162 604 2196 ideo
640 2162 682 2196 ad
718 2161 1005 2208 significandum,
1039 2161 1130 2206 quod
1165 2171 1298 2196 crucem
1325 2163 1453 2197 domini

69 2236 221 2278 quatuor
246 2229 358 2264 modis
386 2228 552 2263 dehemus
578 2233 731 2272 portare,
759 2228 894 2261 scilicet
913 2228 945 2261 in
964 2227 1070 2261 corde
1096 2238 1158 2271 per
1183 2227 1453 2270 meditationem,

68 2300 103 2332 in
127 2307 189 2332 ore
215 2307 277 2341 per
302 2294 580 2336 consessionem,
615 2295 649 2328 in
681 2304 828 2338 corpore
860 2304 922 2337 per
947 2292 1268 2335 mortificationem,
1299 2295 1333 2327 in
1366 2295 1456 2329 facie

69 2374 133 2409 per
165 2362 342 2396 assiduam
388 2361 664 2405 impressionem.
720 2359 880 2394 Secundo
923 2358 1050 2392 debent
1091 2358 1224 2392 habere
1268 2369 1380 2392 (uram
1423 2364 1458 2393 et

69 2428 308 2474 vigilantian1;
343 2425 436 2470 quod
474 2425 693 2471 significatur
727 2436 789 2470 per
821 2426 999 2460 circuitus.
1046 2422 1141 2458 Unde
1174 2428 1256 2457 tunc
1281 2428 1457 2458 cantatur:

71 2496 278 2529 invenerunt
310 2502 362 2526 me
396 2491 523 2536 vigiles
557 2496 621 2526 etc.
669 2491 806 2526 Debent
847 2493 934 2525 enim
976 2489 1118 2523 solliciti
1161 2489 1310 2533 vigilare
1352 2499 1459 2534 super

72 2570 218 2606 gregem
253 2568 363 2592 suum.
411 2555 506 2591 Unde
542 2557 793 2603 negligentiam
828 2556 976 2601 praelati
1015 2555 1112 2599 ponit
1151 2552 1328 2588 Gilhertus
1370 2556 1460 2590 inter

74 2625 266 2659 ridiculosa
291 2624 429 2658 dicens:
456 2623 647 2657 ridiculosa
671 2633 714 2675 an
739 2625 852 2668 magis
880 2622 1079 2667 periculosa
1106 2630 1162 2654 res
1190 2624 1243 2653 est
1260 2619 1461 2664 speculator

73 2699 218 2734 coecus,
251 2699 462 2735 praecursor
496 2688 662 2733 claudus,
701 2689 889 2734 negligens
924 2688 1122 2732 praelatus,
1160 2685 1285 2720 doctor
1309 2685 1459 2728 nescius,

1136 2751 1181 2785 54
