1742 3005
341 72 435 120 Cap.
469 71 601 107 CLVI.
661 71 718 107 De
751 77 878 106 sancto
912 71 1014 107 Luca
1045 71 1289 119 evangelista.
1427 67 1507 108 697

128 174 193 213 tls,
239 175 299 219 qui
336 174 466 208 tulistis
514 175 644 209 clavem
689 176 856 210 scientiae
899 180 961 211 etc.
1029 174 1150 209 Tertio
1189 176 1317 210 veritas
1349 175 1508 218 justitiae

129 238 324 273 ostenditur
348 238 424 274 XX.
451 249 545 284 cap:
575 240 708 275 reddite
735 251 844 287 ergo,
873 250 962 286 quae
988 240 1152 275 Caesaris
1179 245 1268 282 sunt,
1296 239 1439 274 Caesari
1465 243 1509 279 et,

129 313 219 348 quae
245 303 309 339 Dei
337 309 436 344 sunt,
478 305 560 340 Deo.
610 304 690 340 Item
717 306 810 340 XIX.
839 316 937 350 cap.:
973 309 1204 340 verumtamen
1231 306 1387 339 iniinicos
1415 314 1509 339 meos

128 368 228 411 illos,
264 371 320 414 qui
349 369 534 405 noluerunt
559 381 611 405 me
637 381 786 416 regnare
813 381 918 414 super
950 381 1006 411 se,
1038 370 1200 405 adducite
1235 370 1298 404 huc
1330 374 1363 404 et
1400 371 1507 404 inter-

127 432 220 468 ficite
255 439 335 469 ante
367 446 428 471 me.
477 435 559 470 Item
595 434 689 475 XIII,
735 436 793 469 ubi
829 436 945 480 agitur
983 434 1027 468 de
1058 434 1212 479 judicio,
1255 434 1311 468 ubi
1352 435 1509 478 reprobis

130 498 286 534 dicturus
318 505 388 534 est:
423 500 592 534 discedite
625 510 646 533 a
678 510 730 534 me
763 509 881 533 omnes
913 500 1067 543 operarii
1094 500 1298 543 iniqnitatis.
1349 499 1508 533 Secundo

128 566 204 609 cJus
233 566 448 611 evangelium
477 565 630 608 repletur
655 564 760 597 multa
786 564 946 598 utilitate.
996 563 1091 598 Unde
1117 568 1151 598 et
1177 564 1246 605 ille,
1273 566 1330 609 qui
1357 565 1509 608 scripsit.

130 629 282 664 medicus
309 629 373 664 fuit
397 629 441 663 ad
467 629 736 674 designandum,
771 628 863 674 quod
899 629 999 663 nobis
1032 629 1233 664 medicinam
1263 629 1509 664 validissimam

128 695 338 738 propinavit.
387 693 449 729 Est
473 698 586 729 autem
614 695 740 739 triplex
768 694 956 729 medicina:
983 696 1160 736 curativa,
1187 695 1449 738 praeservativa
1477 698 1509 728 et

81 744 85 745 ⁷
129 759 355 794 meliorativa.
404 760 499 794 Hanc
529 761 695 804 triplicem
729 759 932 794 medicinam
967 760 1066 793 nobis
1100 760 1214 793 Lucas
1249 761 1280 793 in
1316 771 1378 794 suo
1405 770 1508 795 evan-

128 822 222 869 gelio
248 825 434 860 coelestem
460 825 624 860 medicum
646 824 799 859 ostendit
818 827 1035 869 propinasse.
1085 824 1259 859 Medicina
1278 830 1390 859 autem
1411 835 1510 859 cura-

126 891 200 923 tiva
223 895 288 932 est,
315 901 404 935 quae
433 895 529 924 curat
555 900 574 924 a
601 890 742 929 morbis,
771 893 803 923 et
829 889 913 923 haec
939 893 992 923 est
1017 891 1245 933 poenitentia,
1275 900 1364 934 quac
1392 900 1510 925 omncs

129 954 268 989 morbos
293 956 494 1000 spirituales
522 959 631 989 curat.
681 954 774 988 Hanc
802 953 1004 987 medicinam
1034 953 1117 987 dicit
1136 954 1303 989 medicum
1323 956 1509 990 coelestem

131 1019 232 1053 nobis
259 1019 484 1062 exhibuisse,
514 1031 586 1054 cum
614 1021 662 1053 ait
689 1019 744 1053 lv.
773 1029 870 1063 cap:
908 1028 1034 1053 sanare
1059 1021 1227 1053 contritos
1254 1020 1380 1061 corde,
1408 1031 1510 1065 prac-

129 1086 245 1120 dicare
277 1087 423 1130 captivis
457 1085 696 1119 remissionem
726 1088 790 1119 etc.
842 1084 922 1118 ltem
959 1084 1000 1119 V.
1034 1094 1132 1129 cap.:
1173 1096 1239 1119 non
1279 1088 1353 1120 veni
1386 1096 1510 1121 vocare

124 1152 241 1194 ,justos
275 1154 338 1184 cte.
387 1149 564 1185 Medicina
601 1151 822 1184 meliorativa
857 1154 929 1191 est,
969 1160 1057 1194 quae
1093 1151 1277 1185 sanitatem
1313 1156 1440 1196 auget,
1478 1156 1511 1186 ct

129 1214 216 1250 haec
240 1218 294 1250 est
319 1215 522 1250 observatio
553 1215 785 1250 consiliorum.
837 1214 994 1249 Consilia
1019 1216 1106 1249 enim
1140 1216 1308 1250 hominem
1335 1218 1510 1252 meliorem

128 1283 163 1314 et
196 1280 442 1324 perfectiorem
475 1280 615 1315 faciunt.
664 1281 760 1315 Hanc
792 1279 997 1314 medicinam
1035 1281 1189 1314 ostendit
1214 1282 1314 1316 nohis
1344 1282 1510 1317 medicum

129 1347 348 1390 propinasse,
374 1345 493 1380 XVIII.
521 1356 612 1390 cap.‚
637 1356 710 1380 cum
739 1347 805 1379 ait:
832 1347 963 1387 omnia,
991 1355 1216 1391 quaecunque
1244 1347 1375 1390 habes,
1402 1349 1512 1383 vende

130 1414 164 1444 et
196 1409 241 1444 da
285 1411 498 1455 pauperibus
534 1417 600 1446 etc.
648 1410 730 1445 Item
765 1410 817 1445 Vl.
856 1422 955 1456 eap‚:
994 1412 1036 1446 ab
1064 1423 1128 1453 eo,
1164 1414 1220 1457 qui
1256 1414 1371 1447 aufert
1407 1415 1511 1447 vesti-

130 1479 275 1510 mentum
313 1479 377 1510 ctc.
426 1475 603 1510 Medicina
637 1480 751 1511 autem
779 1479 1019 1521 preservativa
1045 1482 1116 1519 est,
1154 1488 1243 1523 quae
1277 1483 1460 1522 presel-vat
1493 1488 1513 1512 a

129 1550 232 1582 casu,
265 1546 300 1576 et
324 1541 408 1576 haec
439 1547 492 1576 est
517 1544 639 1577 vitatio
667 1544 888 1576 occasionum
915 1542 1078 1586 peccandi
1106 1547 1139 1576 et
1165 1542 1330 1575 malarum
1359 1545 1509 1578 societa-

131 1609 210 1640 tum.
261 1606 355 1658 Hanc
381 1607 584 1642 medicinam
607 1607 795 1642 ostendunt
821 1607 985 1641 medicum
1011 1607 1218 1649 tradidisse,
1250 1618 1323 1641 cum
1356 1610 1404 1643 ait
1439 1609 1512 1644 XII.

131 1680 227 1716 cap.:
264 1672 434 1707 attendite
460 1683 478 1706 a
505 1672 673 1708 fermento
698 1671 966 1716 Pharisaeorum
997 1676 1082 1714 etc.,
1108 1672 1166 1705 ubi
1195 1672 1318 1707 edocet
1347 1674 1513 1709 malorum

131 1739 308 1771 consortia
336 1739 479 1772 evitare.
529 1737 593 1773 Vel
621 1741 738 1782 potest
771 1718 873 1778 dici,¹
893 1737 984 1782 quod
1017 1739 1128 1781 ipsum
1160 1738 1378 1783 evangelium
1409 1739 1515 1774 multa

132 1801 282 1836 utilitate
314 1802 486 1847 repletur,
518 1803 679 1848 quoniam
719 1804 752 1836 in
786 1803 863 1847 ipso
899 1804 1008 1837 virtus
1040 1805 1151 1837 omnis
1178 1805 1373 1847 sapientiae
1405 1807 1514 1839 conti-

131 1870 242 1902 netur.
290 1867 342 1902 De
367 1866 434 1902 hoc
457 1869 511 1902 sic
545 1867 628 1902 dicit
652 1867 877 1902 Ambrosius:
903 1867 1019 1902 Lucas
1051 1879 1170 1903 omnes
1197 1870 1392 1913 sapientiae
1408 1871 1515 1905 virtu-

133 1935 186 1966 tes
211 1933 384 1978 evangelii
411 1934 465 1967 sui
492 1932 733 1978 complectitur
758 1932 927 1977 hystoria.
977 1932 1102 1967 Docuit
1122 1935 1209 1967 enim
1229 1934 1416 1977 naturalia,
1442 1946 1515 1970 cum

133 1995 176 2030 de
195 1998 321 2040 spiritu
341 2001 464 2031 sancto
490 1998 696 2032 dominicam
723 1999 993 2032 incarnastonem
1012 1999 1189 2033 exstitiSse
1205 2001 1386 2035 reseravit.
1420 2000 1517 2036 Unde

136 2064 170 2095 et
192 2059 304 2094 David
330 2060 523 2095 naturalem
547 2061 678 2095 docens
703 2063 910 2105 sapientiam
938 2063 1005 2096 ait:
1032 2063 1150 2096 emitte
1175 2064 1334 2106 spiritum
1361 2068 1454 2098 tuum
1483 2071 1518 2100 et

136 2125 357 2160 creabuntur.
384 2125 466 2176 Item
481 2135 555 2159 cum
568 2125 871 2168 docuit,tenebras
882 2127 917 2159 in
929 2127 1095 2171 passione
1107 2126 1236 2161 Christi
1249 2126 1373 2171 factas,
1389 2133 1516 2164 terram

134 2191 339 2233 tremuisse,
371 2179 481 2225 solem
510 2190 627 2224 radios
653 2192 872 2234 extraxisse,
907 2191 1025 2226 docuit
1049 2191 1216 2234 moralia,
1254 2202 1327 2226 cum
1361 2194 1395 2227 in
1429 2196 1517 2239 ipsis

136 2254 413 2294 beatitudInibus
438 2266 551 2290 mores
578 2255 704 2290 docuit.
754 2255 881 2290 Docuit
907 2256 1106 2299 rationalia,
1133 2267 1207 2291 cum
1230 2259 1295 2292 ait:
1322 2260 1380 2303 qui
1405 2258 1518 2294 fidelis

137 2321 252 2354 estin
281 2321 439 2362 minimo,
470 2321 504 2354 in
536 2330 662 2366 magno
694 2320 808 2355 fidelis
846 2326 911 2357 est.
960 2321 1044 2356 Sine
1077 2321 1141 2356 hac
1176 2323 1307 2367 triplici
1345 2310 1521 2368 sapientia

138 2387 215 2429 ipsa
247 2383 354 2426 tides,
387 2385 498 2428 ipsum
531 2387 728 2430 mysterium
761 2387 929 2420 trinitatis
967 2397 1046 2422 esse
1079 2397 1146 2422 non
1182 2392 1320 2432 potest,
1367 2388 1434 2423 hoc
1467 2394 1520 2425 est

139 2448 306 2490 naturali,
341 2448 505 2496 rationali
526 2452 560 2482 et
593 2450 727 2488 morali.
775 2449 867 2484 Haec
891 2450 1108 2485 Ambrosius.
1160 2451 1282 2486 Tertio
1310 2453 1387 2498 ejus
1414 2463 1519 2489 evan-

137 2514 266 2559 gelium
292 2513 476 2547 decoratur
501 2512 607 2546 multa
632 2519 835 2556 venustate3
873 2516 948 2560 ejus
982 2516 1070 2549 enim
1105 2516 1214 2560 stylus
1251 2521 1284 2551 et
1318 2517 1439 2552 modus
1467 2519 1520 2553 Ιο-

139 2577 265 2623 quendi
291 2577 391 2612 valde
418 2581 582 2612 venustus
609 2582 642 2612 et
670 2577 816 2613 decorus
844 2582 908 2614 est.
956 2579 1010 2614 Ad
1037 2579 1101 2613 hoc
1129 2584 1253 2624 autem,
1280 2583 1372 2627 quod
1392 2583 1519 2629 aliquis

140 2644 172 2676 in
202 2641 302 2677 dictis
337 2644 409 2677 suis
434 2647 646 2678 venustatem
683 2647 714 2677 et
741 2643 900 2678 decorem
928 2647 1066 2687 teneat,
1103 2647 1170 2679 tria
1205 2652 1281 2682 sunt
1318 2651 1519 2684 necessaria
