1742 3005
341 85 439 135 Cap.
472 84 673 122 LXXXlX.
732 84 789 123 De
820 91 950 122 saneto
981 84 1094 123 Petro
1135 84 1324 135 apostolo.
1448 83 1524 122 371

137 199 206 235 ego
230 188 412 224 ostendam
436 188 504 224 tibi
530 188 673 225 deitatis
699 200 796 225 meae
822 191 1033 235 potentiam,
1066 193 1105 226 ut
1137 194 1280 236 repente
1302 190 1432 226 adores
1458 201 1529 232 me;
1580 203 1583 206 ·

138 266 206 302 ego
239 266 314 290 sum
346 257 459 301 prima
490 258 600 291 virtus
634 260 668 291 et
691 267 833 302 possum
858 257 977 292 volare
1003 267 1069 302 per
1099 261 1204 299 aera,
1236 267 1348 291 novas
1382 257 1529 292 arbores

137 320 276 364 faeere,
307 321 445 367 lapides
471 323 506 356 in
533 332 655 367 panem
691 327 844 365 mutare,
880 324 915 356 in
949 325 1032 369 igne
1059 324 1135 357 sine
1156 323 1315 358 laesione
1343 322 1471 358 durare
1496 327 1531 358 et

135 389 272 429 omnia,
305 399 396 433 quae
425 388 525 431 volo,
552 399 693 433 possum
718 388 846 423 facere.
894 389 1028 423 Contra
1052 388 1141 422 hunc
1168 390 1277 434 igitur
1300 389 1425 424 Petrus
1451 389 1526 423 dis-

136 453 283 498 putabat
302 458 336 489 et
359 456 475 489 omnia
498 455 575 499 ejus
598 453 770 488 maleficia
790 454 992 498 detegebat.
1021 454 1121 489 Tunc
1143 454 1265 489 videns
1283 455 1421 500 Symon,
1448 457 1531 501 quia

135 518 240 553 Petro
260 530 329 554 non
348 524 471 564 posset
489 521 670 561 resistere,
692 529 811 554 omnes
834 520 946 554 libros
964 529 1050 554 suae
1067 522 1227 565 magicae
1252 522 1352 563 artiS‚
1378 532 1419 556 ne
1440 521 1530 556 sorte

136 594 259 631 magus
285 585 513 630 proderetur,
541 586 576 618 in
599 594 693 619 mare
721 586 872 630 projecit
896 589 931 620 et
956 584 1118 627 Romam,
1143 590 1180 620 ut
1204 586 1252 620 ibi
1277 586 1370 621 Deus
1398 586 1531 622 habea-

135 654 208 692 tur,
234 651 403 695 perrexit.
452 649 553 690 Quod
577 649 635 685 11111
659 650 783 685 Petrus
809 653 999 696 comperit,
1039 653 1152 696 ipsum
1179 654 1376 698 insequitur
1403 658 1436 689 et
1461 653 1531 688 Ro-

135 725 223 749 mam
255 725 367 760 usque
402 715 648 761 proficiscitur.
698 716 829 756 Quarto
866 719 976 762 igitur
1008 727 1098 751 anno
1135 718 1273 752 Claudii
1308 721 1530 764 imperatoris

134 781 258 816 Petrus
285 780 427 816 Romam
452 782 622 827 applicuit
653 787 688 817 et
711 783 762 817 ibi
787 784 886 816 annis
912 782 1011 818 XXV
1037 783 1129 818 sedit
1161 788 1194 818 et
1225 784 1312 819 duos
1341 787 1530 831 episcopos

133 847 259 881 Linum
285 853 319 883 et
346 847 480 883 Cletum
507 848 577 882 sibi
605 848 848 893 coadjutores,
886 852 923 882 ut
959 850 1007 883 ait
1038 849 1218 884 Johannes
1246 849 1393 892 Beleth,
1428 862 1529 885 unum

135 918 237 949 extra
261 925 378 949 muros
403 915 502 948 urbis
518 942 526 956 ‚
558 914 662 948 alium
688 915 780 948 intra
805 914 991 948 ordinavit.
1041 914 1303 949 praedicationi
1337 920 1451 949 autem
1477 917 1528 950 in-

122 980 266 1016 sistens
285 981 417 1015 multos
442 980 487 1014 ad
513 980 614 1014 fidem
639 979 869 1014 convertebat
903 984 939 1014 et
972 979 1124 1015 infirmos
1157 991 1259 1026 quam
1283 982 1402 1026 plures
1426 991 1529 1016 cura-

135 1047 208 1089 bat,
235 1046 299 1082 sed
318 1051 353 1081 et
372 1047 407 1080 in
422 1047 686 1092 praedicatione
706 1056 769 1080 sua
792 1056 930 1091 semper
955 1046 1105 1080 laudans
1129 1051 1163 1081 et
1189 1047 1393 1091 praeferens
1421 1050 1529 1082 casti-

133 1117 240 1147 tatem
265 1116 414 1158 quatuor
436 1112 651 1147 concubinas
678 1112 861 1159 Agrippae
892 1112 1063 1156 praefecti
1090 1112 1179 1147 adeo
1204 1115 1398 1155 convertit,
1437 1115 1529 1159 quod

135 1178 180 1213 ad
212 1178 425 1224 praefectum
458 1178 576 1213 redire
611 1178 758 1213 ulterius
796 1181 1018 1219 recusarent,
1059 1177 1149 1213 unde
1184 1179 1294 1213 iratus
1328 1179 1530 1224 praefectus

133 1244 306 1279 adversus
327 1244 465 1279 Petrum
490 1246 713 1279 occasionem
727 1243 942 1289 'quaerebat
990 1242 1076 1278 Post
1100 1243 1168 1278 hoc
1194 1246 1356 1289 apparuit
1372 1245 1530 1280 dominus

134 1309 240 1345 Petro
275 1310 419 1345 dicens:
452 1310 580 1355 Symon
614 1315 649 1344 et
684 1309 777 1344 Nero
809 1314 931 1343 contra
955 1313 991 1343 te
1018 1311 1198 1355 cogitant,
1234 1310 1297 1345 sed
1323 1322 1366 1345 ne
1392 1313 1529 1351 timeas,

136 1376 220 1420 quia
237 1379 350 1409 tecum
370 1386 457 1418 sum,
480 1379 519 1409 ut
544 1385 660 1409 eruam
685 1379 733 1418 te,
759 1379 793 1410 et
818 1374 910 1408 dabo
935 1375 1001 1409 tibi
1026 1376 1120 1409 servi
1146 1378 1212 1411 mei
1230 1376 1330 1410 Pauli
1355 1377 1530 1419 solatium,

136 1442 196 1485 qui
220 1450 298 1474 cras
324 1439 465 1475 Romam
498 1440 728 1486 ingredietur.
781 1440 903 1475 Sciens
939 1442 1049 1486 igitur
1080 1441 1225 1484 Petrus,
1264 1447 1301 1476 ut
1334 1444 1382 1476 ait
1410 1442 1531 1483 Linus,

136 1508 220 1552 quia
245 1505 348 1541 velox
374 1510 470 1541 esset
495 1506 671 1551 depositio
695 1506 916 1541 tabernaculi
942 1508 1008 1548 sui,
1038 1508 1072 1540 in
1096 1511 1268 1542 conventu
1296 1508 1438 1542 fratrum
1466 1519 1530 1553 po-

135 1574 226 1607 situs
260 1582 394 1606 manum
431 1572 618 1607 Clementis
648 1571 882 1616 apprehendit
912 1576 945 1605 et
971 1582 1046 1605 eum
1072 1574 1106 1606 in
1130 1574 1330 1617 episcopum
1357 1573 1534 1608 ordinavit

135 1642 172 1673 et
197 1639 231 1672 in
256 1638 427 1672 cathedra
450 1638 529 1673 1000
558 1648 621 1672 3110
650 1637 775 1672 sedere
800 1639 930 1683 coegit.
979 1637 1064 1672 Post
1089 1638 1155 1672 1100
1174 1638 1323 1681 Paulus,
1353 1641 1442 1674 sicut
1466 1639 1530 1674 do-

137 1705 249 1739 minus
273 1704 520 1749 praedixerat,
546 1703 688 1738 Romam
714 1704 809 1737 venit
834 1708 869 1737 et
891 1713 967 1738 cum
992 1703 1095 1738 Petro
1123 1704 1297 1739 Christum
1324 1705 1531 1750 praedicare

137 1772 274 1816 coepit,
310 1771 438 1815 Syrnon
468 1773 584 1805 autem
617 1779 741 1815 magus
776 1771 810 1803 in
837 1773 968 1803 tantum
994 1780 1015 1804 a
1039 1769 1178 1805 Nerone
1204 1771 1403 1813 amabatur,
1439 1771 1533 1817 quod

137 1838 229 1872 vitae
254 1836 331 1882 ejus
357 1840 392 1871 et
416 1836 541 1870 salutis
567 1839 602 1870 et
613 1837 732 1887 ‘totius
757 1837 912 1870 civitatis
944 1840 1062 1871 custos
1095 1838 1171 1871 sine
1199 1836 1304 1871 dubio
1331 1836 1531 1882 putabatur.

115 1902 293 1943 ‘Quadam
318 1906 433 1936 autem
457 1902 536 1944 dle,
571 1903 664 1936 sicut
689 1902 774 1936 dicit
796 1901 869 1937 Leo
900 1912 1018 1947 papa,
1054 1902 1132 1936 dum
1165 1907 1246 1938 ante
1272 1902 1443 1938 Neronem
1470 1902 1532 1936 ad-

137 1972 266 2010 staret,
301 1971 380 2013 ejus
407 1967 545 2013 effigies
571 1967 688 2002 subito
715 1967 914 2002 mutabatur
938 1972 974 2002 et
1000 1969 1101 2002 modo
1130 1970 1269 2010 senior,
1308 1968 1412 2002 modo
1446 1968 1528 2002 ado-

136 2033 329 2067 lescentior
363 2032 558 2067 videbatur.
608 2033 709 2073 Quod
735 2044 823 2068 ,cum
860 2033 996 2068 videret
1029 2033 1142 2076 Nero,
1175 2045 1291 2069 verum
1327 2034 1419 2068 1111110
1452 2043 1532 2067 0330

137 2098 204 2133 Dei
223 2097 329 2132 filium
349 2097 570 2132 aestimabat.
618 2098 716 2132 Dixit
733 2101 851 2144 itaque
871 2099 1000 2143 Symon
1022 2109 1144 2144 magus
1166 2098 1310 2141 Neroni,
1332 2100 1422 2132 sicut
1440 2097 1532 2132 idem

136 2163 211 2199 Leo
236 2164 367 2199 refert:
403 2167 441 2198 ut
465 2165 559 2198 scias
586 2165 735 2208 optime,
771 2166 983 2209 imperator,
1018 2174 1071 2198 me
1096 2164 1160 2198 Dei
1184 2163 1290 2198 filium
1315 2174 1414 2207 esse,
1444 2163 1532 2209 jube

138 2240 192 2265 me
224 2229 394 2264 decollari
426 2234 461 2265 et
491 2230 548 2266 die
572 2232 679 2264 tertia
702 2232 895 2276 resurgam.
944 2229 1130 2274 Praecepit
1164 2231 1272 2275 igitur
1294 2229 1386 2264 Nero
1415 2231 1532 2264 carni-

139 2293 220 2337 fici,
255 2298 294 2328 ut
321 2306 396 2330 eum
413 2295 603 2331 (decollare
628 2296 785 2332 deberet.
835 2296 900 2336 Qui
934 2307 1007 2331 cum
1034 2300 1173 2341 putaret
1198 2307 1237 2331 30
1262 2296 1441 2330 decollare
1467 2295 1532 2339 Sy-

137 2370 286 2402 monem,
325 2359 514 2395 decollavit
537 2364 694 2405 arietem,
719 2362 846 2407 83111011
872 2366 987 2396 autem
1018 2366 1094 2396 arte
1120 2363 1256 2407 magica
1281 2361 1427 2395 illaesus
1451 2370 1534 2394 eva-

139 2426 187 2460 sit
220 2429 255 2460 et
288 2426 408 2460 arietis
445 2426 599 2460 membra
629 2427 805 2474 colligens
840 2438 883 2462 ea
917 2427 1104 2461 abscondit
1140 2431 1174 2461 et
1206 2426 1319 2469 tribus
1346 2425 1468 2460 diebus
1495 2436 1533 2460 se

139 2491 353 2534 occultavit,
389 2491 535 2537 sanguis
561 2495 676 2526 autem
701 2493 825 2526 arietis
850 2492 979 2527 ibidem
1008 2491 1216 2537 congelatus
1243 2492 1420 2526 remansit.
1468 2490 1534 2525 Die

139 2561 257 2593 autem
284 2557 389 2592 terti⁰
416 2555 573 2592 ostendit
597 2566 636 2591 se
660 2555 791 2592 Neroni
818 2557 960 2592 dicens:
994 2557 1049 2591 fac
1075 2558 1281 2603 sanguinem
1307 2567 1416 2591 meum
1432 2584 1440 2598 ,
1475 2557 1534 2601 qui

142 2618 274 2658 effusus
300 2626 372 2667 est,
400 2623 559 2668 extergi,
594 2623 677 2667 quia
715 2632 798 2658 ecce
822 2633 910 2668 ego,
945 2623 1004 2667 qui
1036 2621 1230 2657 decollatus
1256 2622 1408 2665 sueram,
1445 2623 1535 2655 sicut

142 2689 309 2733 promisi,
337 2688 394 2725 die
416 2689 522 2724 tertia
546 2689 735 2724 resurrexi,
785 2688 892 2729 Quem
918 2688 1011 2723 Nero
1048 2687 1170 2723 videns
1204 2687 1386 2733 obstupuit
1419 2692 1453 2722 et
1480 2689 1532 2732 ip-

1164 2752 1252 2787 24*
