1742 3005
268 106 349 145 816
408 107 505 155 Cap.
537 102 726 139 CLXXX.
785 100 843 136 De
875 100 1012 135 sanctis
1046 99 1220 136 Barlaam
1252 108 1288 136 et
1318 101 1513 151 josaphat.

269 212 372 245 batur
404 208 542 241 dicens:
578 206 654 239 veni
692 206 724 237 in
757 203 890 237 donmm
926 212 1033 236 meam
1071 206 1104 236 et
1138 213 1270 237 omnem
1304 204 1366 237 tibi
1405 204 1649 240 hinnanitatem

270 272 444 308 exhibebo
471 275 505 305 et
531 268 722 303 honorilice
751 272 784 303 te
812 268 990 301 dimittam.
1041 267 1100 300 (Iui
1130 266 1347 312 philomena:
1375 279 1538 314 nuncpro
1557 275 1651 304 certo

267 339 417 383 cognmi
443 340 476 371 te
506 335 635 369 fatuum
662 344 761 376 esse,
795 343 870 367 nam
898 343 938 366 ex
966 332 1037 374 his,
1073 342 1161 377 quae
1194 332 1256 366 tibi
1290 332 1381 376 dixi,
1416 333 1542 368 nullum
1569 346 1645 379 pro—

269 404 393 437 fectum
419 401 596 443 habuisti,
631 402 714 445 quia
748 404 782 434 et
815 399 858 433 de
895 408 947 432 me
982 397 1120 441 perdita
1146 401 1180 432 et
1204 397 1469 442 irrecuperabili
1496 399 1593 433 doles
1620 405 1652 435 et

270 479 320 503 me
354 471 468 502 tentas
502 477 648 511 capere,
682 475 756 499 eum
790 473 944 509 nequeas
978 473 1054 497 meo
1084 464 1209 497 itinere
1235 474 1405 509 pergere,
1444 467 1478 497 et
1513 465 1653 510 insuper

269 534 492 579 margaritam
511 536 579 566 tam
606 530 772 577 grandem
794 531 826 563 in
846 530 930 563 meis
949 528 1142 562 visceribus
1162 528 1343 563 credidisti
1362 539 1440 564 esse
1454 556 1462 571 ,
1491 540 1565 563 cum
1586 540 1652 576 ego

268 603 342 633 tota
363 598 407 632 ad
424 597 694 643 magnitudinem
721 597 777 630 ovi
796 594 1002 629 struthionis
1022 605 1087 627 non
1106 594 1236 629 valeam
1255 597 1468 640 pertingere.
1496 595 1551 629 Sic
1568 606 1651 641 ergo

269 663 365 697 stulti
387 667 466 697 sunt
491 663 553 703 illi,
581 663 638 706 qui
658 660 832 695 conlidunt
858 661 890 693 in
910 659 1037 703 5dohs,
1065 661 1147 704 quia
1172 659 1363 704 plasmatos
1392 670 1413 694 a
1439 670 1478 694 se
1505 660 1656 694 adorant

269 734 303 763 et
328 728 522 762 custoditos
548 736 569 760 a
594 737 632 760 se
659 725 822 759 custodes
851 734 933 757 suos
953 724 1144 768 appellant.
1194 724 1386 769 Coepitque
1404 729 1524 759 contra
1549 726 1652 759 salla-

269 806 342 830 cem
369 792 484 827 mundi
512 791 778 826 delectationem
808 793 841 823 et
872 789 1057 823 vanitatem
1085 788 1191 822 multa
1217 787 1397 832 disputare
1423 794 1456 823 et
1483 790 1583 834 plura
1609 791 1652 824 ad

270 860 334 894 hoc
359 858 519 903 exempla
544 856 720 891 adducere
754 854 888 889 diceus.
939 853 1003 893 Qui
1037 854 1239 898 corporales
1272 854 1524 888 delectationes
1558 856 1651 890 desi-

270 925 394 960 derant
419 928 453 958 et
477 925 610 957 animas
637 931 720 955 suas
746 920 834 954 l'ame
861 920 947 953 mori
982 921 1201 964 permittunt,
1238 919 1371 953 similes
1406 925 1485 954 sunt
1518 921 1652 956 cuidam

272 991 424 1031 homini,
460 991 538 1034 qui,
566 987 644 1037 durn
670 996 691 1020 a
718 986 807 1020 facie
833 987 1029 1028 unicornis,
1066 996 1109 1036 nge
1136 986 1179 1019 ab
1207 996 1247 1020 eo
1274 985 1522 1027 devoraretur,
1556 986 1652 1020 velo-

272 1058 345 1090 cius
379 1056 537 1101 sugeret,
574 1055 607 1086 in
640 1051 811 1096 quoddam
847 1050 1046 1085 barathrum
1073 1062 1232 1096 magnum
1259 1051 1404 1093 cecidit,
1439 1050 1516 1085 dum
1541 1056 1653 1086 autem

271 1121 433 1162 raderet,
484 1118 641 1152 manibus
680 1116 894 1150 arbustulam
939 1116 1173 1160 apprehendit
1217 1117 1389 1161 quandam
1425 1121 1460 1151 et
1495 1118 1528 1150 in
1568 1117 1654 1151 base

272 1186 419 1231 quadam
446 1184 581 1219 lubrica
605 1187 639 1218 et
666 1181 821 1216 instabili
849 1181 955 1225 pedes
983 1181 1066 1215 lixit.
1115 1181 1318 1227 Respiciens
1350 1194 1430 1217 vero
1458 1182 1543 1217 vidit
1567 1183 1653 1216 duos

272 1263 398 1294 mureS,
426 1262 527 1286 unum
548 1249 662 1284 album
681 1252 714 1282 et
732 1258 831 1281 unum
853 1247 1003 1292 nigrum,
1030 1249 1248 1281 incessanter
1268 1248 1418 1283 radicem
1439 1248 1654 1291 arbustulae,

272 1329 374 1364 (piam
409 1314 715 1362 apprehenderat,
756 1313 984 1348 corrodentes
1024 1317 1057 1348 et
1094 1313 1166 1358 jam
1201 1324 1309 1357 prope
1337 1317 1430 1356 erat,
1472 1318 1508 1347 ut
1543 1316 1653 1358 ipsam

271 1383 509 1419 absciderent.
556 1381 593 1416 ln
629 1381 735 1415 fundo
771 1384 884 1414 autem
918 1379 1076 1414 barathri
1112 1379 1199 1414 vidit
1237 1378 1421 1413 draconem
1463 1380 1653 1415 terribilem

272 1452 460 1495 spirantem
498 1450 612 1494 ignem
647 1450 681 1481 et
712 1450 834 1491 aperto
869 1456 931 1480 ore
962 1447 1073 1490 ipsum
1102 1444 1275 1479 devorare
1300 1445 1514 1489 cupientem,
1550 1456 1655 1491 super

272 1515 392 1550 basem
420 1525 519 1556 vero,
546 1513 605 1547 ubi
629 1512 736 1557 pedes
763 1511 923 1554 tenebat,
960 1512 1045 1546 vidit
1074 1515 1224 1556 quatuor
1248 1510 1405 1554 aspidum
1432 1513 1548 1556 capita
1575 1512 1654 1547 inde

271 1579 491 1625 prodeuntia.
539 1578 690 1612 Elevans
716 1581 828 1612 autem
864 1578 985 1611 oeulos
1012 1577 1097 1611 vidit
1130 1579 1291 1621 exiguum
1324 1576 1435 1610 mellis
1471 1576 1513 1611 de
1549 1579 1653 1612 ramis

271 1646 365 1679 illius
398 1643 602 1678 arbustulae
627 1642 763 1676 stillans
790 1643 990 1687 oblitusque
1025 1642 1190 1687 periculi,
1230 1643 1262 1675 in
1298 1653 1365 1687 quo
1402 1642 1554 1688 undique
1589 1654 1653 1687 po-

270 1714 359 1745 situs
391 1714 487 1752 erat,
529 1720 567 1743 se
608 1710 719 1753 ipsum
756 1708 931 1741 dulcedini
965 1709 1058 1742 illius
1092 1708 1215 1742 modici
1254 1708 1364 1742 mellis
1401 1712 1509 1742 totum
1547 1708 1653 1745 dedit.

271 1775 452 1811 Unicornis
480 1779 593 1809 autem
621 1775 740 1807 mortis
767 1778 860 1807 tenet
887 1773 1029 1819 figuram
1046 1802 1053 1815 ,
1091 1783 1179 1817 quae
1214 1773 1383 1807 hominem
1412 1784 1550 1818 semper
1574 1784 1653 1818 per-

271 1843 429 1886 sequitur
454 1845 488 1875 et
512 1839 780 1884 apprehendere
799 1840 905 1882 cupit,
932 1839 1132 1872 barathrum
1153 1848 1233 1872 vero
1256 1838 1399 1872 mundus
1422 1843 1475 1872 est
1494 1839 1652 1872 omnibus

272 1906 371 1939 malis
405 1906 538 1949 plenus.
586 1904 778 1938 Arbustnla
812 1905 1085 1948 imiusrujusque
1118 1904 1187 1936 rita
1220 1906 1295 1944 est,
1330 1913 1417 1947 quae
1451 1914 1513 1947 per
1547 1903 1651 1937 horas

270 1971 341 2005 diei
368 1975 402 2005 et
429 1972 542 2004 noctis
568 1971 665 2014 quasi
693 1980 754 2012 per
779 1979 905 2002 nuwem
933 1968 1046 2002 album
1084 1972 1116 2002 et
1148 1970 1283 2013 nigrum
1320 1970 1536 2002 incessanter
1567 1979 1649 2002 con-

270 2038 417 2069 sumitur
451 2039 485 2069 et
517 2036 679 2068 incisioni
713 2035 982 2077 appropinquat.
1031 2033 1132 2067 Basis
1178 2044 1258 2067 vero
1303 2033 1461 2077 aspidum
1504 2037 1652 2078 quatuor

271 2110 397 2144 corpus
424 2110 465 2133 ex
492 2103 641 2144 quatuor
675 2096 863 2132 elementis
888 2099 1136 2143 compositum,
1174 2098 1299 2143 quibus
1334 2098 1540 2132 inordinatis
1574 2108 1650 2132 cor-

270 2168 365 2211 poris
390 2176 560 2211 compago
586 2164 800 2198 dissolvitur.
849 2162 961 2197 Draco
987 2164 1155 2198 terribilis
1188 2175 1228 2198 os
1261 2164 1387 2198 inferni
1416 2167 1558 2198 cunctos
1588 2163 1649 2198 de-

269 2242 393 2266 vorare
426 2233 590 2275 cupiens,
634 2228 781 2263 dulcedo
818 2229 1004 2262 ranmscuti
1038 2228 1227 2263 delectatio
1265 2229 1372 2263 fallax
1406 2228 1545 2270 mundi,
1589 2239 1651 2272 per

269 2307 369 2342 {luam
388 2296 488 2330 homo
507 2295 698 2336 seducitur,
725 2298 761 2327 ut
786 2294 974 2338 periculum
994 2305 1090 2328 suum
1112 2296 1248 2329 minime
1272 2296 1458 2329 intueatur.
1506 2293 1651 2327 Addidit

268 2372 406 2407 quoque
442 2361 577 2395 dicens:
616 2359 747 2394 similes
781 2363 861 2392 sunt
894 2360 1015 2393 iterum
1051 2359 1166 2393 mundi
1201 2364 1375 2394 amatores
1407 2359 1554 2401 homini,
1592 2361 1649 2404 qui

268 2431 338 2461 tres
364 2428 494 2460 anticos
521 2425 659 2465 hahuit,
684 2435 827 2469 quorum
853 2435 952 2458 unum
981 2425 1058 2468 plus
1087 2434 1186 2469 quam
1214 2435 1272 2465 se,
1300 2424 1485 2459 secundum
1519 2428 1646 2458 tantum

267 2496 429 2535 (plantum
464 2501 520 2533 se,
566 2492 702 2525 tertium
746 2491 855 2523 ininus
899 2499 1000 2534 quam
1036 2500 1074 2524 se
1112 2493 1145 2523 et
1177 2491 1276 2534 quasi
1312 2489 1397 2523 nihil
1431 2489 1562 2524 dilexit.
1610 2486 1645 2520 lu

268 2566 392 2600 inagno
417 2558 535 2601 itaque
560 2555 714 2600 periculo
742 2557 876 2599 positus
903 2558 936 2589 et
960 2566 981 2589 a
1006 2565 1090 2600 rege
1117 2556 1241 2588 citatus
1266 2555 1419 2588 cucurrit
1438 2553 1481 2588 ad
1501 2552 1644 2596 primum

268 2621 434 2662 annin-nm,
464 2622 540 2664 ejus
567 2621 730 2655 auxilium
759 2630 931 2666 quaerens
961 2624 1006 2662 et,
1035 2619 1186 2664 qualiter
1210 2630 1285 2654 eum
1312 2618 1483 2656 dilexerit,
1510 2626 1646 2659 semper

269 2693 549 2719 connncmorans.
601 2686 661 2720 (lui
701 2685 776 2722 ille:
809 2686 946 2728 neseio,
982 2686 1058 2731 quis
1093 2686 1162 2729 sis,
1195 2695 1215 2718 ο
1248 2683 1370 2726 homo,
1407 2680 1519 2715 haheo
1555 2681 1645 2715 alios
