1742 3005
301 94 396 144 Cap.
425 93 524 130 LlX.
582 91 642 129 De
672 97 802 128 sancto
833 91 960 129 Marco
990 89 1234 139 evangelista.
1378 89 1458 129 265

539 293 666 356 GAP.
699 294 807 356 ux.
849 293 993 357 (57.)

233 396 333 440 De
371 396 592 442 saneto
621 396 836 440 Marco
869 392 1291 451 evangelista.

160 504 303 540 Marcus
336 507 585 549 interpretatur
617 503 775 538 sublimis
812 503 993 545 mandato,
1029 507 1163 545 certus,
1201 503 1395 537 declinatus
1429 508 1464 538 et

71 580 222 606 amarus,
270 570 436 605 Sublimis
468 568 632 603 mandato
668 570 803 602 ratione
837 568 1066 613 perfectionis
1092 569 1126 601 in
1154 570 1246 610 vita,
1282 571 1363 614 quia
1394 580 1463 602 non

71 635 181 669 solum
207 636 360 670 servavit
383 634 547 668 mandata
575 636 788 676 communia,
825 633 888 668 sed
915 634 1018 667 etiam
1051 633 1233 675 sublimia,
1269 636 1359 668 sicut
1385 638 1465 668 sunt

73 700 231 735 consilia.
281 699 404 734 Certus
426 700 562 734 ratione
582 699 802 734 certitudinis
820 701 852 733 in
870 698 1028 732 doctrina
1043 684 1219 745 evangelii
1240 702 1307 743 sui,
1337 701 1466 746 ¹)quia

73 766 266 800 doctrinam
291 766 467 812 evangelii
493 766 548 799 sui
572 770 699 799 certam
725 764 870 798 tradidit
903 764 1119 808 doctrinam,
1154 770 1274 810 utpote
1307 776 1407 811 quam
1445 778 1467 801 a

71 831 176 866 Petro
201 833 371 877 magistro
398 842 460 865 suo
488 831 621 865 didicit.
670 831 871 866 Declinatus
898 832 1032 865 ratione
1067 831 1262 875 profundae
1290 832 1466 867 humilita-

72 898 140 939 tis,
172 907 249 931 nam
275 901 419 942 propter
443 898 579 931 nimiam
605 896 832 930 humilitatem
867 896 1027 940 pollicem
1057 897 1124 931 sibi
1151 901 1350 941 amputasse
1378 898 1466 931 dici-

73 966 142 1004 tur,
168 966 205 996 ut
227 962 426 997 sacerdotio
450 962 622 1007 reprobus
639 961 839 997 haberetur.
887 962 1036 995 Amaras
1058 963 1194 996 ratione
1216 973 1351 1007 poenae
1368 974 1467 998 accr-

75 1027 209 1070 bitatis,
237 1029 319 1074 quia
345 1027 473 1074 ubique
499 1038 562 1073 per
589 1029 762 1062 civitatem
790 1031 921 1062 tractus
950 1026 1013 1061 suit
1038 1032 1070 1062 et
1089 1029 1179 1062 inter
1196 1028 1283 1063 haec
1298 1033 1470 1064 tormenta

76 1095 236 1138 spiritum
260 1093 415 1129 tradidit.
462 1092 526 1129 Vel
543 1092 685 1127 Marcus
703 1092 830 1127 dicitur
849 1104 869 1127 a
887 1103 1016 1136 marco,
1046 1093 1138 1139 quod
1154 1100 1206 1129 est
1227 1096 1372 1130 malleus
1396 1107 1469 1130 ma-

71 1160 153 1204 jor,
186 1161 245 1205 qui
273 1158 411 1206 quidem
438 1158 559 1194 eodem
586 1160 657 1193 ictu
683 1159 811 1194 ferrum
837 1159 971 1200 domat,
1004 1159 1186 1194 melodiam
1213 1166 1380 1206 generat,
1415 1164 1468 1196 in-

78 1224 198 1260 cudem
225 1224 347 1260 firmat.
397 1225 455 1260 Sic
478 1224 620 1259 Marcus
646 1227 751 1259 unica
777 1215 939 1259 doctrina
964 1226 1018 1258 sui
1043 1226 1217 1271 evangelii
1244 1227 1361 1261 domat
1384 1228 1470 1263 hae-

77 1292 264 1326 reticorum
291 1291 493 1335 perfidiam,
520 1290 645 1324 dilatat
670 1291 805 1325 laudem
833 1278 1007 1333 divinam,
1036 1292 1215 1326 conlirmat
1241 1292 1436 1327 ecclesiam.

167 1355 309 1391 Marcus
337 1356 557 1401 evangelista
582 1355 743 1390 leviticus
770 1366 901 1401 genere
926 1360 960 1390 et
986 1356 1167 1399 sacerdos,
1198 1357 1291 1393 Petri
1319 1360 1472 1402 apostoli

79 1423 114 1455 in
149 1422 361 1466 baptismate
393 1420 484 1455 filius
519 1426 625 1466 atque
660 1422 694 1454 in
731 1420 847 1455 divino
882 1432 1041 1472 sermone
1075 1422 1267 1467 discipulus
1294 1435 1367 1457 eum
1394 1426 1472 1469 ipso

80 1486 185 1522 heato
211 1486 315 1521 Petro
343 1485 483 1521 Romam
513 1487 693 1531 profectus
709 1491 786 1527 lest.
838 1487 919 1520 Cum
943 1491 1056 1521 autem
1077 1487 1201 1522 Petrus
1220 1489 1348 1523 ibidem
1367 1500 1473 1524 evan‘

80 1553 210 1599 gelium
234 1552 476 1597 praedicaret,
512 1556 725 1597 rogaverunt
755 1551 896 1594 fideles,
931 1554 989 1597 qui
1025 1558 1124 1587 erant
1149 1553 1300 1596 Romae,
1335 1555 1474 1590 beatum

79 1618 256 1660 Marcum,
290 1620 328 1652 ut
362 1617 582 1663 evangelium
615 1617 659 1651 ad
693 1622 894 1662 perpetuam
930 1618 1082 1652 fidelium
1106 1622 1304 1654 memoriam
1330 1620 1477 1655 deberet

82 1684 318 1719 conscribere.
368 1682 467 1723 Quod
492 1683 551 1717 ille
584 1682 739 1727 quidem,
772 1687 809 1717 ut
843 1694 883 1718 ex
911 1694 970 1718 ore
996 1686 1155 1730 magistri
1181 1688 1233 1720 sui
1259 1686 1354 1721 beati
1380 1687 1476 1722 Petri

81 1749 261 1799 audierat,
284 1748 378 1784 fideli
404 1749 485 1783 stilo
515 1749 744 1793 conscripsit,
774 1748 899 1784 Petrus
924 1755 1036 1785 autem
1063 1751 1147 1785 illud
1175 1752 1366 1798 diligenter
1390 1764 1474 1788 exa-

82 1817 217 1850 minans
241 1815 301 1850 ubi
328 1825 461 1849 omnem
487 1815 669 1849 veritatem
692 1814 794 1859 plene
823 1818 1027 1860 conspexit,
1064 1818 1302 1862 recipiendum
1335 1820 1378 1853 ab
1405 1830 1477 1853 om-

82 1881 184 1916 nibus
211 1880 373 1916 fidelibus
402 1879 655 1925 comprobavit.
705 1879 835 1916 Videns
862 1885 974 1916 autem
998 1882 1122 1917 Petrus
1142 1883 1294 1918 Marcum
1313 1889 1477 1919 constan-

81 1951 150 1982 tem
175 1948 211 1980 in
234 1945 324 1988 fide,
358 1947 473 1991 ipsum
507 1944 731 1991 Aquilegiam
767 1945 978 1990 destinavit,
1014 1948 1073 1982 ubi
1109 1949 1249 1984 verbum
1283 1950 1348 1985 Dei
1373 1962 1477 1995 prae-

85 2012 207 2046 dicans
232 2012 430 2045 innumeras
456 2012 608 2056 gentium
633 2011 870 2047 multitudines
897 2013 939 2047 ad
966 2006 1065 2048 fidem
1085 2014 1216 2049 Christi
1243 2018 1415 2050 convertit
1438 2026 1480 2050 ac

87 2076 308 2122 evangelium
341 2086 440 2110 suum
474 2075 636 2109 similiter
667 2075 718 2109 ibi
745 2078 1000 2123 conscripsisse
1033 2079 1178 2122 dicitur,
1215 2080 1306 2125 qnod
1342 2080 1480 2125 quidem

87 2153 197 2188 usque
227 2141 334 2176 hodie
369 2142 406 2175 inv
435 2140 682 2186 Aquilegiensi
717 2142 867 2177 ecclesia
893 2143 1090 2178 ostenditur
1125 2149 1158 2180 et
1185 2145 1371 2181 devotione
1398 2157 1480 2181 con-

86 2210 423 2253 gruareservatur.
474 2205 632 2241 Tandem
670 2206 795 2242 beatus
837 2208 981 2243 Marcus
1021 2205 1318 2257 Aquilegiensem‘
1356 2213 1479 2253 civem,

88 2272 228 2308 scilicet
251 2271 492 2317 Ermagoram,
525 2282 624 2317 quem
652 2272 696 2306 ad
731 2272 834 2308 fidem
860 2273 991 2309 Christi
1023 2277 1217 2319 convertit,
1256 2276 1397 2312 Romam
1435 2276 1481 2310 ad

86 2337 226 2372 Petrum
251 2335 410 2378 adduxit,
437 2341 475 2370 ut
502 2347 577 2372 eum
603 2337 815 2385 Aquilegiae
839 2340 875 2374 in
900 2342 1107 2386 episcopum
1127 2345 1363 2376 consecraret.
1394 2341 1480 2375 Sus-

87 2406 188 2447 cepto
214 2402 334 2447 itaque
357 2400 571 2448 Ermagoras
598 2402 821 2447 pontificatus
839 2403 956 2439 officio
972 2415 1046 2439 cum
1064 2406 1352 2451 Aquilegiensem
1369 2406 1480 2441 eecle-

88 2469 175 2502 siam
200 2468 330 2511 optime
356 2466 612 2512 gubernasset,
651 2468 790 2503 tandem
824 2469 867 2502 ab
902 2468 1103 2504 infidelibus
1131 2472 1268 2515 capitur
1293 2474 1327 2505 et
1352 2471 1480 2506 ibidem

87 2533 244 2567 martirio
270 2535 472 2575 coronatur,
498 2530 641 2566 Marcus
666 2543 748 2567 vero
775 2543 795 2567 a
818 2533 924 2568 beato
949 2533 1053 2568 Petro
1076 2535 1325 2570 Alexandriam
1352 2539 1479 2573 missus

89 2601 143 2635 est
166 2601 200 2635 et
224 2597 273 2631 ibi
300 2597 430 2642 primus
457 2597 600 2632 verbum
622 2597 686 2632 Dei
713 2598 942 2643 praedicavit.
992 2599 1029 2635 ln
1057 2602 1168 2646 primo
1194 2605 1307 2638 autem
1333 2603 1478 2638 introitu

160 2696 189 2728 1)
206 2695 306 2722 Verba
325 2705 343 2729 q
353 2694 414 2722 uin
434 2711 464 2717 —
485 2696 541 2722 sni
561 2695 668 2722 desunt
688 2696 717 2722 in
738 2695 790 2722 Ed.
811 2695 902 2723 Princ.
1439 2682 1466 2694 ⁶
