1742 3005
378 114 476 165 Cap.
506 113 607 153 LIV.
663 114 722 153 De
751 114 1029 154 resurrectione
1058 114 1218 154 domini.
1412 116 1493 156 243

100 219 253 266 caligine
275 219 513 262 tenebrarum,
540 220 656 255 subito
682 220 794 255 sactus
821 224 875 256 est
900 230 1027 256 aureus
1049 220 1136 255 solis
1155 220 1254 256 color
1279 232 1492 267 purpureus-

102 296 168 331 que
192 289 227 320 et
252 286 386 332 regalis
409 286 471 320 lux
494 287 676 321 illustrans
702 297 808 331 super
832 297 896 321 nos
921 288 1108 331 statimque
1132 286 1243 321 Adam
1268 287 1408 323 humani
1428 300 1493 336 ge-

101 353 194 386 neris
219 355 322 396 pater
346 352 537 387 exsultavit
567 352 704 387 dicens:
740 353 798 386 lux
824 353 894 386 ista
930 354 1084 386 auctoris
1111 357 1165 387 est
1195 353 1332 388 luminis
1365 357 1493 400 sempi-

99 418 212 460 terni,
248 419 307 463 qui
329 418 432 453 nobis
457 420 618 463 promisit
648 420 784 452 mittere
813 418 926 452 lumen
954 422 1176 452 coaeternum
1206 430 1314 454 suum.
1365 421 1407 456 Et
1432 433 1494 458 ex-

99 483 264 519 clamavit
288 483 414 519 Ysaias
442 484 580 519 dicens:
603 484 690 518 haec
716 487 770 517 est
794 484 852 516 lux
880 485 1012 528 patris,
1039 483 1130 517 filius
1155 484 1241 524 Dei,
1267 487 1356 520 sicut
1388 498 1492 531 prae-

100 548 186 591 dixi,
214 559 290 584 cum
315 560 427 584 essem
454 551 553 584 vivus
580 551 614 583 in
638 550 756 591 terris,
782 549 946 593 populus,
973 551 1030 593 qni
1049 549 1251 584 ambulabat
1269 551 1302 584 in
1322 553 1491 596 tenebris,

102 616 189 649 vidit
211 616 321 650 lucem
355 625 528 661 magnam.
591 614 689 649 Tunc
725 615 927 659 supervenit
960 616 1102 659 genitor
1134 620 1255 650 noster
1287 616 1426 652 Simeon
1458 624 1492 654 et

101 682 280 716 exsultans
306 680 413 714 dixit:
448 679 647 726 glorificate
683 680 876 722 dominum,
913 682 996 726 quia
1024 691 1090 725 ego
1119 681 1292 716 Christum
1324 684 1490 719 infantem

99 751 214 781 natum
240 746 459 781 ini-manibus
490 748 630 791 suscepi
662 748 696 780 in
730 747 859 792 templo
895 751 929 781 et
970 746 1169 791 compulsus
1204 749 1330 792 spiritu
1367 755 1490 785 sancto

99 812 193 846 dixi:
215 823 304 847 nuuc
328 813 491 847 viderunt
513 813 605 846 oculi
628 814 695 847 mei
722 813 877 847 salutare
902 817 996 846 tuum
1024 812 1116 857 quod
1143 816 1276 857 parasti
1304 818 1369 849 etc.
1407 815 1492 851 Post

97 878 166 912 hoc
189 880 393 923 supervenit
419 879 559 924 quidam
591 881 696 914 eremi
727 879 839 913 cultor
870 883 904 913 ct
934 880 1171 921 interrogatus
1205 888 1225 912 a
1251 880 1372 921 nobis,
1412 884 1490 926 quis

99 948 216 987 esset,
254 944 361 979 dixit:
398 955 466 990 ego
494 955 568 979 sum
600 944 801 986 Johannes,
851 945 909 989 qui
935 943 1107 977 Christum
1143 943 1324 989 baptizavi
1351 950 1383 980 et
1409 952 1490 982 ante

97 1012 209 1055 ipsum
234 1020 362 1054 parare
385 1012 462 1044 vias
488 1011 564 1055 ejus
590 1011 727 1055 praeivi
750 1014 784 1044 et
807 1012 918 1054 ipsum
944 1010 1081 1044 ostendi
1103 1010 1214 1055 digito
1242 1010 1380 1046 dicens:
1407 1024 1490 1049 ecce

97 1086 210 1122 agnus
239 1076 304 1111 Dei
328 1080 394 1111 etc.
431 1080 466 1111 et
500 1075 666 1110 descendi
701 1077 861 1110 nuntiare
897 1075 1018 1117 vobis,
1061 1077 1143 1120 quia
1176 1077 1209 1110 in
1245 1079 1402 1121 proximo
1436 1083 1490 1114 est

97 1142 270 1177 Christum
296 1144 442 1178 visitare
476 1153 555 1176 nos.
613 1141 712 1176 Tunc
744 1141 828 1176 Seth
861 1141 968 1176 dixit:
1006 1153 1080 1175 cum
1113 1143 1254 1176 ivissem
1290 1143 1334 1177 ad
1366 1150 1488 1189 portas

97 1208 256 1253 paradisi
280 1218 409 1255 rogare
436 1208 607 1242 dominum
623 1236 631 1250 ,
666 1212 703 1242 ut
728 1209 980 1242 transmitteret
1005 1207 1087 1241 mihi
1113 1208 1275 1253 angelum
1303 1219 1422 1252 suum,
1451 1215 1489 1245 ut

95 1274 197 1309 daret
219 1273 305 1308 mihi
330 1274 373 1309 de
398 1275 477 1309 oleo
502 1273 767 1308 misericordiae
783 1302 790 1315 ‚
831 1278 867 1307 ut
891 1275 1093 1317 inungerem
1118 1284 1244 1318 corpus
1282 1277 1393 1318 patris
1420 1279 1487 1312 mei

93 1339 216 1382 Adae,
252 1349 328 1374 cum
353 1345 449 1375 esset
476 1340 649 1381 infirmus,
684 1339 850 1383 apparuit
874 1338 1030 1373 Michael
1063 1339 1211 1383 angelus
1238 1339 1378 1375 dicens:
1413 1343 1487 1377 noli

94 1405 258 1440 laborare
279 1406 442 1450 lacrymis
477 1405 611 1439 orando
639 1409 783 1449 propter
806 1405 919 1438 oleum
943 1404 1031 1449 ligni
1068 1405 1344 1441 miserirordiae.
1396 1408 1487 1447 Quia.

92 1471 189 1505 nullo
212 1471 315 1505 modo
340 1472 473 1516 poteris
506 1471 549 1506 de
579 1471 639 1504 illo
673 1471 856 1514 accipere,
896 1471 964 1503 nisi
998 1470 1136 1514 quando
1169 1472 1332 1515 completi
1357 1473 1487 1508 fuerint

94 1537 246 1581 quinque
273 1537 385 1571 millia
415 1537 643 1582 ¹)quingenti
669 1537 761 1570 anni.
809 1534 902 1569 Haec
916 1535 1097 1570 audientes
1116 1546 1233 1571 omnes
1260 1538 1484 1581 patriarchae

95 1605 130 1636 et
152 1601 346 1647 prophetae
375 1602 639 1637 exsultaverunt
671 1610 798 1645 magna
824 1601 1078 1643 exsultatione,
1116 1605 1197 1635 tunc
1230 1600 1360 1637 Szffhan
1387 1606 1485 1648 prin-

93 1678 176 1712 ceps
201 1671 237 1702 et
267 1667 337 1701 dux
370 1669 492 1702 mortis
518 1667 606 1702 dixit
629 1667 673 1701 ad
705 1668 872 1701 inferum:
910 1671 1123 1711 praeparate
1149 1669 1328 1712 suscipere
1351 1669 1482 1712 Jesum,

93 1734 154 1778 qui
177 1743 215 1767 se
240 1733 416 1779 gloriatur
441 1732 614 1768 Christum
649 1732 756 1767 filium
779 1732 844 1767 Dei
868 1743 947 1767 esse
974 1736 1007 1767 et
1031 1732 1134 1767 homo
1160 1738 1213 1768 est
1241 1735 1364 1768 timens
1389 1747 1482 1770 mor-

90 1803 158 1833 tem
184 1798 326 1833 dicens:
349 1799 464 1833 tristis
489 1802 544 1834 est
568 1800 683 1834 anima
707 1808 785 1834 mea
809 1808 920 1844 usque
945 1798 990 1832 ad
1016 1803 1160 1834 mortem
1185 1803 1251 1834 etc.
1282 1804 1316 1834 et
1340 1802 1481 1845 multos,

91 1874 179 1910 quos
205 1863 274 1900 feci
298 1864 334 1910 2)
345 1864 493 1907 surdos,
525 1866 666 1899 sanavit
690 1869 724 1900 et
757 1864 902 1899 claudos
927 1866 1049 1899 erexit.
1096 1864 1324 1909 Respondens
1349 1868 1481 1904 inferus

90 1930 196 1965 dixit:
221 1932 253 1966 si
277 1935 402 1976 potens
427 1941 465 1965 es
488 1935 538 1973 tu,
565 1930 679 1976 qualis
707 1934 760 1965 est
786 1930 888 1964 homo
912 1930 971 1965 ille
994 1930 1118 1973 Jesus,
1155 1933 1214 1976 qui
1237 1933 1362 1967 timens
1388 1944 1482 1969 mor-

88 1999 157 2031 tem
181 1997 361 2041 potentiae
386 1999 469 2030 tuae
484 1995 719 2031 adversatur?
745 1996 832 2031 Nam
857 1998 889 2030 si
915 1996 1001 2029 dicit
1025 2007 1063 2031 se
1089 1998 1212 2032 timere
1238 2002 1394 2039 mortem,
1421 2010 1482 2034 ca-

90 2071 174 2106 pere
199 2065 235 2096 te
260 2061 334 2095 vult
358 2064 393 2096 et
418 2061 508 2096 vach
541 2061 607 2095 tibi
633 2063 701 2096 erit
735 2063 769 2095 in
795 2063 1008 2107 sempiterna
1032 2062 1187 2096 saecula.
1238 2062 1302 2096 Cui
1327 2064 1480 2098 Sathan:

89 2137 157 2173 ego
171 2127 278 2161 villum
300 2128 435 2162 tentavi
461 2131 495 2161 et
516 2126 682 2171 populum
706 2127 890 2161 adversum
914 2127 1009 2161 illum
1036 2129 1202 2169 excitavi,
1223 2128 1297 2172 Jam
1321 2129 1479 2164 lanceam

88 2194 226 2236 exacui,
251 2192 298 2227 l'el
325 2196 359 2227 et
385 2198 519 2227 acetum
545 2193 682 2234 miscui,
707 2193 840 2237 lignum
863 2193 975 2227 crucis
1001 2195 1233 2238 praeparavi:
1261 2195 1295 2228 in
1319 2197 1479 2239 proximo

89 2261 144 2293 est
167 2269 260 2292 mors
285 2259 375 2303 eJus‚
401 2262 438 2293 ut
461 2258 648 2304 perducam
675 2269 752 2293 eum
778 2258 824 2293 ad
842 2262 890 2293 te.
940 2258 1004 2293 Cui
1028 2259 1180 2294 inferus:
1208 2260 1243 2304 ³)
1263 2261 1382 2304 ipsene
1411 2266 1477 2303 est,

89 2324 149 2368 qui
173 2324 357 2357 suscitavit
379 2323 566 2367 Lazarum,
592 2336 692 2371 quem
713 2324 905 2360 tenebam?
941 2324 1004 2359 Cui
1029 2325 1184 2360 Sathan:
1212 2328 1288 2370 ipse
1314 2330 1377 2360 est.
1414 2326 1478 2360 Cui

88 2388 244 2423 inferus:
270 2389 414 2434 conjuro
439 2392 475 2423 te
499 2400 562 2433 per
586 2391 733 2425 virtutes
756 2395 834 2424 tuas
859 2394 894 2424 et
917 2400 1012 2424 meas
1027 2419 1035 2433 ,
1063 2402 1106 2425 ne
1131 2390 1304 2434 perducas
1326 2401 1401 2425 eum
1433 2391 1477 2426 ad

87 2463 154 2495 me,
182 2463 250 2499 ego
271 2454 360 2488 enim
384 2463 458 2486 cum
483 2453 601 2487 audivi
617 2455 796 2499 imperium
822 2454 920 2489 verbi
944 2456 1034 2499 ejus,
1060 2456 1252 2489 contremui
1276 2466 1340 2489 nec
1364 2457 1477 2500 ipsum

85 2517 259 2553 Lazarum
284 2518 463 2552 continere
488 2519 608 2563 potui,
643 2519 706 2554 sed
732 2521 911 2555 excutiens
939 2530 976 2555 se
1002 2524 1040 2553 ut
1063 2520 1183 2565 aquila
1213 2530 1320 2565 super
1341 2532 1475 2557 omnem

152 2687 181 2719 1)
198 2689 320 2715 Recent.
339 2686 497 2713 ducenti
517 2686 628 2719 legunt.
732 2687 760 2719 2)
780 2688 903 2714 necent.
920 2685 1048 2715 sortasse
1066 2688 1175 2716 rectius
1195 2696 1336 2715 curvos
1362 2688 1472 2721 legunt,

85 2730 114 2762 3)
132 2730 244 2758 Verba:
265 2730 352 2766 ipse
371 2745 402 2753 -
421 2730 576 2759 inferus
595 2731 703 2758 desunt
721 2731 751 2757 in
770 2731 824 2761 Ed.
842 2734 886 2759 l’r.

1087 2789 1169 2822 16*
