1742 3005
410 77 505 126 Cap.
539 76 679 113 (lell.
746 77 802 113 De
834 84 963 112 saneto
996 75 1208 112 Dominico.
1424 76 1504 116 473

116 186 188 223 vis,
226 188 261 218 et
291 181 382 216 dabo
419 182 493 216 tibi.
543 181 783 223 Deliberanti,
817 181 898 227 quid
933 186 1089 226 peteret,
1133 191 1200 215 una
1236 193 1278 217 ex
1314 184 1506 228 praedietis

116 248 244 293 puellis
269 249 472 293 suggessit,
509 259 551 283 ne
587 247 669 293 quid
700 252 857 292 peteret.
893 247 956 282 sed
993 258 1032 282 se
1065 251 1173 281 totum
1198 249 1342 294 reginae
1369 251 1505 284 miseri-

115 314 257 349 cordiae
290 316 531 348 committeret.
581 314 678 354 Quod
716 314 793 347 dum
830 313 992 354 fecisset,
1032 313 1095 347 illa
1134 323 1269 347 manum
1313 315 1505 350 extendens

116 381 314 425 virgineam
342 390 445 414 aures
472 381 549 425 ejus
575 385 609 414 et
634 390 750 420 nareS‚
777 389 897 412 manus
919 380 996 423 ejus
1021 383 1055 412 et
1079 379 1187 422 pedes
1216 380 1377 423 salutari,
1404 391 1506 426 quani

116 445 266 486 tulerat,
293 448 454 480 unctione
480 447 654 490 perunxit,
682 444 849 478 formulas
877 443 1058 477 verborum
1085 446 1247 488 proprias
1274 446 1319 478 ad
1345 447 1505 492 singulas

116 512 299 545 unctiones
332 511 553 545 subinferens
588 509 632 543 ad
664 519 766 543 renes
799 510 867 542 ait:
900 510 1119 553 stringantur
1153 520 1254 544 renes
1287 512 1337 543 tui
1365 512 1506 556 cingulo

118 579 305 611 eastitatis.
353 576 409 611 Ad
433 575 542 620 pedes
567 576 635 608 ait:
672 585 765 620 unge
800 574 908 619 pedes
941 576 974 608 in
1000 578 1304 620 praeparationem
1331 578 1508 623 evangelii

117 644 227 688 pacis.
274 641 508 686 Addiditque:
551 641 608 675 die
645 642 751 675 tertia
786 642 916 675 mittam
948 640 1013 674 tibi
1048 641 1234 685 ampullam
1274 645 1507 677 restitutionis

118 707 297 752 plenariae
327 709 503 744 sanitatis.
550 706 650 741 Tunc
685 709 718 741 ei
750 706 906 740 habitum
939 707 1072 740 ordinis
1106 708 1314 743 ostendens:
1355 720 1418 750 en,
1455 711 1509 742 in—

119 776 212 818 quit,
247 775 315 808 iste
348 777 401 807 est
433 772 574 807 habitus
608 773 742 806 ordinis
776 774 838 807 tui.
887 772 981 807 Hane
1013 777 1126 808 autem
1152 776 1320 808 visionem
1347 776 1510 809 similiter

118 840 244 874 heatus
267 839 469 874 Dominicus
507 840 540 872 in
575 839 735 873 oratione
764 840 899 883 positus
927 839 1023 872 vidit.
1072 839 1177 874 Mane
1202 844 1315 874 autem
1344 840 1435 874 sacto
1464 840 1508 873 ad

121 916 196 940 eum
227 906 370 940 veniens
405 910 545 939 sanetus
570 905 770 939 Dominieus
804 909 837 938 et
871 914 990 938 sanum
1018 907 1149 949 reperit
1174 909 1208 939 et
1233 905 1275 938 ab
1303 905 1422 939 eodem
1452 910 1507 939 to-

120 973 189 1005 tins
214 972 361 1005 visionis
386 972 511 1005 seriem
536 971 671 1005 audivit
699 975 731 1005 et
760 970 934 1011 habitum,
976 982 1074 1015 quem
1111 972 1212 1016 virgo
1238 976 1508 1013 monstraverat,

121 1038 308 1077 assumsit,
349 1046 425 1070 nam
461 1042 566 1071 antea
598 1037 725 1071 fratres
755 1036 1013 1081 superpelliciis
1055 1036 1253 1071 utebantur.
1302 1037 1365 1071 Die
1394 1042 1508 1072 autem

122 1105 227 1137 tertia
261 1102 325 1138 Dei
360 1107 472 1138 mater
503 1103 616 1137 adfuit
648 1107 682 1137 et
715 1112 842 1147 eorpus
868 1101 1056 1147 Reginatdi
1082 1101 1171 1136 adeo
1197 1104 1380 1146 perunxit,
1417 1103 1510 1148 quod

122 1179 190 1202 non
215 1168 326 1202 solum
348 1172 482 1203 aestum
506 1169 672 1212 febrium,
713 1168 777 1203 sed
813 1170 917 1202 etiam
943 1167 1102 1202 ardorem
1129 1170 1435 1212 concupiscentiae
1460 1171 1511 1204 sie

124 1236 310 1279 exstinxit,
343 1238 399 1277 ut,
427 1236 517 1269 sieut
545 1236 620 1279 ipse
656 1234 874 1280 postmodum
902 1237 955 1268 est
994 1234 1197 1276 consessus,
1232 1245 1295 1268 nec
1322 1237 1450 1279 primus
1477 1237 1510 1269 in

123 1311 165 1335 eo
199 1304 312 1334 motus
349 1300 506 1334 libidinis
545 1301 628 1344 ¹)de
662 1304 803 1334 caetero
829 1299 1025 1344 pullulavit.
1073 1299 1167 1334 Hanc
1192 1301 1359 1334 visionem
1384 1303 1510 1335 iterato

124 1365 315 1401 exhibitam
351 1365 490 1410 quidam
525 1366 715 1412 religiosus
748 1366 791 1400 de
824 1365 947 1400 ordine
982 1364 1291 1409 hospitalariorum
1326 1371 1512 1411 praesente

124 1432 230 1466 beato
265 1431 446 1466 Dominico
480 1434 632 1476 propriis
668 1431 780 1465 oeulis
818 1431 905 1465 vidit
945 1434 979 1465 et
1011 1432 1153 1475 stupuit.
1213 1431 1308 1465 Hanc
1343 1433 1511 1467 visionem

126 1497 242 1530 multis
276 1496 443 1532 fratribus
475 1497 601 1542 ²)post
627 1497 720 1531 illius
753 1497 883 1531 obitum
917 1495 1041 1530 beatus
1076 1495 1274 1530 Dominicus
1310 1498 1512 1541 publicavit.

125 1561 260 1597 Missus
284 1564 392 1608 igitur
416 1562 632 1609 Reginaldus
659 1563 850 1597 Bononiam
876 1561 1131 1606 praedicationi
1165 1562 1333 1598 ardenter
1360 1564 1514 1597 instabat

127 1631 162 1662 et
187 1628 329 1662 fratrum
355 1640 516 1664 numerus
543 1628 781 1664 excrescebat.
831 1628 915 1662 Post
949 1626 1014 1661 hoc
1045 1632 1158 1662 autem
1195 1630 1321 1663 missus
1358 1629 1514 1664 Parisios

127 1705 195 1728 non
222 1698 302 1738 post
326 1694 451 1729 multos
477 1694 553 1730 dies
577 1695 612 1729 in
639 1695 777 1728 domino
807 1693 1027 1727 obdormivit.
1076 1693 1220 1729 Juvenis
1247 1696 1386 1740 quidam
1405 1707 1516 1740 nepos

128 1760 258 1793 domini
290 1760 460 1805 Stephani
493 1761 683 1795 cardinalis
716 1761 759 1795 de
791 1760 903 1794 Fossa
936 1760 1036 1795 Nova
1075 1771 1149 1794 cum
1187 1772 1276 1806 equo
1311 1763 1343 1796 in
1380 1762 1515 1796 foveam

128 1827 338 1870 praecipitio
368 1826 493 1875 lapsus
526 1826 605 1861 inde
639 1832 794 1862 mortuus
821 1831 875 1862 est
901 1826 1068 1869 eductus,
1103 1829 1162 1872 qui
1195 1827 1299 1862 beato
1336 1828 1516 1862 Dominieo

127 1890 268 1926 oblatus
301 1894 462 1928 oratione
496 1893 575 1927 susa
607 1891 904 1937 vitae‘pristinae
951 1897 1005 1927 est
1041 1895 1235 1928 restitutus.
1291 1894 1328 1929 In
1365 1894 1519 1928 ecclesia

127 1958 241 1990 saneti
268 1958 358 1992 sixti
384 1959 614 1994 architectum
639 1958 810 2004 quendam
839 1958 1043 1993 conductum
1073 1969 1094 1993 a
1121 1959 1289 1993 fratribus
1316 1959 1379 1993 sub
1407 1961 1519 2003 cripta

130 2015 301 2066 quaedam
328 2024 433 2057 ruina
459 2023 612 2068 desuper
633 2023 790 2058 resoluta
814 2025 991 2066 contrivit,
1024 2025 1174 2069 denique
1206 2025 1270 2059 sub
1300 2025 1434 2058 cumulo
1460 2034 1519 2057 ca-

131 2087 245 2122 dentis
279 2089 448 2123 materiae
475 2089 650 2132 jacentem
679 2091 863 2130 exstinxit,
901 2089 962 2124 sed
997 2091 1050 2123 vir
1076 2090 1140 2124 Dei
1166 2089 1366 2124 Doniinicus
1392 2099 1519 2133 corpus

131 2153 174 2188 de
207 2163 357 2188 caverna
392 2153 598 2188 subductum
626 2154 672 2187 ad
706 2165 744 2189 se
778 2155 909 2190 deferri
937 2156 1047 2200 jussit
1077 2157 1343 2200 orationumque
1381 2165 1519 2188 suarum

130 2219 302 2265 suffragio
328 2221 445 2254 statim
470 2221 564 2255 vitae
591 2220 692 2254 simul
721 2224 753 2255 et
779 2222 922 2255 sanitati
947 2223 1111 2255 restituit.
1160 2220 1196 2255 In
1224 2221 1344 2256 eadem
1372 2220 1522 2255 ecclesia

134 2283 256 2326 ³)dum
281 2284 411 2320 fratres
438 2287 580 2320 circiter
603 2286 666 2320 XL
692 2290 873 2321 manerent
897 2291 932 2322 et
947 2287 1097 2332 quadam
1119 2289 1192 2322 viee
1208 2288 1309 2332 panis
1328 2286 1429 2320 valde
1446 2296 1521 2319 mo-

131 2349 243 2383 dicum
269 2351 505 2392 invenissent,
533 2350 660 2386 heatus
686 2352 885 2387 Dominieus
912 2352 947 2386 id
974 2353 1166 2396 modicum,
1195 2352 1287 2398 quod
1312 2351 1522 2393 habebatur,

131 2416 233 2460 panis
245 2417 278 2449 in
286 2419 404 2460 partes
417 2416 526 2450 dividi
537 2427 643 2461 super
656 2428 808 2452 mensam
821 2417 1009 2459 mandavit,
1029 2418 1177 2463 dumque
1189 2419 1428 2462 unusquisque
1441 2417 1523 2451 bue-

131 2480 254 2516 cellam
282 2481 384 2525 panis
418 2491 492 2515 eum
527 2481 658 2527 gaudio
691 2482 890 2528 frangeret,
928 2493 1006 2517 ecce
1041 2483 1109 2517 duo
1142 2485 1292 2528 Juvenes
1322 2482 1464 2517 habitus
1491 2488 1523 2517 et

134 2548 268 2582 formae
284 2547 477 2581 consimilis
497 2547 719 2582 refectorium
736 2550 963 2585 intraverunt,
976 2549 1160 2593 palliorum
1182 2550 1290 2585 sinus.
1317 2550 1375 2594 qni
1394 2559 1414 2582 a
1433 2547 1524 2582 eollo

202 2647 230 2680 l)
249 2647 347 2674 Verba
376 2647 422 2673 (le
447 2652 610 2673 caetero
635 2647 743 2673 omittit
772 2647 825 2674 lad.
844 2651 887 2675 Pr.
996 2647 1024 2680 2)
1051 2646 1103 2673 Ed.
1130 2650 1198 2674 Rec.
1219 2646 1332 2674 addunt
1352 2646 1526 2675 maxime.

135 2692 164 2724 3)
185 2693 254 2722 Περ»,
275 2691 391 2719 addunt
411 2692 513 2728 apud
534 2695 695 2721 Romam,
