1742 3005
243 56 323 120 260
546 86 640 134 (Tap.
674 84 810 120 xm‘l.
868 83 926 120 De
956 91 1085 120 sancto
1116 84 1316 132 Gregorio.

243 187 374 219 cumin
407 186 556 220 diversis
582 185 697 220 mundi
733 185 891 230 partibus
928 187 1143 231 exemplaria
1173 190 1390 225 tenerentur,
1433 183 1631 229 adjungens

244 253 390 284 immane
415 251 637 296 saerilegium
670 261 770 293 esse,
807 252 895 285 tanti
929 252 1039 295 patris
1071 255 1124 285 tot
1145 255 1179 286 et
1202 251 1293 285 tales
1328 250 1438 284 libros
1473 259 1630 290 exurere,

245 326 350 359 super
375 317 474 361 euJus
501 321 605 361 caput
638 319 716 361 ipse
751 317 907 361 spiritum
941 320 1095 350 sanctum
1130 317 1163 349 in
1197 316 1420 350 similitudine
1452 314 1633 349 columbae

246 381 526 425 frequentissime
554 384 806 427 prospexisset.
864 381 1021 416 Tandem
1059 391 1120 416 eos
1153 383 1188 415 in
1215 381 1304 416 hane
1339 382 1544 415 sententiam
1571 379 1631 413 ad-

247 445 363 487 duxit,
389 450 437 488 ut,
464 449 494 481 si
518 447 625 489 illud,
653 447 745 493 quod
773 447 928 489 dixerat,
951 447 1184 493 jurejurando
1209 433 1416 481 eoniirmans
1440 447 1526 480 mori
1550 455 1632 479 con-

246 512 340 545 tinno
367 514 563 555 meruisset,
592 514 661 558 ipsi
683 523 703 547 a
727 512 895 547 librorum
924 514 1105 547 exustione
1133 512 1356 554 desisterent,
1384 513 1413 546 si
1438 522 1520 545 vero
1550 512 1635 544 mori

245 587 313 610 non
339 576 530 613 debuisset.
557 578 620 613 sed
647 583 828 624 superstes
854 580 907 612 sui
932 580 1122 613 testimonii
1149 579 1361 619 exstitisset,
1395 578 1472 622 ipse
1499 586 1638 622 quoque

245 641 526 678 combustoribus
561 654 680 678 manns
721 644 831 678 daret.
888 643 1012 679 Fertur
1043 647 1131 679 enim
1172 644 1362 689 Gregorius
1397 644 1465 678 sibi
1492 641 1636 681 dixisse,

246 707 351 751 quod,
378 710 407 741 si
432 709 633 743 miraculum
659 708 702 743 de
726 711 862 743 visione
887 709 1068 744 columbae
1094 710 1299 755 publicaret.
1327 713 1408 753 post
1430 708 1494 741 hoc
1519 709 1637 741 vivere

246 783 313 805 non
347 773 490 807 valeret.
545 773 667 819 ltaque
701 783 775 807 eum
811 778 984 818 apparatu
1031 774 1177 819 dyaconi
1211 774 1471 819 evangeliorum
1511 772 1636 806 librum

247 838 409 882 bajulans
444 838 656 873 venerabilis
689 839 797 873 levita
832 838 955 872 Petrus
981 838 1171 874 adveniens
1204 850 1283 873 mox
1316 843 1353 873 ut
1387 839 1489 872 tactis
1517 847 1637 871 saero-

247 905 376 937 sanctis
402 904 594 949 evangeliis
623 903 785 949 Gregorii
810 906 986 938 sanctitati
1010 906 1242 939 testimonium
1268 904 1444 950 perhibuit
1469 908 1502 938 et
1530 913 1549 937 a
1573 903 1636 937 do-

248 969 322 1003 lore
348 971 468 1004 mortis
496 975 683 1004 extraneus
711 971 869 1015 spiritum
894 972 984 1004 inter
1009 971 1117 1005 verba
1141 981 1245 1005 verae
1276 970 1509 1005 confessionis
1538 968 1638 1003 effla-

249 1037 306 1068 vit.
333 1056 377 1059 —
402 1056 447 1060 —
492 1038 560 1073 12.
591 1035 737 1075 Quidam
762 1035 950 1070 monachus
976 1038 1180 1071 monasterii
1205 1038 1316 1071 sancti
1338 1035 1500 1081 Gregorii
1526 1034 1637 1080 quod-

250 1101 327 1134 dam
354 1112 461 1145 penes
488 1111 526 1135 se
554 1102 725 1146 peculium
751 1103 993 1147 congregavit,
1022 1103 1148 1136 beatus
1175 1107 1287 1137 autem
1317 1101 1509 1146 Gregorius
1536 1100 1638 1134 alteri

250 1167 419 1201 monacho
443 1177 618 1212 apparens
646 1167 744 1205 dixit,
771 1171 808 1200 ut
825 1166 894 1200 sibi
918 1166 1166 1210 denuntiaret,
1193 1168 1284 1213 quod
1304 1167 1476 1212 peculium
1500 1165 1637 1210 disper-

251 1238 351 1277 geret
378 1238 411 1268 et
438 1235 688 1278 poenitentiam
713 1237 849 1279 ageret,
875 1233 957 1278 quia
983 1232 1040 1267 die
1064 1235 1172 1267 tertia
1189 1238 1285 1268 esset
1302 1234 1499 1267 moriturus
1539 1231 1639 1271 Quod

250 1298 310 1332 ille
336 1299 483 1333 audiens
509 1299 733 1334 vehementer
759 1299 910 1343 expavit,
936 1300 1187 1343 poenitentiam
1214 1300 1287 1343 egit
1305 1303 1338 1333 et
1361 1298 1532 1343 peculium
1559 1297 1638 1332 red-

251 1363 337 1398 didit
362 1376 511 1410 moxque
537 1365 695 1399 febribus
724 1364 812 1399 adeo
837 1368 1019 1408 correptus
1045 1369 1109 1406 est,
1135 1369 1172 1399 ut
1194 1374 1215 1398 a
1240 1363 1392 1398 diluenlo
1420 1362 1491 1397 diei
1514 1364 1641 1398 tertiae

251 1441 361 1476 nsque
385 1431 430 1465 ad
456 1431 576 1465 horam
602 1432 740 1465 tertiam
772 1440 858 1475 prae
890 1431 995 1464 nimio
1030 1429 1188 1465 incendio
1215 1429 1369 1475 linguam
1401 1429 1444 1463 ab
1471 1439 1531 1463 ore
1558 1439 1640 1473 pro-

246 1497 376 1541 jiciens
401 1497 555 1531 ultimum
583 1497 699 1531 flatum
735 1499 891 1532 emittere
923 1496 1112 1530 videretur.
1170 1495 1240 1530 Sed
1271 1505 1346 1529 eum
1379 1495 1642 1529 circumstantes

251 1562 411 1596 monachi
437 1573 552 1597 eoram
581 1564 657 1607 ipso
685 1562 895 1607 psallerent,
929 1561 1160 1606 psalmodiam
1186 1561 1325 1595 tandem
1351 1562 1642 1605 interrumpentes

253 1629 285 1662 ei
311 1628 497 1663 detrahere
522 1633 732 1672 coeperunt,
780 1628 837 1662 ille
871 1632 984 1662 autem
1020 1629 1183 1661 continno
1217 1627 1429 1661 reviviscens
1462 1629 1496 1659 et
1520 1625 1642 1659 oculos

253 1694 468 1729 subridendo
494 1695 694 1729 concutiens
731 1695 799 1727 ait:
834 1698 957 1738 pareat
990 1693 1090 1727 vobis
1125 1692 1307 1733 dominus,
1344 1682 1494 1732 fratres,
1535 1700 1643 1735 quare

252 1758 335 1792 mihi
360 1759 547 1796 detrahere
573 1760 746 1796 voluistis.
772 1770 849 1794 nam
878 1759 1157 1804 impedimentum
1182 1757 1266 1791 mihi
1293 1768 1360 1791 non
1383 1756 1552 1791 modicum
1577 1766 1642 1802 ge-

250 1826 415 1862 nerastis,
443 1828 525 1871 quia
548 1831 616 1861 tam
643 1836 663 1860 a
687 1826 799 1861 vobis.
829 1835 929 1870 quam
955 1834 975 1859 a
1001 1824 1151 1869 dyabolo
1178 1822 1242 1857 snb
1270 1834 1336 1856 uno
1358 1827 1513 1866 tempore
1539 1832 1642 1856 accu-

252 1894 350 1923 satus
377 1891 586 1929 nesciebam,
612 1893 666 1925 eui
685 1891 878 1926 calumniae
895 1891 1053 1935 primitus
1070 1888 1330 1933 responderem,
1359 1888 1420 1923 sed
1447 1889 1477 1921 si
1501 1887 1643 1933 (plaudo

252 1956 442 2001 quemlibet
465 1944 670 2002 migrantem
696 1957 873 1997 videritis,
913 1956 1023 1990 eidem
1047 1966 1115 1989 non
1148 1954 1419 1990 detractionem,
1461 1953 1524 1988 sed
1549 1964 1642 1987 com-

253 2023 453 2065 passionem
480 2023 707 2067 impendatis,
745 2027 865 2067 utpote
894 2023 952 2066 qui
985 2020 1030 2055 ad
1056 2025 1124 2054 tam
1150 2020 1301 2054 districti
1321 2019 1451 2065 judicis
1475 2029 1548 2053 cum
1575 2019 1643 2052 cri-

253 2089 424 2122 minatore
450 2098 513 2122 suo
538 2087 706 2133 judicium
736 2087 840 2122 vadit.
870 2117 873 2121 ,
899 2086 983 2120 Nam
1017 2086 1061 2121 ad
1083 2086 1251 2132 judicium
1286 2097 1360 2120 cum
1386 2085 1536 2131 dyabolo
1564 2085 1645 2120 steti

254 2158 287 2187 et
313 2153 502 2198 adjuvante
534 2158 655 2188 saneto
694 2153 867 2198 Gregorio
903 2154 1035 2187 cunetis
1074 2154 1147 2187 suis
1181 2151 1439 2197 objectionibus
1472 2150 1561 2184 bene
1588 2160 1644 2184 re-

253 2218 392 2263 spondi,
420 2224 549 2253 tantum
577 2219 620 2253 de
646 2229 715 2253 una
741 2219 941 2263 objectione
967 2220 1144 2252 convietus
1172 2216 1314 2258 erubui,
1340 2227 1403 2261 pro
1430 2225 1509 2261 qna,
1534 2219 1572 2249 ut
1593 2215 1644 2249 vi-

253 2284 375 2324 distis,
412 2284 531 2319 taliter
558 2294 631 2318 sum
658 2289 803 2318 vexatus
840 2289 873 2318 et
899 2284 1012 2318 adhue
1037 2294 1089 2317 me
1115 2294 1182 2317 non
1211 2283 1307 2327 potui
1331 2282 1493 2316 liberare.
1544 2280 1645 2315 Cum-

253 2360 319 2394 que
347 2349 390 2383 de
417 2359 459 2383 ea
485 2350 613 2383 fratres
643 2350 872 2394 requirerent,
899 2350 965 2382 ait:
994 2360 1061 2383 uon
1087 2348 1199 2383 audeo
1228 2348 1358 2385 dicere,
1384 2348 1478 2392 quia,
1503 2356 1576 2380 eum
1603 2345 1646 2380 ad

255 2425 314 2448 xos
341 2425 363 2449 a
389 2415 493 2450 beato
522 2414 694 2460 Gregorio
717 2415 840 2460 jussus
861 2425 935 2448 sum
956 2416 1086 2450 venire,
1115 2413 1285 2457 dyabolus
1311 2413 1353 2447 de
1379 2412 1444 2446 hoc
1466 2412 1647 2457 plurimum

255 2484 307 2513 est
326 2486 551 2525 conquestus,
576 2484 701 2525 putans
723 2478 816 2525 quod
843 2490 896 2514 me
912 2479 956 2513 ad
981 2481 1230 2524 poenitentiarii
1257 2478 1429 2523 agendam
1450 2488 1513 2522 pro
1541 2486 1647 2510 eausa

254 2545 313 2578 illa
339 2546 431 2579 Deus
464 2547 673 2588 remitteret,
709 2550 924 2591 quapropter
948 2544 1087 2579 beatum
1107 2544 1313 2589 Gregorium
1339 2543 1460 2577 vadem
1487 2540 1579 2575 dedi.
1605 2552 1647 2574 ne

253 2615 455 2644 commotam
489 2612 694 2646 calumniam
735 2611 879 2645 cuilibet
912 2610 1114 2645 revelarem.
1172 2608 1325 2653 Moxque
1359 2607 1512 2641 clamans
1539 2606 1645 2640 dixit:

254 2687 273 2707 o
302 2674 461 2714 Andrea,
490 2675 628 2710 Andrea
658 2676 722 2710 hoc
749 2687 837 2711 anno
864 2686 1009 2721 pereas.
1046 2676 1102 2720 qui
1128 2685 1179 2709 me
1206 2683 1313 2718 pravo
1339 2672 1487 2706 consilio
1514 2671 1557 2706 ad
1584 2671 1648 2706 hoe
