1742 3005
264 96 344 135 782
551 94 644 141 Cap.
677 91 829 128 CLXX.
898 87 958 128 De
988 98 1119 128 sancto
1152 91 1363 131 Clemente.

263 200 457 238 accidisse3
497 195 614 230 audite
640 196 748 240 igitur
773 196 936 242 conjugis
962 206 1059 230 meae
1084 195 1201 230 thema
1226 201 1260 231 et
1285 199 1468 235 invenietis
1497 199 1649 243 schema,

263 268 362 310 (ujus
388 264 501 298 exitus
529 261 669 297 accidit.
717 260 846 295 Habuit
876 271 1023 306 namque
1062 261 1251 306 ¹)Martem
1285 272 1360 297 cum
1385 264 1521 301 Venere
1546 277 1652 311 super

261 335 427 370 centrum,
450 329 565 362 lunam
584 338 666 362 vero
689 329 722 361 in
741 337 868 361 occasu
888 328 920 360 in
939 327 1040 361 domo
1050 327 1176 362 Martis
1195 328 1366 362 etfinibus
1379 328 1539 373 Saturni;
1559 331 1651 376 quod

260 398 398 440 scilicet
417 394 559 430 schema
584 392 764 427 adulteras
792 392 875 426 facit
900 396 934 427 et
958 403 1082 427 servos
1108 395 1272 438 proprios
1298 392 1417 429 amare
1444 398 1477 429 et
1501 406 1651 442 peregre

261 462 433 509 proticisci
453 465 488 496 et
506 461 539 493 in
561 460 661 504 aquis
686 458 844 504 defungi,
871 458 963 504 quod
983 462 1017 493 et
1042 457 1169 492 factum
1191 464 1257 495 est.
1304 459 1429 494 Incidit
1448 470 1596 506 namque
1617 463 1651 496 in

259 539 410 564 amorem
440 527 531 562 servi
559 529 593 560 et
618 524 806 569 periculum
832 528 937 570 atque
962 523 1186 569 opprobrium
1213 528 1369 559 metuens
1392 536 1466 561 oum
1487 528 1564 572 ipso
1588 538 1649 563 au-

261 596 403 640 fugitet
427 592 562 627 inmari
583 592 698 636 periit.
747 590 846 632 Nam,
872 591 961 624 sicut
986 590 1096 625 frater
1121 600 1216 624 meus
1246 591 1376 634 retulit,
1405 593 1514 637 ipsum
1542 595 1651 639 prime

259 660 456 701 adamavit,
485 657 548 692 sed
573 667 648 691 cum
674 658 750 701 ipse
777 657 949 691 assentire
976 655 1045 689 sibi
1072 655 1198 697 nollet,
1233 657 1265 689 in
1292 667 1428 692 servum
1457 669 1542 695 suae
1568 660 1651 695 libi-

260 725 354 758 dinis
381 733 533 757 amorem
560 722 727 764 retorsit,
763 731 826 755 nee
860 725 976 755 tamen
1010 722 1043 755 ei
1076 721 1311 765 inmutandum
1349 727 1423 766 est,
1458 727 1541 770 quia
1575 737 1650 762 eam

259 791 403 837 genesis
447 788 512 823 hoe
558 788 676 822 facere
723 786 900 831 compulit.
966 784 1220 830 Narravitque‚
1268 789 1439 831 quomodo
1481 794 1649 828 somnium

260 857 398 891 tinxerit
425 859 458 890 et
484 853 659 900 quomodo
685 863 760 887 cum
786 852 907 887 liberis
933 851 1090 886 Athenas
1119 851 1250 886 vadens
1279 853 1467 900 naufragio
1494 860 1648 901 per101-jt‚

259 923 413 966 Cumque
439 919 500 954 filii
527 919 654 954 vellent
681 921 715 952 in
742 929 816 953 eum
846 919 978 952 irruere
1004 921 1038 952 et
1064 927 1134 951 rem
1153 918 1303 962 aperire,
1330 919 1509 962 prohibuit
1528 922 1649 958 Petrus

259 988 399 1022 dicens:
425 986 607 1031 quiescite,
635 984 864 1030 quoadusque
882 983 964 1017 mihi
986 983 1170 1027 placuerit.
1220 983 1382 1029 Dixitque
1400 987 1430 1020 ei
1450 985 1592 1023 Petrus:
1619 991 1649 1024 si

260 1052 364 1087 hodie
391 1052 575 1096 conjugem
600 1054 692 1084 tuam
710 1051 941 1084 castissimam
962 1059 1036 1083 cum
1059 1049 1169 1082 tribus
1191 1048 1270 1084 filiis
1289 1052 1358 1085 tuis
1381 1054 1648 1098 consignavere,

259 1117 403 1159 credes,
439 1118 522 1162 quia
549 1117 693 1162 genesis
727 1115 813 1150 nihil
851 1116 926 1150 sit?
975 1115 1036 1150 Cui
1063 1115 1141 1150 ille:
1174 1116 1265 1150 sicut
1292 1117 1512 1161 impossibile
1537 1124 1590 1154 est
1613 1125 1648 1156 te

259 1183 448 1225 exhibere,
483 1181 575 1227 quod
611 1182 824 1226 promisisti,
856 1183 906 1216 ita
941 1185 976 1216 et
1009 1181 1229 1225 impossibile
1264 1186 1337 1224 est,
1373 1187 1473 1218 extra
1498 1187 1647 1230 genesin

257 1249 390 1294 aliquid
418 1248 503 1283 steri.
551 1247 716 1293 Dixitque
743 1248 774 1282 ei
796 1247 938 1283 Petrus:
973 1257 1053 1282 ecee
1088 1248 1155 1281 iste
1185 1251 1239 1282 est
1265 1247 1355 1282 tilius
1383 1253 1462 1285 tuus
1488 1250 1647 1286 Clemens

258 1320 291 1349 et
324 1315 359 1349 hi
385 1314 453 1348 duo
487 1315 616 1360 gemini
650 1316 699 1348 tui
727 1313 914 1348 Faustinus
948 1318 982 1348 et
1007 1312 1167 1347 Faustus.
1218 1312 1318 1347 Tunc
1346 1324 1454 1349 senex
1480 1318 1645 1352 resolutis

256 1381 418 1416 membris
441 1380 567 1415 cecidit
585 1384 619 1415 et
641 1382 809 1415 exanimis
838 1380 951 1414 sactus
977 1383 1041 1414 est.
1090 1377 1169 1419 Filii
1187 1383 1301 1414 autem
1323 1381 1494 1416 irruentes
1515 1383 1547 1416 in
1567 1394 1644 1418 eum

257 1447 508 1482 osculabantur
541 1450 702 1482 verentes
716 1469 728 1489 ,-
759 1458 802 1482 ne
836 1449 995 1492 spiritum
1031 1456 1198 1481 revocare
1236 1451 1358 1491 posset
1418 1447 1575 1482 Tandem
1600 1448 1644 1484 ad

255 1524 294 1548 se
321 1514 460 1548 rediens
487 1514 614 1555 onmia,
640 1517 677 1547 ut
701 1513 914 1555 acciderant,
941 1523 1004 1558 per
1030 1512 1185 1547 ordinem
1211 1512 1357 1547 audivit.
1407 1513 1505 1548 Tunc
1527 1514 1648 1549 subito

254 1590 342 1614 uxor
366 1579 508 1614 advenit
532 1583 566 1614 et
590 1590 664 1613 cnm
691 1579 851 1624 lacrymis
877 1579 1026 1614 clamare
1052 1581 1184 1624 coepit:
1218 1579 1276 1614 ubi
1311 1583 1363 1614 est
1395 1581 1447 1614 vir
1480 1590 1576 1615 meus
1609 1584 1643 1616 et

253 1645 412 1679 dominus
436 1646 556 1679 meus?
604 1644 697 1680 llaec
715 1655 789 1679 cum
812 1645 873 1679 illa
890 1646 991 1691 quasi
1017 1655 1134 1680 amens
1156 1646 1334 1688 clamaret,
1364 1656 1470 1681 senex
1490 1648 1643 1681 cuturrit

252 1716 286 1745 et
317 1721 392 1745 cum
427 1711 542 1745 multis
575 1710 737 1756 lacrymis
776 1712 939 1756 amplecti
981 1715 1015 1746 et
1048 1713 1223 1757 stringere
1260 1722 1334 1747 eam
1371 1714 1500 1757 coepit.
1554 1712 1639 1747 Dum

252 1779 360 1823 igitur
385 1777 486 1811 sinml
515 1781 716 1820 manerent,
751 1777 895 1812 advenit
927 1778 1065 1823 qnidam
1098 1779 1260 1812 nuntians
1289 1778 1459 1823 Apionem
1496 1783 1530 1814 et
1557 1779 1640 1813 Am-

251 1842 388 1876 bionem
423 1842 639 1876 Faustiniani
675 1844 907 1877 amicissimos
940 1854 1014 1877 cum
1040 1844 1187 1888 S5mone
1223 1854 1326 1889 mago
1354 1843 1539 1887 hospitari,
1587 1844 1638 1879 De

250 1918 394 1952 quorum
421 1907 573 1941 adventu
598 1906 845 1942 Faustinianus
872 1908 974 1943 valde
999 1910 1144 1954 gavisus
1181 1908 1226 1942 ad
1260 1918 1320 1942 eos
1357 1909 1548 1943 visitandos
1575 1911 1638 1944 ivit

249 1977 282 2007 et
309 1983 388 2007 ecce
415 1975 554 2007 nuntius
588 1975 701 2015 venit,
731 1976 788 2018 qui
821 1973 972 2016 diceret,
1009 1976 1199 2008 nrinistrum
1227 1974 1389 2008 Caesaris
1415 1975 1637 2010 Antiochiam

248 2038 457 2080 advenisse,
500 2042 536 2072 ut
579 2048 700 2083 magos
741 2049 867 2089 omnes!
894 2043 1081 2085 quaereret
1115 2043 1149 2074 et
1183 2044 1291 2074 morte
1327 2040 1475 2084 puniret.
1535 2041 1635 2076 Tunc

247 2104 373 2148 symon
399 2114 521 2149 magus
549 2105 582 2138 in
608 2104 723 2139 odium
752 2104 919 2148 filiorum,
946 2107 1004 2150 qui
1031 2106 1141 2149 ipsum
1169 2106 1404 2151 reliquerant,
1441 2106 1554 2141 vultus
1581 2109 1636 2142 sui

246 2169 506 2204 similitudinem
534 2171 566 2203 in
591 2169 850 2206 Faustinianum
878 2172 1078 2216 impressit,
1112 2175 1149 2205 ut
1176 2182 1242 2206 non
1268 2171 1535 2214 Faustinianus,
1570 2173 1634 2208 sed

245 2235 372 2279 SJnion
399 2244 522 2281 magus
549 2236 591 2269 ab
621 2236 780 2271 omnibns
808 2241 1001 2282 putaretur.
1050 2237 1122 2272 Hoc
1154 2243 1267 2272 autem
1302 2237 1404 2280 fecit,
1443 2242 1479 2272 nt
1515 2248 1537 2272 a
1570 2240 1633 2273 mi-

244 2302 363 2334 nistris
406 2301 571 2335 Caesaris
614 2303 691 2337 loco
735 2305 788 2337 sni
832 2307 1010 2338 teneretur
1043 2308 1076 2338 et
1117 2303 1347 2338 occideretur.
1405 2302 1482 2348 Ipse
1518 2308 1631 2339 autem

244 2367 370 2411 synon
403 2366 444 2401 (le
482 2368 641 2411 partibus
678 2369 747 2403 illis
782 2369 967 2404 abscessit.
1029 2369 1110 2403 Cum
1150 2374 1264 2404 antem
1300 2368 1546 2405 Faustinianus
1587 2370 1630 2404 ad

242 2431 379 2466 Petrum
406 2436 440 2466 et
465 2431 556 2467 tilios
583 2434 765 2478 rediisset,
800 2440 1016 2480 expaverunt
1043 2436 1102 2469 tilii
1133 2436 1259 2469 vultum
1286 2435 1466 2480 Syittottis,
1494 2437 1526 2469 in
1554 2446 1628 2470 eum

243 2499 438 2540 intuentes,
478 2509 596 2534 vocem
635 2504 749 2535 :uitem
777 2503 887 2545 patris
913 2503 967 2536 sui
993 2502 1190 2538 audientes.
1238 2501 1343 2535 Solus
1369 2506 1480 2536 autem
1506 2500 1627 2536 Petrus

243 2567 337 2604 erat,
365 2565 423 2608 qui
451 2564 577 2600 vultum
605 2567 681 2611 ejus
707 2567 899 2603 naturalem
927 2567 1087 2610 videbat,
1119 2579 1264 2615 cumque
1293 2567 1354 2602 lilii
1378 2568 1454 2613 ejus
1480 2570 1514 2602 et
1540 2577 1627 2602 uxor

312 2708 337 2738 1)
359 2707 408 2734 iri-l.
431 2711 471 2736 Ιϊ,
493 2710 568 2736 maln—
589 2715 657 2737 ιιι-ἰι
672 2721 743 2738 reni
765 2711 844 2743 legit,
