1742 3005
226 84 305 124 392
492 86 586 136 Cap.
618 85 698 122 XC.
755 85 813 122 De
853 90 982 122 sancto
1013 84 1133 123 Paulo
1163 84 1351 135 apostolo.

227 188 372 223 niundus
399 199 441 223 eo
465 187 607 233 dignior
631 198 700 222 non
725 191 790 230 est,
817 187 879 222 sed
907 187 998 222 sorte
1024 188 1079 222 vel
1099 188 1262 223 coelum?
1291 187 1354 223 sed
1371 186 1462 222 istud
1480 196 1619 232 quoque

226 255 398 288 invenitur
422 253 581 288 inferius.
630 253 667 287 Si
693 255 781 288 enim
807 263 875 287 non
897 253 1007 286 solum
1035 253 1181 295 coelum,
1209 253 1271 288 sed
1297 255 1412 295 etiam,
1439 261 1528 297 quae
1554 251 1617 285 ha-

227 319 352 353 bentur
375 319 410 352 in
437 318 567 360 coelis,
585 318 664 353 ‘Dei
692 319 895 363 postposuit
928 319 1091 361 caritati,
1125 317 1297 364 quomodo
1323 329 1391 352 non
1417 319 1530 363 magis
1555 317 1619 351 do-

228 385 359 425 minus,
405 385 465 429 qui
504 388 603 418 tanto
638 388 691 418 est
722 383 912 429 benignior
942 383 1073 427 Paulo,
1113 387 1243 429 quanto
1278 382 1445 416 malitiam
1479 383 1620 416 bonitas

229 448 419 491 antecellit,
447 450 636 484 innumeris
665 449 775 484 coelis
805 460 880 483 eum
902 448 1042 495 judicat
1067 437 1292 495 digniorem?
1339 447 1415 481 Non
1443 448 1530 481 enim
1556 456 1621 480 nos

229 519 361 548 tantum
394 514 512 560 diligit
548 515 664 556 Deus,
705 520 868 560 quantum
904 525 926 549 a
958 514 1060 549 nobis
1093 516 1171 559 ipse
1206 513 1386 559 diligitur,
1429 512 1493 548 sed
1524 516 1622 547 tanto

232 580 394 623 effusius,
429 584 557 626 quanto
592 591 657 614 nec
691 590 805 614 sermo
842 580 975 615 sufficit
1002 580 1190 625 explicare.
1239 579 1276 613 In
1302 578 1506 624 paradisum
1538 589 1624 624 quo-

233 656 300 690 que
325 645 416 680 hunc
442 646 535 681 Deus
561 647 678 690 rapuit
704 650 739 680 et
764 648 797 679 in
823 645 957 680 coelum
983 647 1122 680 tertium
1154 644 1370 687 sublevavit,
1408 654 1473 678 nec
1507 646 1625 679 imme--

233 712 319 751 rito,
356 711 528 755 siquidem
560 710 688 744 Paulus
723 711 758 743 in
792 715 888 745 terra
911 710 1080 756 gradiens
1107 712 1158 744 sic
1182 721 1220 745 se
1245 710 1394 756 gerebat
1419 711 1451 744 in
1478 712 1624 752 cunctis,

233 776 334 819 quasi
369 775 574 821 angelorum
609 776 783 809 societate
811 775 995 809 frueretur.
1045 774 1129 809 Nam
1166 776 1298 809 visibili
1336 775 1451 810 adhuc
1484 758 1626 820 corpori

232 839 423 885 colligatus
442 840 580 875 illorum
601 840 820 885 perseetione
846 840 1036 886 gaudebat,
1060 841 1168 874 tantis
1196 840 1449 886 fragilitatibus
1468 843 1626 886 corporis

233 905 394 939 subditus
411 907 446 940 in
461 906 556 940 nullo
572 906 719 941 inferior
735 908 896 951 supernis
915 906 1101 941 virtutibus
1126 916 1300 951 apparere
1323 905 1493 941 certabat.
1543 905 1628 939 Nam

235 975 270 1004 et
301 975 474 1017 tamquam
506 976 678 1016 pennatus
715 976 822 1006 totum
849 971 1007 1006 doee'ndo
1036 972 1236 1017 pervolavit
1270 971 1390 1006 orbem
1417 977 1451 1007 et
1475 972 1571 1007 velut
1595 974 1629 1006 in

235 1048 383 1081 corpore
416 1037 557 1071 labores
591 1037 816 1082 periculaque
852 1039 1035 1072 contemsit
1061 1041 1095 1072 et
1128 1038 1228 1083 quasi
1252 1038 1325 1083 Janl
1351 1038 1484 1072 coelum
1511 1038 1628 1082 pos'si-

235 1102 320 1136 dens
354 1107 478 1136 cuncta
511 1112 658 1147 prorsus
693 1106 835 1136 terrena
870 1102 1033 1147 despexit
1072 1107 1106 1137 et
1138 1107 1313 1148 tamquam
1342 1113 1414 1137 cum
1445 1104 1532 1148 ipsis
1555 1104 1629 1148 jam

233 1168 453 1212 incorporeis
470 1167 656 1202 virtutibus
674 1167 808 1213 degens
823 1169 905 1213 jugi
927 1170 1050 1203 mentis
1077 1171 1268 1204 intentione
1294 1168 1464 1215 vigilavit.
1497 1168 1542 1203 Et
1565 1178 1628 1202 an-

234 1233 327 1278 gelis
363 1233 502 1278 quidem
535 1243 644 1278 saepe
681 1233 896 1267 diversarum
933 1236 1086 1279 gentium
1119 1244 1203 1268 cura
1236 1236 1422 1269 commissa
1455 1238 1529 1277 est,
1565 1234 1629 1269 sed

234 1288 361 1332 nullus
377 1309 494 1333 eorum
519 1300 570 1333 ita
593 1298 759 1333 creditum
786 1298 856 1332 sibi
880 1299 1045 1344 populum
1072 1300 1302 1346 gubernavit,
1337 1305 1374 1334 ut
1399 1299 1528 1335 Paulus
1552 1302 1630 1336 uni-
1660 1322 1663 1323 ν

234 1374 371 1398 versum
398 1364 530 1399 orbem.
579 1364 678 1399 Sicut
701 1369 815 1399 autem
844 1365 972 1410 aliquis
999 1365 1325 1411 indulgentissimus
1360 1370 1461 1410 pater
1483 1366 1634 1400 aflicitur

235 1439 323 1475 erga
334 1428 438 1464 filium
452 1430 619 1475 phrenesi
638 1431 936 1475 comprehensum,
963 1432 1063 1476 cujus
1082 1435 1210 1477 quanto
1230 1432 1344 1477 magis
1362 1432 1530 1465 conviciis
1552 1433 1630 1465 icti-

235 1494 371 1539 busque
392 1496 564 1539 pulsatur,
580 1500 678 1530 tanto
700 1497 775 1541 eJus
794 1498 911 1541 potius
931 1498 1116 1531 miseretur
1135 1502 1168 1532 et
1188 1497 1304 1539 deflet,
1329 1498 1378 1531 ita
1394 1496 1523 1531 Paulus
1539 1498 1629 1540 istis,

237 1569 258 1593 a
284 1559 410 1604 quibus
437 1560 683 1606 affligebatur,
718 1562 854 1606 majora
880 1562 1072 1597 adhibebat
1096 1563 1250 1597 fomenta
1276 1564 1429 1607 pietatis.
1477 1562 1632 1608 Namque
1662 1590 1667 1592 >

237 1635 345 1670 saepe
368 1636 431 1670 pro
457 1626 540 1668 illis,
569 1627 627 1671 qui
653 1637 728 1661 cum
754 1629 940 1672 quinquies
963 1628 1239 1663 verberaverant
1266 1633 1301 1663 et
1327 1630 1403 1675 ejus
1428 1630 1633 1674 sanguinem

237 1690 423 1733 sitiebant,
443 1678 714 1737 ‘lacrymabatur
750 1697 784 1726 et
819 1692 1044 1727 vehementer
1080 1694 1224 1728 dolebat
1263 1699 1297 1729 et
1330 1706 1393 1739 pro
1419 1696 1462 1729 iis
1489 1696 1632 1729 orabat:

240 1756 388 1798 tratres,
430 1758 562 1801 inquit,
603 1757 763 1791 voluntas
798 1757 936 1802 quidem
971 1758 1089 1792 cordis
1123 1761 1190 1793 mei
1222 1764 1286 1794 ete..
1336 1759 1379 1794 Et
1411 1760 1635 1794 vehementer

241 1832 379 1866 quoque
419 1823 644 1858 mordebatur
680 1833 720 1857 ac
754 1825 892 1868 penitus
930 1823 1199 1866 dissecabatur,
1243 1835 1317 1859 eum
1353 1835 1415 1860 eos
1446 1829 1633 1869 pereuntes

239 1887 385 1921 videret.
434 1887 476 1922 Ut
511 1890 600 1923 enim
633 1890 775 1923 missum
806 1890 841 1922 in
876 1890 992 1933 ignem
1029 1889 1156 1924 serrum
1201 1895 1310 1925 totum
1344 1891 1505 1935 'profecto
1542 1892 1634 1936 ignis

240 1954 410 1996 efficitur,
445 1955 497 1987 sic
531 1954 660 1991 Paulus
697 1955 844 1987 raritate
875 1964 1068 1998 suspensus
1106 1955 1249 1990 effectus
1287 1961 1340 1991 est
1372 1961 1466 1991 totus
1493 1958 1633 1991 caritas.

240 2020 305 2058 Qui
337 2021 438 2064 quasi
471 2021 659 2053 communis
694 2021 802 2053 totius
840 2019 954 2057 mundi
994 2025 1089 2055 esset
1121 2026 1240 2066 pater,
1276 2023 1326 2056 ita
1360 2023 1392 2056 in
1429 2032 1548 2057 amore
1582 2022 1636 2056 vel

238 2086 379 2119 actione
403 2084 578 2127 hominum
604 2089 639 2120 et
663 2087 760 2129 ipsos
787 2095 903 2119 eorum
932 2085 1134 2120 imitabatur
1160 2092 1338 2131 parentes,
1367 2089 1468 2122 immo
1493 2092 1636 2122 cunctos

238 2160 309 2183 non
335 2150 518 2192 carnalcS,
558 2161 675 2185 verum
713 2152 816 2185 etiam
851 2151 1056 2195 spirituales
1084 2156 1203 2196 patres
1230 2135 1469 2188 sollicittsdine
1495 2162 1535 2187 ae
1560 2154 1635 2197 pie-

238 2218 313 2249 tate
343 2215 545 2259 superabat,
596 2216 737 2251 Omnem
772 2218 861 2251 enim
894 2227 1040 2261 prorsus
1070 2217 1246 2253 vhominem
1280 2218 1353 2253 Deo
1381 2218 1549 2254 exhibere
1575 2230 1635 2253 cu-

239 2279 374 2325 piebat,
401 2283 502 2325 quasi
529 2282 617 2315 enim
645 2283 842 2316 universum
862 2282 1023 2316 mundum
1052 2284 1128 2327 ipse
1155 2285 1350 2328 genuisset,
1378 2289 1413 2320 et
1437 2286 1489 2319 sic
1517 2295 1637 2319 omnes

240 2346 276 2380 in
303 2345 366 2381 Dei
389 2356 499 2392 regno
528 2346 719 2381 festinabat
743 2347 928 2390 inducere,
965 2359 1091 2394 corpus
1117 2353 1151 2384 et
1174 2351 1321 2385 animam
1348 2362 1412 2396 pro
1438 2350 1514 2394 his,
1551 2360 1637 2396 quos

241 2410 434 2457 diligebat,
471 2412 685 2456 impendens
734 2411 842 2448 Homo
879 2416 945 2449 iste
981 2415 1148 2461 ignobilis
1182 2420 1216 2450 et
1243 2417 1545 2459 eircutnt'erarius,
1579 2416 1636 2460 qui

241 2480 347 2510 altem
385 2477 575 2511 exercebat
608 2479 640 2511 in
674 2478 846 2522 pellibus,
884 2485 981 2515 tanta
1014 2482 1140 2516 virtute
1166 2492 1378 2527 progressus
1405 2486 1476 2524 est,
1511 2485 1548 2515 ut
1580 2482 1636 2514 vix

241 2540 341 2574 XXX
373 2552 540 2576 annorum
578 2545 694 2587 spatio
733 2549 767 2579 ct
793 2544 967 2580 Romanos
999 2551 1033 2581 et
1057 2546 1184 2582 Persas
1209 2552 1244 2582 et
1268 2546 1417 2582 Parthos
1441 2549 1475 2579 et
1498 2544 1635 2584 Medos,

240 2603 346 2638 Indos
374 2611 407 2639 et
432 2608 593 2658 Supinas,
621 2609 815 2654 Aethiopes
841 2615 876 2646 et
899 2612 1103 2646 Saramatas
1129 2616 1235 2656 atque
1258 2612 1455 2645 Saracenos
1478 2614 1512 2644 et
1536 2622 1637 2645 omne

243 2680 386 2713 prorsus
424 2671 595 2707 hominum
631 2685 741 2719 genus
777 2676 840 2711 sub
870 2678 959 2723 jugo
998 2679 1149 2713 mitteret
1187 2676 1366 2718 veritatis,
1410 2679 1443 2710 et
1478 2677 1568 2711 sicut
1603 2678 1635 2710 in
