1742 3005
365 128 459 180 Cap.
494 128 594 165 Llll.
657 127 715 165 De
744 127 921 178 passione
951 125 1108 164 domini.
1351 122 1428 160 233

49 230 133 266 ritus
157 229 298 276 pylatus
324 231 418 267 XIIII
443 231 576 267 dierum
601 231 758 267 inducias
783 231 983 277 postulavit.
1043 228 1138 263 Intra
1163 226 1256 274 quod
1281 227 1429 271 spatium

46 307 119 331 eum
136 295 346 331 Volusianus
371 297 542 343 quandam
559 303 759 339 matronam,
787 306 877 342 quae
898 296 1012 330 fuerat
1034 293 1217 328 familiaris
1241 293 1338 335 Jesu,
1363 303 1428 326 110-

47 363 137 397 mine
152 361 337 404 Veronica,
363 362 503 397 ubinam
523 363 681 397 Christus
699 363 802 398 Jesus
829 362 977 396 inveniri
1003 363 1137 404 posset,
1162 361 1431 404 interrogasset,

48 428 117 461 ait:
151 427 220 462 heu
245 428 403 462 dominus
435 439 531 463 meus
560 433 592 463 et
616 429 709 463 Deus
739 438 835 462 meus
863 430 958 466 erat,
998 435 1097 469 quem
1124 424 1264 468 Pylatus
1290 435 1354 469 per
1379 425 1431 457 in-

49 492 174 527 vidiam
198 492 363 526 traditum
389 493 634 527 condemnaret
669 497 702 527 et
728 492 885 537 crucifigi
919 490 1111 535 praecepit.
1170 490 1269 523 Tunc
1296 490 1354 523 ille
1380 490 1433 522 ni-

49 559 113 591 mis
136 557 258 592 dolens
287 559 353 590 ait:
388 557 610 592 vehementer
639 557 764 599 doleo,
803 558 884 602 quia
919 556 1012 601 quod
1039 555 1122 589 mihi
1155 554 1313 587 dominus
1340 565 1436 588 meus

51 623 193 668 explere
222 623 398 667 jusserat,
433 633 503 656 non
542 622 656 657 valeo.
715 622 777 657 Cui
810 622 1003 656 Veronica:
1039 620 1196 654 dominus
1232 629 1327 653 meus
1364 629 1437 652 eum

49 687 286 732 praedicando
315 688 479 721 circuiret
513 691 546 722 et
573 698 639 733 ego
666 688 742 733 ejus
767 688 969 732 praesentia
995 687 1097 720 nimis
1132 687 1237 719 invite
1271 696 1436 726 carerem,

51 751 144 786 volui
168 751 251 786 mihi
285 753 397 797 ipsius
427 753 570 798 depingi
607 754 815 798 imaginem,
845 757 901 794 ut,
940 752 1019 786 dum
1045 752 1122 796 ejus
1148 753 1306 795 privarer
1331 760 1436 795 prae-

51 818 185 859 sentia,
210 817 293 851 mihi
321 817 445 852 saltem
470 822 668 862 praestaret
696 818 859 852 solatium
885 818 1048 862 imaginis
1074 826 1158 851 suae
1186 816 1316 861 ligura,
1345 826 1438 849 cum-

52 892 120 926 que
144 882 286 917 linteum
311 884 439 928 pictori
465 884 635 918 deferrem
663 883 894 928 pingendum,
932 882 1091 916 dominus
1118 881 1202 915 mihi
1228 882 1382 914 obviavit
1408 884 1441 915 et

53 957 121 992 quo
146 946 345 990 tenderem,
382 950 576 993 requisivit.
633 948 696 983 (lui
728 959 829 993 quum
866 950 945 982 viae
975 957 1113 981 causam
1151 947 1391 990 aperuissem,
1420 955 1441 979 a

52 1023 106 1047 me
130 1014 233 1057 petiit
258 1022 407 1057 pannum
442 1017 475 1048 et
501 1015 613 1058 ipsum
647 1014 730 1048 milli
756 1013 948 1047 venerabili
983 1023 1047 1047 sua
1074 1012 1165 1046 facie
1201 1011 1354 1045 reddidit
1386 1012 1439 1044 in-

54 1079 231 1123 signitum.
285 1077 452 1124 Imaginis
488 1089 572 1125 ergo
603 1079 707 1125 hujus
742 1083 919 1124 aspectum
958 1081 987 1113 si
1024 1078 1183 1112 dominus
1210 1081 1289 1110 tuus
1316 1076 1441 1110 devote

54 1142 264 1185 intuebitur,
304 1145 467 1178 continuo
508 1147 669 1179 sanitatis
709 1144 880 1179 henelicio
916 1146 1079 1190 potietur.
1129 1143 1190 1177 (lui
1228 1142 1305 1176 ille:
1345 1145 1443 1175 estne

55 1207 255 1253 hujusmodi
279 1210 394 1255 imago
421 1219 505 1244 auro
526 1210 582 1245 vel
608 1215 754 1257 argento
771 1210 1048 1255 comparabilis?
1078 1210 1140 1243 (lui
1165 1208 1245 1242 illa:
1272 1218 1351 1249 non,
1380 1206 1444 1240 sed

55 1283 120 1318 pro
144 1273 271 1308 affectu
296 1274 504 1309 devotionis.
564 1276 695 1311 Tecum
725 1278 833 1322 igitur
857 1276 1063 1321 proficiscar
1088 1279 1122 1308 et
1147 1272 1330 1308 videndam
1355 1272 1443 1306 Cae—

58 1339 131 1372 sari
155 1340 342 1384 imaginem
375 1340 529 1375 deseram
558 1346 592 1375 et
624 1346 792 1376 revertar.
860 1341 963 1375 Venit
996 1341 1104 1384 igitur
1127 1338 1337 1373 Volusianus
1371 1348 1445 1371 cum

57 1402 233 1437 veronica
255 1403 396 1438 Romam
421 1405 578 1450 dixitque
605 1406 759 1451 Tyberio
786 1406 1010 1451 imperatori:
1047 1404 1165 1440 ,lesum
1192 1413 1213 1437 a
1236 1408 1271 1437 te
1299 1403 1358 1436 diu
1384 1402 1446 1436 de-

59 1467 250 1502 sideratum
274 1469 414 1514 Pylatus
449 1474 484 1505 et
507 1470 630 1505 Judaei
656 1472 808 1516 injustae
833 1472 937 1505 morti
966 1470 1186 1504 tradiderunt
1212 1473 1245 1503 et
1270 1480 1334 1513 per
1358 1469 1447 1501 invi-

60 1532 152 1566 diam
177 1535 290 1568 crueis
314 1535 471 1579 patibulo
500 1536 696 1570 aflixerunt.
745 1535 847 1570 Venit
872 1537 980 1581 igitur
998 1539 1157 1568 matrona
1181 1533 1351 1579 quaedam
1375 1544 1447 1567 me-

62 1608 137 1632 eum
161 1599 273 1643 ipsius
298 1599 402 1635 Jesus
429 1601 614 1646 imaginem
639 1601 822 1643 deferens,
869 1611 969 1646 quam
1005 1601 1036 1633 si
1061 1600 1186 1634 devote
1210 1599 1448 1643 perspexeris,

60 1674 140 1698 mox
164 1666 325 1699 sanitatis
360 1670 441 1700 tuae
464 1665 668 1701 beneficium
693 1667 879 1701 obtinebis.
936 1665 1069 1699 Caesar
1102 1666 1210 1710 igitur
1242 1665 1365 1709 pannis
1392 1674 1449 1698 se-

61 1730 146 1763 ricis
171 1731 263 1764 viam
289 1733 396 1765 sterni
420 1731 505 1765 fecit
530 1736 564 1766 et
587 1733 772 1778 imaginem
797 1732 864 1766 sibi
886 1732 1101 1776 praesentari
1125 1731 1325 1775 praecepit,
1352 1740 1449 1763 inox-

63 1806 151 1840 que,
177 1800 214 1830 ut
239 1806 312 1831 eam
335 1795 400 1830 suit
426 1798 590 1839 intuitus,
616 1800 801 1832 sanitatem
825 1798 1007 1842 pristinam
1033 1800 1087 1831 est
1115 1800 1309 1830 assecutus.
1359 1795 1450 1829 Pon-

62 1864 132 1896 tius
158 1862 267 1907 igitur
291 1861 431 1906 Pylatus
462 1863 608 1908 imperio
638 1863 802 1898 Caesaris
832 1863 968 1907 capitur
1003 1865 1036 1896 et
1061 1861 1203 1896 Romam
1230 1861 1450 1907 perducitur3

64 1926 210 1962 audiens
236 1926 369 1961 Caesar
391 1926 545 1972 Pylatum
571 1929 778 1970 advenisse,
808 1930 913 1962 nimio
938 1927 1056 1961 surore
1083 1931 1204 1961 contra
1233 1938 1309 1961 eum
1334 1926 1451 1970 reple-

62 1996 120 2026 tus
143 2002 218 2026 eum
243 1991 288 2025 ad
316 2001 354 2026 se
379 1992 506 2028 adduci
530 1993 636 2036 feeit,
670 1993 810 2038 pylatus
847 1997 960 2029 autem
992 1993 1143 2026 tunicam
1171 1992 1302 2026 domini
1328 1993 1450 2025 incon-

65 2056 204 2091 sutilem
235 2065 352 2090 sec-um
385 2057 528 2100 detulit,
563 2069 663 2104 quam
701 2058 853 2092 indutam
887 2068 1002 2092 eoram
1036 2058 1247 2102 imperatore
1280 2056 1451 2100 portavit:

64 2132 145 2156 mox
168 2125 206 2155 ut
229 2122 420 2166 imperator
452 2132 528 2156 eum
559 2124 660 2165 vidit,
692 2134 824 2158 omnem
856 2125 942 2158 iram
975 2122 1138 2166 deposuit
1171 2126 1205 2155 et
1238 2122 1269 2154 ei
1294 2121 1452 2164 protinus

65 2189 261 2222 assurrexit
290 2198 355 2222 nee
380 2187 450 2221 sibi
475 2188 560 2223 dure
592 2190 627 2223 in
652 2189 769 2234 aliquo
796 2189 893 2234 loqui
918 2186 1134 2233 praevaluit,
1170 2190 1204 2220 et
1229 2186 1287 2231 qui
1314 2186 1350 2219 in
1376 2186 1452 2230 ejus

66 2253 229 2288 absentia
251 2252 436 2288 videbatur
460 2257 529 2288 tam
555 2253 726 2288 terribifis
756 2258 790 2288 et
819 2253 932 2295 ferus,
971 2262 1062 2286 nune
1089 2253 1123 2285 in
1150 2252 1226 2296 ejus
1253 2251 1454 2295 praesentia

65 2318 238 2351 invenitur
262 2316 515 2362 quodammodo
537 2323 749 2354 mansuetus.
807 2318 959 2363 Cumque
993 2328 1068 2352 eum
1100 2316 1337 2357 lieentiasset,
1376 2326 1454 2348 mox

68 2386 191 2416 contra
223 2392 298 2416 eum
323 2382 532 2418 terribiliter
567 2385 787 2427 exardescit,
826 2394 865 2418 se
896 2384 1058 2417 miserum
1093 2382 1265 2422 olamans,
1302 2379 1395 2424 quod
1423 2381 1454 2413 ei

68 2447 219 2480 furorem
251 2446 307 2480 sui
338 2449 492 2491 pectoris
523 2450 662 2483 minime
695 2448 930 2488 ostendisset,
970 2447 1157 2490 statimque
1191 2456 1267 2479 eum
1294 2445 1455 2478 revocari

68 2512 164 2553 fecit,
186 2511 311 2555 Jurans
339 2514 374 2545 et
398 2515 611 2554 contestans,
637 2513 729 2557 quod
752 2513 843 2546 filius
869 2511 992 2545 mortis
1019 2513 1114 2543 esset
1139 2518 1204 2543 nee
1229 2508 1282 2542 sas
1309 2510 1356 2542 sit
1380 2519 1455 2543 eum

69 2577 189 2621 virere
213 2586 320 2620 super
343 2578 483 2610 terram.
533 2575 597 2615 Qui
630 2581 668 2610 ut
695 2587 771 2611 eum
797 2577 902 2617 vidit,
941 2575 1103 2608 continuo
1129 2583 1205 2608 eum
1233 2573 1399 2607 salutavit
1423 2577 1457 2607 et

69 2650 203 2676 omnem
234 2641 340 2675 animi
372 2640 590 2681 ferocitatem
624 2640 765 2687 abjecit.
821 2640 993 2675 Mirantur
1027 2648 1170 2681 omnes,
1207 2638 1399 2673 mirabatur
1423 2643 1457 2673 et

70 2708 170 2752 ipse,
195 2706 287 2752 quod
314 2708 366 2741 sie
394 2710 515 2740 contra
539 2705 714 2750 Pylatum,
750 2704 828 2740 dum
853 2704 1015 2745 abesset,
1052 2703 1297 2740 exardesceret
1320 2707 1353 2738 et
1379 2703 1456 2738 dum
