1742 3005
280 93 359 133 282
519 96 615 146 Cap.
646 95 782 132 LXHL
841 95 900 133 De
939 104 1070 135 sancto
1109 97 1224 134 Petro
1266 98 1432 135 martire.

277 211 352 234 cum
388 201 465 244 ipse
500 203 580 233 tunc
614 200 818 243 quartanam
849 203 1032 245 pateretur
1065 206 1099 236 et
1133 202 1221 235 socii
1254 200 1431 243 dicerent,
1470 199 1563 246 quod
1598 211 1666 234 non

276 269 423 310 possent
449 263 686 299 Mediolanum
711 264 910 309 applicare,
939 265 999 300 ille
1026 267 1227 311 responditt
1254 269 1285 301 si
1311 278 1380 301 non
1405 268 1596 311 poterimus
1622 266 1666 300 ad

277 332 413 365 domum
445 330 590 364 fratrum
624 332 828 374 pervenire,
865 330 959 376 apud
995 336 1152 366 sanctum
1186 332 1445 376 simplicianum
1475 333 1666 377 poterimus

276 398 459 442 hospitari.
510 395 609 436 Quod
635 400 668 431 et·
694 396 822 430 factum
848 400 911 431 est.
959 395 1044 431 Nam
1076 407 1151 432 cum
1186 407 1323 431 sacrum
1350 398 1426 442 ejus
1451 408 1577 442 corpus
1602 397 1664 431 de-

275 464 445 506 ferretur,
486 463 614 497 fratres
646 467 792 507 propter
817 464 955 497 nimiam
982 464 1104 508 populi
1131 463 1361 508 frequentiam
1387 474 1455 497 non
1478 467 1666 507 potuerunt

274 529 360 563 illud
387 528 508 564 eadem
534 528 590 562 die
617 528 660 562 ad
685 528 820 562 domum
844 528 1042 572 deducere,
1079 530 1141 564 sed
1167 530 1261 575 apud
1287 534 1442 564 sanctum
1468 528 1665 573 Simplicia-

273 606 352 629 num
385 595 622 639 deposuerunt
658 598 691 630 et
727 594 856 629 ibidem
896 605 937 629 ea
971 600 1072 630 nocte
1108 597 1311 640 permansit.
1358 595 1489 630 Doctor
1531 595 1565 627 in
1609 604 1664 635 eo,

272 661 516 706 quodetiam,
552 670 626 694 cum
661 665 859 704 pateretur,
896 659 995 695 fldem
1031 672 1146 696 veram
1174 661 1334 703 edocuit,
1369 661 1446 694 dum
1474 659 1664 704 symbolum

273 726 354 761 fidei
379 726 474 759 clara
502 736 585 760 voce
611 727 746 760 cecinit.
796 725 903 770 Cujus
930 737 1069 771 quoque
1095 729 1215 771 passio
1243 726 1445 762 veneranda
1471 726 1664 759 dominicae

272 792 430 836 passioni
467 790 591 824 similis
628 790 770 824 multum
807 791 918 825 fuisse
947 790 1097 825 videtur.
1149 792 1309 826 Christus
1338 794 1426 826 enim
1452 802 1579 836 passus
1611 795 1665 826 est

271 868 334 902 pro
372 858 538 898 veritate,
579 866 681 901 quam
716 856 965 902 praedicabat,
1003 857 1129 892 Petrus
1157 868 1221 902 pro
1250 859 1398 893 veritate
1425 856 1526 899 lidei,
1562 867 1662 902 quam

272 922 504 965 defendebat,
533 921 691 956 Christus
719 933 843 966 passus
870 927 924 956 est
948 923 991 957 ab
1020 924 1153 959 infideli
1178 923 1308 969 populo
1333 923 1562 965 Judaeorum,
1595 922 1661 957 Pe-

269 993 344 1023 trus
371 988 414 1021 ab
441 988 572 1022 infideli
604 989 708 1022 turba
741 988 1016 1031 haereticorum,
1053 989 1213 1024 Christus
1249 991 1285 1024 in
1317 989 1477 1034 paschali
1505 992 1662 1033 tempore

271 1054 496 1099 crucifigitur,
522 1054 645 1088 Petrus
672 1054 794 1089 eodem
819 1058 976 1099 tempore
1002 1058 1201 1100 martyrium
1230 1058 1373 1101 patitur,
1402 1054 1561 1089 Christus
1587 1065 1661 1088 cum

269 1123 470 1164 pateretur->z
506 1120 541 1152 in
567 1130 687 1154 manus
714 1124 813 1162 tuas,
849 1120 1005 1164 domine,
1032 1122 1232 1156 commendo
1257 1124 1415 1166 spiritum
1441 1132 1573 1163 meum,
1608 1120 1661 1155 di-

269 1186 392 1227 cebat,
420 1185 544 1219 Petrus
571 1195 645 1219 cum
673 1185 910 1227 occideretur,
943 1186 1052 1220 verba
1088 1187 1208 1222 eadem
1241 1187 1466 1229 clamitabat,
1499 1187 1660 1221 Christus

268 1262 332 1296 pro
365 1253 512 1297 triginta
550 1251 703 1286 denariis
736 1251 885 1286 traditus
921 1253 1008 1296 suit,
1046 1257 1084 1287 ut
1117 1252 1401 1297 crucifigeretur,
1433 1252 1557 1287 Petrus
1595 1263 1658 1296 pro

268 1317 505 1363 quadraginta
530 1317 629 1351 libris
655 1317 887 1362 Papiensibus
908 1318 974 1352 fuit
994 1318 1166 1361 venditus,
1191 1323 1228 1352 ut
1247 1318 1519 1360 interficeretur,
1559 1317 1659 1351 Cliri-

268 1388 342 1418 stus
372 1394 436 1428 per
459 1385 658 1428 passionem
688 1394 784 1418 suam
811 1385 936 1419 multos
962 1385 1006 1419 ad
1033 1385 1132 1419 tidem
1157 1384 1313 1426 adduxit,
1338 1383 1461 1418 Petrus
1489 1395 1551 1428 per
1565 1394 1657 1417 mar-

266 1451 384 1484 tirium
418 1450 617 1484 haereticos
643 1444 770 1484 multos
795 1452 979 1486 convertit.
1029 1451 1193 1491 Quamvis
1219 1452 1306 1485 enim
1340 1451 1507 1496 egregius
1538 1449 1660 1484 doctor

268 1519 303 1549 ct
328 1515 407 1549 lidei
431 1516 531 1561 pugil
555 1515 810 1551 haereticorum
836 1516 965 1562 dogma
989 1518 1193 1561 pestiferum
1229 1518 1264 1550 in
1288 1518 1360 1550 vita
1385 1526 1449 1550 sua
1477 1516 1658 1560 plurimum

269 1581 519 1621 eradicaverit,
547 1586 628 1625 post
660 1587 802 1617 mortem
830 1586 943 1618 tamen
971 1593 1066 1617 suam
1092 1584 1168 1628 ejus
1193 1584 1326 1618 meritis
1342 1587 1375 1617 et
1392 1581 1658 1616 coruscantibus

267 1647 444 1680 miraculis
457 1647 521 1680 fuit
533 1646 621 1681 adeo
636 1649 877 1692 exstirpatum,
895 1653 930 1682 ut
943 1659 1042 1693 quam
1054 1650 1193 1693 plurimi
1203 1659 1354 1684 errorem
1368 1658 1465 1682 suum
1480 1648 1655 1692 relinque-

270 1717 345 1747 rent
356 1717 389 1747 et
400 1712 443 1747 ad
456 1714 623 1757 gremium
637 1717 778 1747 sanctae
800 1713 970 1748 ecciesiae
992 1715 1229 1757 convolarent,
1258 1716 1307 1748 ita
1324 1718 1361 1748 ut
1380 1715 1504 1748 civitas
1517 1712 1651 1747 Medio-

266 1780 381 1813 lanum
410 1784 444 1813 et
471 1780 652 1813 comitatus
677 1778 854 1823 ejusdem,
890 1779 949 1812 ubi
974 1783 1025 1812 tot
1052 1778 1309 1813 haereticorum
1335 1780 1579 1814 conventicula
1601 1790 1655 1813 re-

265 1846 442 1887 sidebant,
470 1846 558 1879 adeo
584 1849 734 1890 purgata
759 1849 822 1886 est,
849 1848 886 1878 ut
912 1845 990 1878 aliis
1016 1844 1184 1889 exemplis
1213 1849 1246 1879 et
1270 1845 1349 1879 aliis
1375 1845 1419 1878 ad
1446 1845 1545 1878 tidem
1574 1856 1656 1878 con-

266 1913 378 1947 versis
412 1911 528 1945 nullus
564 1911 692 1945 ibidem
727 1910 873 1945 auderet
906 1912 1108 1956 aliqualiter
1137 1920 1351 1955 comparere.
1399 1910 1521 1944 Plures
1550 1911 1655 1945 etiam

265 1978 308 2013 de
341 1979 384 2011 iis
415 1978 554 2012 maximi
588 1981 623 2011 et
648 1977 773 2011 famosi
799 1977 1064 2021 praedicatores
1092 1977 1248 2010 ordinem
1282 1981 1361 2010 silut
1388 1977 1560 2021 ingressi,
1597 1977 1655 2021 qui

265 2054 375 2089 usque
408 2054 496 2077 nunc
530 2047 672 2077 cunctos
706 2042 905 2077 haereticos
942 2047 976 2077 et
1008 2043 1166 2077 fautores
1194 2042 1333 2077 fervore
1357 2041 1509 2075 mirabili
1533 2051 1655 2086 perse-

263 2113 424 2154 quuntur.
473 2110 530 2143 Sic
564 2113 685 2143 noster
719 2108 867 2143 Samson
901 2108 1019 2153 plures
1047 2108 1259 2143 l‘liilistaeos
1287 2108 1463 2142 interfecit
1489 2109 1653 2149 moriens,

263 2186 364 2219 (piam
389 2175 565 2209 occideret
591 2176 724 2209 vivens.
775 2174 835 2208 Sic
871 2185 1017 2219 granum
1044 2174 1204 2209 frumenti
1237 2173 1365 2207 cadens
1398 2174 1433 2206 in
1464 2177 1594 2206 terram
1620 2176 1654 2206 et

263 2241 448 2275 inlidelium
476 2241 634 2274 inanibus
660 2240 946 2285 comprehensum
983 2244 1016 2274 et
1047 2243 1216 2273 mortuum
1247 2238 1387 2273 uberem
1414 2239 1595 2281 consurgit
1618 2239 1652 2271 in

261 2308 416 2352 spicam,
454 2307 504 2340 sic
533 2305 654 2339 botrus
690 2307 723 2338 in
764 2305 934 2339 torculari
971 2304 1126 2339 calcatus
1162 2305 1308 2349 liquoris
1335 2303 1505 2338 redundat
1531 2305 1565 2337 in
1591 2315 1650 2338 co-

261 2374 372 2417 piam,
409 2374 462 2406 sic
487 2376 645 2406 aromata
671 2371 742 2416 pilo
769 2375 915 2405 contusa
940 2371 1082 2414 odorem
1109 2371 1245 2415 plenius
1270 2369 1566 2411 circumfundunt,
1601 2371 1652 2404 sic

259 2449 404 2483 granum
443 2439 578 2482 sinapis
610 2439 792 2472 contritum
819 2438 977 2472 virtutem
1002 2447 1099 2471 suam
1125 2436 1364 2481 multipliciter
1389 2436 1649 2469 demonstravit.

356 2526 368 2529 -
393 2526 436 2530 ὼ
467 2506 510 2541 5.
537 2503 622 2538 Post
646 2505 759 2538 sancti
795 2505 859 2538 viri
885 2504 1079 2549 gloriosum
1108 2501 1318 2546 triumphum
1344 2502 1458 2535 nniltis
1484 2510 1558 2535 eum
1584 2499 1646 2532 do-

259 2571 368 2603 nninus
394 2570 570 2604 miraculis
597 2569 797 2612 illustrarit,
825 2580 969 2614 quorum
997 2567 1167 2614 quaedam
1195 2578 1345 2602 summus
1369 2565 1525 2610 pontifex
1543 2566 1650 2599 refert

259 2633 397 2667 dicens:
424 2640 504 2678 post
529 2639 670 2669 mortem
696 2636 807 2680 ipsius
835 2634 1015 2680 lampades
1042 2634 1086 2668 ad
1111 2632 1329 2678 sepulchrum
1350 2631 1427 2675 ejus
1448 2630 1646 2676 dependen-

259 2704 312 2734 tes
337 2699 469 2744 plurics
503 2711 565 2744 per
599 2711 636 2735 se
664 2703 762 2745 ipsae
789 2701 925 2744 absque
957 2701 1047 2735 omni
1080 2698 1228 2733 humano
1255 2695 1369 2731 studio
1396 2700 1430 2732 et
1455 2698 1648 2732 ministerio
