1742 3005
265 110 362 159 Cap.
396 106 600 145 CLXXlV.
669 107 727 144 De
758 112 888 143 sancto
917 106 1059 142 Jacobo
1090 105 1280 142 interciso.
1412 102 1493 141 799

107 215 229 256 batur,
267 213 485 248 adduxerunt
523 216 556 247 et
592 213 712 247 videns
748 223 822 247 eam
857 215 957 257 pater
982 214 1128 247 stantem
1161 215 1242 246 ante
1267 211 1492 256 praesectum,

107 281 237 315 cadens
264 281 297 314 in
324 280 445 314 faciem
472 280 579 314 dixit:
606 280 676 314 tilia
704 289 781 313 mea
807 278 1023 317 dulcissima,
1051 280 1217 313 miserere
1241 280 1307 313 mei
1332 282 1366 314 et
1391 278 1493 324 hujus

105 347 361 381 moestissimae
387 348 507 380 matris
534 351 616 381 tuae
643 350 676 380 et
702 345 806 390 huJ'us
837 345 1022 378 miserrimi
1057 345 1120 378 viri
1147 346 1216 385 tui,
1252 345 1311 388 qui
1344 348 1425 390 post
1458 348 1492 380 te

104 414 222 447 vivere
259 423 327 446 non
362 411 507 446 valebit.
555 411 729 456 Perpetua
758 421 840 445 vero
876 398 1062 443 immobilis
1091 409 1218 443 stabat.
1268 409 1366 444 Tunc
1393 415 1493 454 pater

103 478 207 511 tilium
245 478 288 511 ad
326 477 450 511 collum
487 478 564 522 ejus
595 478 744 521 Jactavit
781 479 814 509 et
848 478 925 519 ipse
960 478 994 508 ct
1026 478 1137 508 mater
1173 478 1207 508 ct
1243 477 1387 509 maritus
1415 479 1491 522 ejus

105 553 226 577 manus
261 547 420 577 tenentes
463 545 496 576 et
537 542 659 575 tlcntes
704 539 956 574 osculabantur
997 549 1071 574 eam
1112 539 1286 574 dicentes:
1325 543 1492 577 miserere

103 611 234 647 nostri,
263 608 351 649 tilia,
377 610 411 641 et
437 608 513 640 vivo
538 605 733 643 nobiscum.
781 606 826 640 At
852 605 913 639 illa
938 606 1128 649 projiciens
1155 607 1333 649 parvulum
1361 611 1394 642 et
1412 608 1491 642 illos

104 674 278 718 repellens
314 674 383 706 ait:
421 671 593 705 discedite
630 681 651 705 a
686 683 756 713 me,
793 672 922 705 inimici
956 671 1037 713 Dei,
1085 673 1167 716 quia
1202 683 1269 707 non
1300 675 1380 707 novi
1415 684 1489 708 vos,

102 739 232 773 'videns
265 748 348 772 vero
381 738 583 782 praefectus
620 748 737 772 eorum
776 738 1005 771 constantiam
1047 737 1240 773 diutissime
1284 740 1491 774 verberatos

102 807 134 838 in
169 814 311 838 carcerc
345 805 484 848 posuit.v
523 805 635 837 sancti
673 813 774 842 vero,
813 803 889 836 dum
925 802 1105 846 plurimum
1140 807 1264 838 moesti
1299 809 1418 839 essent
1449 806 1491 840 de

102 870 304 905 Felicitate.
339 879 430 915 quae
455 874 533 904 octo
560 869 735 904 mensibus
758 869 829 913 jam
858 877 1057 914 praegnans
1082 874 1174 907 crat,
1209 881 1270 913 pro
1297 881 1338 905 ea
1364 881 1489 905 exora-

103 940 225 970 verunt
255 940 289 970 ct
321 934 463 969 dolores
499 940 619 980 partus
645 934 761 969 subito
796 935 829 966 in
856 943 930 967 eant
956 934 1129 967 irruerunt
1156 937 1360 980 peperitque
1386 935 1490 971 filium

103 1004 229 1035 vivum.
281 1000 425 1040 Quidam
450 1011 533 1035 vero
554 1000 596 1034 de
617 1000 822 1034 custodibus
853 999 941 1033 dixit
966 999 1009 1032 ad
1039 1009 1133 1033 cam:
1161 1001 1243 1045 quid
1264 1001 1384 1043 sac-iffi,
1415 1014 1489 1037 cum

103 1071 184 1101 ante
205 1066 417 1111 praesectum
439 1068 577 1101 veneris
591 1094 598 1107 ‚
627 1067 655 1100 si
679 1076 769 1100 nunc
789 1070 855 1100 tam
876 1067 1033 1110 graviter
1051 1067 1220 1100 cruciaris
1234 1068 1250 1101 ἱ)
1298 1067 1490 1113 Respondit

102 1132 285 1165 Felicitas:
320 1130 375 1165 hic
409 1142 476 1178 ego
513 1143 576 1177 pro
603 1143 655 1166 me
681 1133 818 1176 patior,
846 1132 893 1164 ibi
924 1142 985 1175 pro
1011 1143 1063 1166 ine
1089 1132 1180 1167 Deus
1207 1135 1371 1177 patietur.
1420 1133 1489 1168 Ex-

100 1199 200 1232 tracti
236 1198 346 1241 igitur
377 1197 420 1232 de
454 1208 598 1232 carcere
631 1198 752 1244 ligatis
790 1201 869 1241 post
903 1202 1037 1243 tergum
1081 1200 1241 1232 manibus
1280 1203 1314 1232 et
1347 1199 1489 1234 nudatis

99 1264 239 1298 natibus
267 1274 329 1308 per
355 1264 492 1308 plateas
520 1264 692 1298 ducuntur
716 1267 750 1298 et
776 1263 928 1297 dimissis
955 1262 1079 1298 hestiis
1100 1264 1244 1309 Satyrus
1263 1270 1295 1300 et
1315 1265 1489 1311 Perpetua

99 1341 120 1364 a
146 1330 306 1365 leonibus
342 1329 574 1365 dev-orantum:
612 1329 810 1363 Revocatus
845 1333 877 1363 ct
909 1328 1072 1363 Felicitas
1104 1340 1125 1363 a
1159 1331 1339 1375 leopardis
1372 1343 1487 1368 come-

98 1396 245 1436 duntur,
271 1395 395 1429 beatus
422 1405 506 1429 vero
534 1395 743 1429 Saturninus
769 1395 890 1440 gladio
919 1397 1033 1440 capite
1061 1400 1240 1430 truncatur
1263 1400 1352 1432 circa
1379 1409 1488 1432 anuos

98 1461 226 1495 ‹tmuini
256 1459 386 1495 (JCLVt
415 1461 479 1494 sub
509 1461 696 1495 Valeriano
722 1466 756 1495 ct
782 1460 941 1496 Gallieno
968 1463 1251 1506 imperatoribus,

499 1785 626 1851 GAP.
658 1784 874 1850 ctxxw.
924 1785 1078 1848 (169.)

290 1886 390 1930 De
423 1886 647 1931 sancto
678 1885 924 1932 ‚Iacobo
964 1885 1288 1931 interciso.

186 1993 341 2029 ,lacobus
371 1998 493 2030 martir
517 2000 749 2042 cognomento
776 1997 964 2030 intercisus
992 1995 1121 2029 nobilis
1149 2005 1299 2041 genere,
1332 1994 1395 2029 sed
1422 1993 1488 2028 lide

99 2059 256 2094 nobilior
285 2070 327 2093 ex
354 2062 501 2105 regione
524 2061 709 2095 Persarum
747 2065 781 2094 et
810 2063 950 2096 civitate
975 2059 1085 2104 Elape
1110 2060 1277 2094 oriundus
1307 2060 1382 2095 suit.
1430 2060 1490 2094 Hic

98 2135 140 2159 ex
168 2124 474 2159 clu-istianissimis
500 2125 706 2170 parentibus
733 2129 830 2159 ortus
859 2130 913 2159 est
938 2130 973 2159 et
998 2135 1139 2159 uxorem
1165 2125 1489 2159 christianissimam

96 2189 221 2224 hahuit
248 2194 394 2235 eratque
418 2192 621 2225 notissimus
649 2192 725 2236 regi
752 2189 936 2226 Persarum
965 2195 999 2225 et
1022 2192 1113 2225 inter
1138 2192 1324 2235 optimates
1345 2192 1487 2235 primus.

96 2255 235 2290 Accidit
267 2259 404 2298 autem,
440 2259 477 2290 ut
511 2265 534 2290 a
567 2258 725 2302 principe
758 2258 863 2291 nimio
896 2267 1014 2291 amore
1048 2256 1277 2291 seduceretur
1302 2260 1336 2290 et
1361 2255 1405 2289 ad
1429 2266 1489 2290 co-

98 2320 235 2355 lendum
268 2320 375 2366 ydola
407 2321 617 2357 flecteretur.
667 2321 759 2357 Haec
794 2327 908 2357 autem
947 2327 1058 2357 mater
1096 2327 1130 2356 et
1171 2332 1261 2356 uxor
1306 2321 1488 2356 audientes

98 2387 257 2430 protinus
274 2386 343 2420 sibi
370 2388 589 2432 scripserunt
612 2387 789 2423 dicentes:
815 2388 1014 2423 obediendo
1033 2388 1169 2422 mortali
1190 2387 1377 2422 deseruisti
1400 2397 1487 2429 eum,

99 2461 174 2485 cum
210 2461 278 2496 quo
305 2453 378 2486 vita
403 2456 477 2494 est,
512 2453 685 2497 placendo
712 2452 852 2489 futurae
877 2456 947 2488 cito
983 2453 1158 2499 putredini
1183 2453 1369 2487 deseruisti
1395 2462 1487 2486 sem-

97 2517 270 2561 piternum
297 2516 457 2558 odorem,
491 2519 672 2553 veritatem
708 2520 741 2552 in
775 2519 990 2554 mendacium
1024 2519 1243 2566 commutasti
1281 2521 1313 2552 et
1350 2517 1488 2552 mortali

98 2582 343 2628 obtemperans
386 2583 542 2617 vivorum
580 2593 623 2617 ac
663 2588 875 2618 mortuorum
913 2584 1066 2629 judicem
1108 2583 1305 2629 reliquisti3
1347 2584 1488 2617 noveris

100 2657 187 2693 ergo
228 2658 293 2683 nos
339 2648 465 2682 amodo
505 2657 527 2682 a
571 2652 605 2684 te
641 2648 775 2683 futuras
810 2654 996 2684 extraneas
1028 2659 1093 2683 nec
1126 2652 1236 2684 tecum
1269 2648 1313 2683 de
1345 2653 1487 2683 caetero

99 2713 323 2757 aliquatenus
358 2718 563 2749 moraturas⁸
609 2706 697 2750 ‘Cum
729 2718 843 2750 autem
879 2714 942 2750 lias
979 2714 1115 2751 litteras
1143 2713 1299 2752 Jacobus
1324 2714 1485 2760 legisset,
