1742 3005
288 110 294 111 ff
350 74 443 123 Cap.
474 71 680 110 LXXXIX.
746 72 805 110 De
839 77 969 109 sancto
1001 70 1114 109 Petro
1146 70 1335 121 apostolo.
1457 70 1535 107 373

962 146 975 159 ι

149 178 179 212 si
218 178 304 212 vivit
339 176 543 221 defunctus,
571 180 715 224 surgat,
751 177 906 212 ambulet
930 181 964 212 et
996 177 1177 223 loquatur,
1224 175 1380 221 alioquin
1414 176 1537 210 sciatis

147 242 355 288 phantasma
373 254 465 287 esse,
492 244 585 290 quod
603 248 706 289 caput
725 245 851 278 mortui
871 247 1125 284 commovetur;
1150 244 1336 287 separetur
1360 241 1487 286 Symon
1516 250 1536 274 a

146 309 297 352 lectulo,
319 314 357 344 ut
382 310 484 355 plene
508 309 672 356 figmenta
694 309 836 355 dyaboli
861 309 1089 344 denudentur.
1128 308 1321 353 Separatur
1341 308 1449 353 igitur
1471 307 1535 351 Sy-

145 385 226 409 mon
260 385 281 410 a
312 376 441 411 lectulo
478 380 513 411 et
541 386 628 420 puer
661 374 848 409 immobilis
873 376 1061 416 remansit,
1096 374 1219 408 Petrus
1241 378 1355 406 autem
1383 383 1404 406 a
1429 372 1535 417 longe

145 445 243 475 stans
263 446 298 476 et
315 443 475 476 oratione
496 441 589 475 facta
600 441 806 475 exclamavit
825 440 963 474 dicens:
989 439 1209 480 adolescens,
1237 440 1271 472 in
1295 439 1432 472 nomine
1451 437 1536 472 Jesu

147 505 276 541 Christi
290 506 463 542 Nazareni
483 517 589 552 surge
610 510 642 540 et
655 505 807 547 ambula,
834 509 868 539 et
878 505 1102 539 statimvivus
1115 505 1312 538 surrexitct
1330 503 1532 537 ambulavit.

144 573 227 608 Cum
252 578 367 607 autem
391 572 542 617 populus
568 571 675 606 vellet
701 571 882 616 Symenem
906 570 1088 615 lapidare,
1116 570 1165 603 ait
1189 568 1330 603 Petrus:
1364 570 1451 602 satis
1478 572 1533 602 est

141 638 194 672 illi
218 638 263 672 ad
288 647 455 682 poenam,
490 636 582 682 quod
616 646 655 671 se
688 638 723 670 in
748 638 821 670 suis
847 636 981 670 artibus
1007 636 1171 682 agnoscit
1197 639 1419 679 superatum,
1457 643 1530 667 ma-

139 704 253 749 gister
285 707 399 737 autem
431 707 553 737 noster
585 712 650 736 nos
687 701 828 744 docuit,
872 707 909 736 ut
949 713 1012 746 pro
1057 701 1158 735 malis
1194 701 1287 734 bona
1330 699 1529 734 reddamus.

138 768 233 803 Dixit
251 772 365 803 autem
386 769 531 814 Symon:
554 770 693 810 scitote,
721 778 796 810 v08‚
822 768 923 803 Petre
936 773 968 803 et
980 768 1099 810 Paule,
1126 778 1194 801 non
1217 767 1316 801 vobis
1338 767 1529 810 continget,

138 834 231 880 quod
254 836 392 879 cupitis,
419 839 456 869 ut
474 836 630 868 martirio
653 845 713 868 vos
740 834 866 880 digner
880 844 1062 869 coronare.
1112 834 1170 868 Ait
1194 833 1337 868 Petrus:
1365 831 1531 865 adveniat

136 899 252 942 nobis,
281 900 373 946 quod
388 902 556 946 cupimus,
582 900 646 934 tibi
666 904 778 934 autem
801 910 973 945 nunquam
990 899 1080 933 hene
1102 902 1159 941 sit,
1183 902 1265 944 quia
1291 906 1529 942 quaecumque

137 965 312 1011 loqueris,
339 967 507 1001 mentiris.
556 966 654 1000 Tunc
680 966 827 1011 Synon,
854 971 891 1000 ut
917 967 965 999 ait
993 970 1133 999 sanctus
1162 964 1369 1005 Marcellus,
1395 964 1455 996 ivit
1481 962 1526 995 ad

135 1030 271 1065 domum
294 1031 458 1067 Marcelli
485 1031 649 1076 discipuli
675 1034 751 1078 ejus
780 1033 972 1078 ligavitque
998 1033 1179 1065 maximum
1204 1041 1321 1065 canem
1340 1029 1384 1063 ad
1400 1030 1526 1062 ostium

135 1098 212 1143 ejus
239 1097 360 1132 domus
386 1097 527 1148 dicens:
553 1108 642 1132 nunc
667 1098 817 1140 videbo,
847 1100 876 1132 si
903 1097 1047 1138 Petrus,
1082 1098 1141 1142 qui
1167 1097 1210 1130 ad
1237 1101 1271 1130 te
1297 1096 1414 1130 venire
1441 1105 1523 1128 con-

132 1164 268 1206 suevit,
294 1163 435 1210 ingredi
460 1165 599 1209 poterit.
648 1163 732 1199 Post
759 1164 935 1208 paululum
963 1165 1056 1198 venit
1080 1163 1203 1198 Petrus
1237 1167 1270 1197 et
1301 1161 1394 1196 facto
1421 1162 1524 1206 signo

132 1230 247 1264 crucis
271 1239 390 1265 canem
416 1229 542 1271 solvit,
569 1232 666 1264 canis
690 1234 804 1264 autem
834 1229 994 1263 omnibus
1020 1229 1101 1262 aliis
1128 1228 1290 1270 blandus,
1320 1227 1431 1262 solum
1456 1226 1520 1271 Sy*

129 1306 264 1330 monem
291 1295 587 1340 persequebatur,
625 1297 684 1340 qui
711 1295 980 1340 apprehendens
1007 1306 1082 1330 eum
1114 1295 1158 1329 ad
1184 1300 1311 1329 terram
1338 1292 1460 1327 subter
1483 1301 1522 1326 se

130 1360 264 1406 deJeeit
296 1365 331 1395 et
364 1371 440 1395 eum
475 1360 699 1406 strangulare
731 1360 873 1396 volebat
885 1388 903 1407 ,ἢ
926 1369 1110 1395 accurrens
1143 1364 1259 1395 autem
1287 1359 1411 1394 Petrus
1443 1358 1518 1392 cani

129 1426 302 1469 clamavit,
328 1436 370 1460 ne
387 1427 418 1461 ei
439 1430 593 1468 noceret,
621 1430 655 1461 et
678 1427 775 1460 canis
803 1426 939 1471 quidem
965 1436 1093 1471 corpus
1118 1428 1194 1471 eJus
1219 1436 1288 1460 non
1316 1425 1431 1465 laesit,
1457 1422 1519 1458 sed

129 1496 246 1527 vestes
281 1492 370 1528 adeo
404 1493 595 1534 laceravit,
634 1496 671 1527 ut
708 1492 768 1526 ille
802 1492 913 1526 nudus
948 1494 1084 1536 positus
1118 1495 1333 1531 remaneret,
1367 1489 1518 1535 populus

126 1562 241 1593 autem
274 1563 308 1594 et
342 1560 490 1593 maxime
524 1560 623 1603 pueri
659 1568 733 1592 eum
768 1568 854 1592 cane
886 1557 1017 1592 tamdiu
1052 1561 1134 1602 post
1157 1568 1232 1592 eum
1257 1558 1517 1595 concurrerunt,

126 1624 239 1659 donec
261 1624 357 1659 illum
384 1626 485 1670 quasi
509 1624 625 1669 lupum
649 1622 692 1658 de
716 1624 858 1658 civitate
881 1622 1056 1669 fugarent.
1106 1623 1214 1669 Cujus
1243 1622 1426 1667 opprobrii
1453 1630 1517 1664 pu-

125 1690 244 1744 dorem
269 1690 480 1726 non2serens
506 1700 569 1734 per
593 1699 717 1723 annum
742 1699 911 1734 nusquam
939 1691 1150 1734 comparuit,
1185 1688 1376 1725 Marcellus
1401 1689 1515 1720 autem

124 1755 212 1791 haec
247 1755 415 1790 miracula
447 1755 570 1790 videns
595 1754 761 1800 deinceps
789 1754 894 1790 Petro
930 1755 1102 1790 adhaesit.
1151 1755 1281 1790 Postea
1307 1757 1422 1788 autem
1448 1750 1512 1796 Sy-

120 1831 201 1856 mon
226 1821 367 1856 rediens
389 1823 512 1856 iterum
531 1822 566 1855 in
585 1820 732 1856 Neronis
756 1822 944 1856 amicitiam
969 1826 1024 1856 est
1049 1826 1221 1867 receptus.
1248 1820 1375 1866 Symon
1395 1818 1515 1866 igitur,

121 1890 158 1922 ut
182 1886 292 1922 refert
315 1887 401 1930 Leo,
427 1887 592 1933 populum
617 1889 822 1922 convocavit
850 1892 884 1923 et
909 1899 948 1923 se
973 1898 994 1922 a
1023 1887 1191 1922 Galilaeis
1218 1887 1376 1933 graviter
1401 1883 1512 1918 offen-

121 1961 196 1986 sum
220 1953 401 1996 perhibuit
427 1957 463 1988 et
487 1953 566 1988 ideo
591 1952 724 1996 urbem,
751 1964 851 1999 quam
871 1956 963 1989 tueri
987 1954 1140 1997 solebat,
1166 1964 1206 1989 se
1230 1952 1396 1987 deserere
1421 1948 1512 1984 velle

120 2017 208 2052 dixit
233 2022 268 2052 et
293 2017 382 2071 diem
409 2022 586 2061 statuere,
624 2028 694 2064 qua
717 2019 851 2053 coelum
887 2019 1032 2055 deberet
1056 2020 1294 2061 adscendere,
1333 2018 1416 2061 quia
1441 2024 1509 2048 ¹101)

118 2082 333 2129 dignabatur
365 2085 401 2118 in
434 2085 538 2119 terris
571 2083 720 2128 amplius
754 2083 927 2120 hahitare.
977 2086 1116 2120 Statuto
1151 2087 1260 2130 igitur
1296 2082 1353 2117 (lie
1387 2080 1509 2114 turrim

118 2149 293 2184 excelsam
318 2149 385 2191 vel,
411 2149 598 2184 seeundum
618 2148 755 2191 Linum,
784 2148 992 2194 Capitolium
1012 2150 1194 2185 adscendit
1214 2154 1249 2184 et
1271 2148 1351 2183 inde
1380 2157 1418 2181 se
1445 2145 1507 2179 de-

113 2215 242 2259 jiciens
267 2220 454 2250 coronatus
491 2215 592 2249 lauro
623 2215 742 2249 volare
774 2217 900 2260 eoepit.
949 2216 1046 2250 Dixit
1072 2221 1186 2251 autem
1212 2215 1340 2250 Paulus
1366 2212 1411 2247 ad
1439 2211 1506 2246 Pe-

115 2283 226 2314 trum:
251 2292 363 2316 meum
389 2285 443 2316 est
468 2291 571 2316 orare
599 2285 633 2316 et
659 2286 753 2316 tuum
781 2286 834 2316 est
859 2283 1054 2327 imperare,
1080 2282 1237 2328 dixitque
1264 2280 1375 2315 Nero:
1400 2287 1508 2313 verax

116 2348 171 2380 est
195 2344 251 2380 hie
276 2345 400 2388 hom03
431 2357 493 2381 vos
529 2351 642 2382 autem
676 2347 882 2382 seductores
911 2350 1008 2383 estis.
1056 2348 1181 2382 Petrus
1208 2350 1323 2380 autem
1348 2344 1435 2377 dixit
1461 2342 1504 2376 ad

115 2410 277 2446 Paulum:
312 2411 440 2454 Paule,
477 2413 575 2458 erige
608 2417 713 2457 caput
739 2417 773 2447 et
805 2413 896 2448 vide.
947 2413 1100 2458 Cumque
1134 2413 1309 2447 elevasset
1342 2412 1507 2454 caputet

115 2476 265 2511 vidisset
289 2477 470 2522 Symoncm
498 2477 690 2519 volantem,
723 2478 811 2512 dixit
836 2478 881 2512 ad
909 2478 1066 2513 Petrum:
1100 2477 1222 2520 Petre,
1259 2475 1342 2521 quid
1368 2485 1501 2517 cessas,

114 2541 243 2586 perfice
269 2543 362 2588 quod
389 2543 561 2587 coepisti,
592 2543 665 2587 jam
700 2544 790 2576 enim
819 2547 920 2578 vocat
947 2553 1010 2576 nos
1037 2542 1207 2576 dominus.
1257 2541 1356 2576 Tunc
1379 2541 1502 2576 Petrus

113 2608 180 2641 ait:
207 2607 333 2653 adJuro
361 2618 446 2651 vos,
472 2607 591 2654 angeli
618 2608 817 2651 Sathanae,
844 2609 903 2654 qui
928 2618 1002 2643 eum
1029 2609 1062 2642 in
1090 2612 1172 2643 aera
1197 2607 1318 2650 sertis,
1346 2618 1410 2653 per
1437 2606 1501 2640 do-

110 2673 233 2708 minum
258 2678 412 2709 nostrum
439 2674 556 2711 Jesuin
584 2673 770 2717 Christum,
800 2678 837 2709 ut
864 2675 975 2719 ipsum
1001 2674 1148 2720 aniplius
1177 2685 1246 2709 non
1271 2673 1406 2716 seratis,
1434 2673 1495 2709 sed
