1742 3005
288 117 370 157 800
484 117 578 164 Cap.
613 112 816 149 CLXXlV.
864 113 921 149 De
953 119 1085 149 sancto
1115 114 1256 150 Jacobo
1288 116 1476 153 interciso.

288 230 403 255 amare
430 219 515 251 flens
541 219 607 251 ait:
634 218 664 251 si
690 221 800 251 mater
825 226 920 259 mea,
948 226 1038 262 quae
1063 227 1116 252 me
1141 218 1274 263 genuit,
1300 222 1334 253 et
1359 230 1447 253 uxor
1472 229 1547 254 mea
1575 229 1595 254 a
1620 230 1672 254 mc

289 290 477 320 extraneae
512 283 627 317 sactae
662 287 759 324 sunt,
805 286 934 327 quanto
969 284 1082 328 magis
1116 292 1137 317 a
1168 293 1221 318 me
1252 287 1438 318 extraneus
1472 284 1584 319 factus
1620 290 1674 320 est

288 351 381 385 Deus
418 350 535 383 meus!
587 349 669 383 Cum
707 359 793 394 ergo
828 359 889 392 pro
923 358 1044 383 errore
1078 359 1141 382 suo
1177 359 1215 383 se
1256 349 1436 393 plurimum
1473 350 1673 393 afflixisset,

289 418 427 450 mintius
455 416 548 449 venit
575 414 620 448 ad
649 416 859 459 principem,
887 415 945 459 qui
971 415 1114 455 diceret,
1139 413 1307 449 Jacobum
1333 414 1557 449 christianum
1583 426 1674 457 esse,

289 493 390 528 quom
432 483 595 527 princeps
637 480 814 515 advocans
856 482 923 515 ait:
968 480 1024 514 dic
1057 479 1159 523 milii,
1205 482 1234 514 si
1266 479 1468 516 Nazarenus
1499 491 1550 516 es,
1615 481 1676 515 Cui

287 548 462 584 Jacobus:
491 550 606 590 etiam,
632 546 834 581 Nazarenus
861 557 946 580 sum.
996 545 1039 581 Et
1063 546 1142 581 ille:
1173 558 1258 593 ergo
1285 557 1407 593 magus
1432 557 1480 581 es.
1530 546 1591 581 Cui
1615 545 1675 582 Ja-

289 614 419 649 cobus:
461 614 555 648 absit
589 624 610 648 a
644 624 695 647 me
733 623 868 658 magum
905 622 994 647 esse.
1054 612 1135 646 Cum
1177 624 1263 659 ergo
1300 615 1331 648 ei
1366 613 1473 646 multa
1505 612 1679 657 supplicia

290 682 501 721 minaretur,
542 678 630 712 dixit
659 678 830 713 ,lacobusz
875 689 941 712 non
981 689 1033 713 me
1066 679 1274 713 conturbant
1307 680 1420 713 minae
1455 682 1553 721 tuae,
1597 679 1678 723 quia

288 751 464 790 tamquam
501 748 623 778 ventus
662 744 750 777 ilaus
783 754 889 787 super
921 748 1055 787 petram
1093 744 1189 778 furor
1223 749 1302 778 tuus
1336 754 1439 778 aures
1476 754 1569 778 meas
1608 746 1677 778 cito

290 812 493 857 pertransit.
544 809 605 844 Cui
632 810 817 854 princeps:
853 809 925 842 noli
950 808 1188 853 imprudenter
1213 819 1338 854 agere,
1372 821 1414 844 ne
1442 811 1543 855 gravi
1569 815 1677 845 morte

290 888 431 923 pereas.
481 876 543 911 Cui
567 875 742 911 Jacobus:
776 874 842 909 hoc
876 885 944 909 nou
973 885 1085 917 mors,
1121 874 1183 908 sed
1218 885 1358 909 somnus
1393 877 1508 919 potius
1541 880 1594 911 est
1626 876 1677 910 di-

289 943 454 985 cendum,
490 953 563 977 cum
602 946 682 986 post
715 941 883 975 modicum
919 942 1129 975 resurrectio
1165 940 1352 978 tribuatur.
1400 940 1463 974 Cui
1495 943 1676 986 princeps:

290 1021 358 1044 non
397 1015 431 1044 te
472 1008 642 1043 seducant
675 1006 846 1041 Nazarcni
893 1006 1049 1041 dicentes
1090 1011 1232 1041 mortem
1267 1017 1346 1041 esse
1382 1016 1557 1048 somnum,
1598 1009 1680 1052 quia

290 1077 408 1121 magni
444 1076 674 1118 imperatores
711 1074 833 1106 timent
867 1084 954 1107 eam.
1003 1073 1065 1107 Cui
1104 1072 1279 1107 Jacobus:
1327 1083 1391 1107 nos
1432 1077 1574 1107 mortem
1612 1085 1678 1108 non

289 1144 466 1182 timemus,
507 1141 589 1184 quia
624 1139 665 1172 de
701 1142 811 1172 morte
836 1138 880 1172 ad
909 1139 1012 1172 vitam
1036 1141 1187 1173 transire
1214 1149 1407 1184 speramus.
1459 1139 1557 1174 Tunc
1582 1142 1677 1185 prin-

289 1218 372 1252 ccps
407 1207 449 1241 de
489 1205 637 1240 consilio
673 1205 858 1238 amicorum
894 1203 982 1237 hauc
1015 1214 1122 1248 super
1155 1204 1322 1239 Jacobum
1350 1206 1429 1240 tulit
1460 1209 1679 1247 sententiam,

289 1278 326 1307 ut
359 1273 403 1307 ad
438 1277 607 1306 terrorem
642 1270 788 1304 aliorum
818 1269 1032 1304 membratim
1057 1269 1211 1304 Jacobus
1237 1273 1414 1315 puniatur.
1464 1272 1543 1306 Cum
1567 1277 1679 1307 autem

291 1339 430 1385 quidam
470 1349 512 1373 ex
545 1338 791 1382 compassione
826 1346 932 1380 super
967 1347 1040 1371 cum
1075 1336 1221 1378 flerent,
1256 1337 1315 1372 ille
1341 1338 1407 1371 ait:
1443 1338 1550 1373 nolite
1576 1349 1681 1383 super

292 1416 345 1440 me
372 1404 476 1441 flere,
515 1404 578 1439 sed
604 1414 711 1448 super
735 1413 797 1437 vos
825 1404 921 1447 ipsos
949 1403 1125 1447 plangite,
1159 1404 1242 1447 quia
1265 1405 1342 1449 [ego
1368 1402 1412 1437 ad
1440 1405 1541 1437 vitam
1568 1415 1679 1449 pergo

290 1476 324 1506 et
369 1471 469 1505 vobis
514 1470 689 1515 supplicia
728 1474 878 1504 aeterna
916 1468 1098 1503 debentur.
1157 1468 1258 1503 Tunc
1299 1470 1480 1504 carnifices
1522 1469 1680 1514 pollicem

292 1547 413 1571 manus
440 1538 516 1581 ejus
543 1536 688 1571 dextrae
713 1535 939 1570 absciderunt
963 1540 997 1570 et
1017 1536 1215 1570 exclamans
1235 1534 1390 1571 Jacobus
1419 1537 1487 1569 ait:
1511 1535 1682 1570 liberator

295 1603 477 1638 Nazarene
494 1630 501 1643 ‚
530 1604 670 1646 suscipe
697 1612 825 1636 ramum
852 1601 989 1635 arboris
1015 1601 1280 1636 misericordiae
1304 1606 1404 1643 tuae,
1439 1611 1516 1635 nam
1550 1611 1571 1636 a
1605 1601 1679 1636 cul-

292 1674 369 1704 tore
395 1671 518 1703 vineae
546 1671 756 1702 sarmentum
785 1667 982 1701 absciditur
1008 1669 1108 1709 vitis,
1135 1671 1171 1701 ut
1197 1668 1313 1712 potius
1341 1668 1513 1713 germinet
1537 1671 1570 1701 et
1594 1666 1679 1701 ube-

292 1737 364 1769 rius
400 1738 596 1770 coronetur.
648 1733 710 1768 Cui
746 1733 922 1767 carnifex:
956 1734 985 1766 si
1018 1734 1191 1768 assentire
1227 1734 1302 1775 viS,
1334 1732 1448 1767 adhuc
1478 1732 1540 1767 tibi
1575 1742 1679 1778 parco

295 1806 327 1835 et
352 1801 636 1835 medicamentum
662 1799 827 1834 adhibeo.
879 1798 941 1833 Cui
961 1798 1138 1834 Jacobus:
1162 1809 1276 1833 nonne
1296 1800 1508 1843 prospexisti
1527 1800 1679 1843 stipitem

291 1868 401 1900 vitis?
433 1868 537 1911 quia,
575 1876 647 1899 cum
685 1869 907 1908 amputantur
937 1869 1133 1905 sarmenta,
1170 1864 1228 1897 ille
1263 1863 1395 1904 nodus,
1429 1865 1485 1908 qui
1515 1869 1679 1900 remanet.

292 1933 323 1965 in
347 1942 410 1965 suo
435 1936 603 1974 tempore,
630 1940 703 1963 cum
730 1934 825 1963 terra
850 1929 1029 1963 calescere
1054 1930 1185 1973 incipit,
1213 1939 1275 1973 per
1302 1927 1442 1973 singula
1467 1928 1679 1963 abscisionis

292 1997 370 2031 loca
398 1996 561 2041 producit
585 1996 761 2040 germina3
789 1995 817 2027 si
845 2005 930 2039 crgo
959 1996 1038 2028 ritis
1064 1998 1204 2038 putatur
1232 1993 1476 2028 vicissitudine
1499 1996 1677 2039 temporis,

294 2067 330 2096 ut
359 2063 553 2107 germinet,
587 2064 716 2105 ‹pianto
743 2061 860 2104 magis
883 2060 996 2093 tidelis
1022 2059 1147 2099 homo,
1180 2061 1237 2104 qui
1270 2061 1303 2093 in
1339 2068 1422 2093 vera
1446 2061 1514 2094 vite
1540 2059 1678 2094 Christo

295 2132 496 2172 compactus
516 2127 587 2161 cst!
636 2125 733 2160 Tunc
757 2125 928 2160 accedens
957 2125 1112 2160 carnifex
1139 2124 1325 2160 secundum
1351 2123 1502 2158 abscidit
1520 2124 1677 2171 digitum,

291 2193 415 2228 beatus
450 2196 563 2226 autem
590 2191 744 2227 Jacobus
781 2191 888 2225 dixit:
920 2192 1060 2236 suscipe
1096 2191 1184 2225 duos
1220 2202 1354 2233 ramos,
1387 2201 1473 2236 quos
1508 2190 1678 2235 plautavit

291 2258 439 2292 dextera
457 2262 528 2299 tua,
549 2257 699 2293 dominc.
748 2257 912 2291 Abscidit
931 2262 964 2292 et
980 2258 1116 2292 tertium
1135 2261 1169 2292 ct
1187 2256 1274 2290 dixit
1291 2256 1466 2292 Jacobus:
1489 2255 1531 2291 do
1548 2256 1676 2300 triplici

289 2325 482 2358 tentatione
506 2323 675 2357 liberatus
693 2323 896 2357 benedicam
923 2325 1013 2368 patri
1040 2327 1074 2357 et
1091 2322 1161 2357 lilio
1185 2327 1218 2357 et
1233 2324 1372 2367 spiritui
1397 2326 1517 2357 sancto
1545 2325 1578 2357 et
1601 2332 1674 2356 cuin

288 2390 401 2424 tribus
438 2390 568 2434 ereptis
605 2390 646 2424 de
685 2393 819 2423 camino
860 2390 978 2434 pueris
1018 2388 1210 2423 conlitebor
1248 2388 1330 2430 tibi,
1377 2388 1531 2427 domine.
1576 2391 1608 2422 ct
1642 2389 1675 2421 in

288 2456 395 2490 choro
424 2457 599 2490 martirum
625 2456 772 2500 psallam
800 2456 927 2488 nomini
951 2459 1021 2497 tuo,
1049 2454 1201 2491 Christe.
1252 2454 1420 2490 Abscisus
1447 2457 1550 2489 estet
1569 2463 1672 2498 quar-

290 2526 345 2555 tus
373 2526 407 2556 ot
431 2521 584 2556 Jacobus
612 2521 717 2555 dixit:
745 2525 924 2565 protector
949 2520 1095 2554 liliorum
1121 2520 1250 2562 lsrael,
1280 2521 1338 2565 qui
1363 2521 1396 2554 in
1422 2523 1544 2562 quarta
1567 2518 1673 2553 bene-

291 2587 443 2621 dictione
469 2589 713 2632 pronuntiatus
740 2597 798 2628 es,
834 2588 975 2631 suscipe
1009 2597 1030 2620 a
1065 2597 1167 2621 servo
1193 2590 1252 2620 tuo
1278 2586 1530 2620 consessionem
1561 2586 1674 2628 quarti

290 2651 390 2696 digiti
421 2658 581 2698 tanquam
604 2655 635 2687 in
655 2653 746 2688 Juda
766 2652 949 2687 benedicti.
986 2652 1137 2686 Absciso
1161 2653 1280 2697 quinto
1305 2651 1370 2684 ait:
1395 2649 1598 2693 completum
1621 2656 1675 2685 est

291 2717 454 2761 gaudium
474 2729 595 2756 inenm.
631 2719 730 2753 Tunc
755 2718 936 2753 carnifices
958 2717 1119 2752 dixerunt
1138 2718 1189 2752 ei:
1217 2726 1321 2761 parce
1338 2716 1410 2759 jam
1433 2725 1520 2749 tuine
1539 2717 1673 2750 zmirnae
