1742 3005
293 152 346 190 50
608 154 701 200 (lap.
737 150 837 186 Vltl.
905 151 963 188 De
997 158 1126 186 sanrto
1160 150 1370 201 Stephano.

297 259 421 306 quibus
448 257 491 292 ab
520 256 691 301 apostolis
719 256 833 290 suerat
857 254 1068 299 praefectus,
1097 264 1185 300 quae
1212 254 1256 288 ad
1284 255 1435 289 litteram
1461 264 1548 289 anns
1573 259 1682 289 erant.

297 326 358 361 Est
382 335 466 369 ergo
491 331 622 356 corona
648 324 792 365 propter
816 321 1021 365 principium
1050 321 1217 360 martirii,
1253 330 1374 354 norma
1399 325 1543 365 propter
1569 330 1682 354 exem-

295 393 386 437 plum
422 386 579 434 patiendi
610 390 645 421 et
677 385 766 421 bene
797 385 959 427 vivendi,
1013 389 1154 421 strenue
1186 385 1264 419 fans
1299 389 1443 430 propter
1476 385 1683 419 luculentam

294 442 612 501 praedicationem,
663 456 804 487 strenue
836 455 866 494 ¹)
893 455 991 486 stans
1017 455 1162 497 propter
1189 450 1368 485 viduarum
1392 450 1605 486 laudabilem
1631 452 1682 484 in-

293 522 529 556 structionem.

383 591 422 624 1.
449 583 649 630 Stephanus
677 583 741 618 suit
768 594 853 617 unus
880 582 922 618 de
948 586 1080 628 septem
1108 581 1344 628 dyaconibus,
1377 582 1421 616 ab
1450 582 1622 627 apostolis
1651 583 1683 616 in

293 653 518 688 ministerium
544 650 725 683 ordinatis.
757 649 942 684 Crescente
970 650 1057 684 enim
1083 659 1224 683 numero
1253 648 1499 693 discipulorum
1525 649 1683 682 conversi

295 730 337 755 ex·
363 716 526 765 gentibus
560 716 730 750 adversus
763 725 952 749 conversos
988 725 1030 749 ex
1063 714 1208 750 Judaeis
1242 724 1455 748 murmurare
1481 719 1682 759 coeperunt,

295 797 337 821 ex
362 795 403 819 eo
427 781 518 827 qnod
545 781 670 815 viduae
702 792 818 815 eornm
856 782 889 814 in
917 782 1108 815 ministerio
1138 780 1340 825 quotidiano
1364 779 1682 817 contemnebantur.

296 852 404 896 Hujus
435 852 548 882 autem
574 848 756 881 murmuris
791 857 898 880 cansa
926 846 1112 891 dupliciter
1144 850 1260 891 potest
1287 846 1459 891 intelligi,
1514 849 1574 878 aut
1602 846 1683 890 quia

295 917 420 950 viduae
446 925 563 949 eorum
589 915 622 947 in
649 914 841 947 ministerio
868 923 935 946 non
961 911 1253 954 admittelmntur,
1299 916 1358 946 ant
1384 913 1465 956 quia
1492 921 1577 956 prae
1602 920 1682 944 cae-

293 986 378 1017 teris
405 983 437 1015 in
465 979 667 1025 quotidiano
694 979 885 1012 ministerio
911 977 1164 1022 gravabantur.
1212 978 1375 1023 Apostoli
1401 972 1507 1019 enim,
1559 981 1596 1011 ut
1622 988 1682 1011 ex-

296 1049 446 1094 peditius
481 1045 735 1091 praedicationi
770 1046 992 1085 insisterent,
1042 1043 1155 1077 viduis
1191 1046 1476 1078 ministrationem
1501 1045 1682 1079 commise—

294 1118 382 1148 rant.
455 1111 621 1146 Videntes
653 1112 771 1155 itaque
799 1110 951 1154 apostoli
982 1112 1283 1144 niurninrationem
1311 1114 1422 1143 ortam
1447 1121 1510 1155 pro
1537 1110 1683 1143 admini-

294 1180 463 1213 stratione
490 1177 690 1216 viduarum,
742 1176 899 1209 volentes
925 1175 990 1210 hoc
1016 1186 1165 1209 murmur
1198 1175 1323 1210 sedare
1349 1179 1568 1221 congregata
1593 1176 1684 1209 omni

295 1243 511 1279 multitudine
538 1242 720 1276 dixerunt:
748 1252 813 1275 non
842 1247 896 1276 est
920 1252 1067 1287 aequum
1094 1252 1156 1275 nos
1183 1240 1427 1286 derelinquere
1454 1241 1594 1276 verbum
1619 1241 1683 1276 Dei

294 1315 328 1345 et
354 1310 550 1343 ministrare
585 1308 724 1341 mensis.
787 1306 924 1342 Glossa.
987 1307 1075 1347 Quia
1109 1307 1254 1342 meliora
1289 1312 1367 1342 sunt
1402 1307 1535 1342 fereula
1560 1308 1684 1341 mentis

295 1386 397 1421 quam
421 1374 530 1418 dapes
557 1374 728 1417 corporis.
757 1372 986 1407 Considerate
1012 1383 1111 1418 ergo,
1140 1372 1279 1414 fratres,
1307 1384 1349 1408 ex
1371 1373 1470 1408 vobis
1490 1375 1585 1408 viros
1601 1372 1685 1407 honi

294 1441 483 1475 testimonii
509 1438 570 1474 Vll
597 1439 720 1483 plenos
748 1440 873 1483 spiritu
901 1442 1021 1472 sancto
1049 1442 1083 1473 et
1107 1439 1295 1483 sapientia,
1324 1450 1410 1484 quos
1435 1440 1684 1473 constituamus

295 1517 400 1551 super
427 1505 491 1540 hoe
516 1515 633 1550 opere.
684 1503 830 1539 Glossa:
857 1509 892 1538 ut
915 1505 1110 1539 ministrent
1138 1504 1192 1539 vel
1216 1505 1491 1539 ministrantibus
1517 1506 1683 1550 praesint.

298 1572 369 1606 Nos
404 1581 485 1605 vero
521 1571 671 1604 orationi
706 1574 739 1604 et
777 1570 1032 1615 praedicationi
1067 1572 1237 1604 instantes
1276 1572 1415 1605 erimus.
1486 1570 1530 1605 Et
1555 1570 1685 1615 placuit

294 1647 408 1671 sermo
434 1638 524 1669 omni
549 1636 679 1681 populo
708 1640 741 1669 et
766 1636 975 1669 multitudini
1000 1639 1034 1670 et
1061 1636 1243 1682 elegerunt
1268 1640 1412 1681 septem,
1441 1647 1584 1682 (piorum
1601 1636 1683 1670 bea-

295 1707 350 1736 tus
377 1701 576 1746 Stephanus
604 1703 733 1746 primns
761 1706 793 1735 et
821 1703 1036 1746 primicerius
1064 1702 1197 1735 exstitit
1230 1705 1265 1735 et
1301 1701 1522 1737 adduxerunt
1553 1712 1614 1736 eos
1639 1701 1684 1735 ad

297 1767 480 1812 apostolos
506 1771 539 1802 et
567 1769 805 1812 imposuerunt
829 1778 934 1811 super
960 1778 1021 1801 eos
1048 1778 1180 1801 manus.
1241 1767 1440 1812 Stephanus
1466 1772 1580 1802 autem
1608 1768 1682 1812 ple—

297 1844 360 1868 nus
387 1834 503 1879 gratia
530 1837 563 1867 et
591 1833 794 1867 fortitudine
822 1832 975 1867 faciebat
999 1833 1165 1879 prodigia
1191 1837 1224 1868 et
1249 1834 1352 1879 signa
1375 1835 1409 1867 in
1434 1834 1577 1878 populo.
1627 1833 1683 1868 In-

298 1899 453 1934 videntes
478 1900 586 1943 igitur
618 1899 744 1934 Judaei
770 1903 802 1933 et
830 1910 905 1934 enni
929 1909 1098 1943 superare
1127 1903 1161 1934 et
1185 1900 1390 1934 convincere
1415 1900 1594 1943 cupientes
1619 1901 1682 1933 tri-

293 1965 376 2009 plici
404 1964 505 1998 modo
532 1976 606 1999 euni
633 1966 771 1998 vincere
795 1966 960 2011 aggressi
987 1969 1079 2008 sunt,
1107 1965 1240 2000 scilicet
1266 1965 1516 2016 disputatione,
1542 1966 1681 1999 testium

294 2030 521 2075 productione
547 2035 582 2064 et
605 2034 852 2065 tormentorinn
880 2030 1048 2065 illatione.
1120 2031 1189 2065 Sed
1223 2035 1336 2066 tamen
1362 2033 1438 2075 ipse
1464 2030 1682 2075 disputantes

295 2097 498 2140 superavit,
547 2100 655 2130 testes
684 2096 794 2130 salsos
830 2098 980 2130 convicit
1015 2101 1049 2131 et
1088 2097 1129 2131 de
1161 2099 1232 2132 suis
1265 2097 1456 2132 tortoribus
1490 2096 1681 2142 triumpha-

297 2163 356 2196 vit.
405 2160 449 2195 Et
469 2163 501 2194 in
529 2161 685 2206 qualibet
708 2172 827 2208 pugna
846 2161 1061 2206 ‚adjutorium
1087 2162 1153 2197 sibi
1181 2163 1222 2198 dc
1247 2164 1346 2198 coelo
1373 2163 1488 2198 datum
1515 2169 1579 2198 est.
1645 2161 1682 2196 In

296 2228 405 2271 prima
432 2228 519 2261 enim
546 2229 577 2261 ei
605 2227 706 2261 datus
734 2232 786 2262 est
811 2228 954 2272 spiritns
979 2232 1142 2269 sanctus,
1192 2230 1250 2272 qui
1275 2230 1481 2273 sapientiam
1507 2230 1681 2262 ministra-

297 2297 358 2326 ret.
408 2292 443 2326 In
470 2292 621 2327 secunda
648 2293 762 2344 vultus
789 2293 991 2338 angelicus,
1021 2294 1078 2337 qui
1106 2292 1216 2327 salsos
1241 2297 1349 2328 testes
1373 2298 1530 2328 terreret.
1580 2292 1623 2327 Et
1648 2295 1682 2327 in

294 2359 398 2392 tertia
425 2360 518 2392 visus
545 2357 770 2393 estChristus
797 2358 965 2403 adjuvare
993 2363 1150 2403 paratus,
1178 2360 1234 2404 qui
1264 2361 1437 2393 martirem
1458 2359 1682 2393 confortaret.

295 2423 332 2458 In
372 2423 527 2469 qualibet
559 2425 668 2469 igitur
699 2433 819 2469 pugna
853 2425 951 2468 ponit
984 2423 1132 2458 historia
1166 2427 1252 2465 tria,
1312 2425 1444 2460 scilicet
1476 2434 1683 2471 aggressum

298 2489 486 2533 praelium,
534 2489 695 2523 collatum
724 2488 933 2534 adjutorium
962 2493 995 2524 et
1021 2490 1183 2535 adeptum
1210 2490 1426 2536 triumphum.
1497 2489 1682 2524 Historiam

297 2555 405 2599 igitur
440 2555 594 2589 breviter
626 2558 867 2599 percurrentes
901 2554 988 2590 haec
1025 2558 1140 2590 onmia
1177 2556 1295 2591 videre
1333 2556 1535 2601 poterimus.
1568 2574 1613 2579 -—
1641 2574 1684 2579 -—
1734 2559 1735 2562 ’

296 2622 337 2655 2.
368 2619 450 2653 Cum
480 2621 587 2665 igitur
616 2619 740 2654 heatus
769 2620 966 2665 Stephanus
994 2622 1099 2657 multa
1124 2623 1227 2668 signa
1254 2621 1385 2656 faceret
1409 2623 1443 2655 et
1468 2619 1683 2665 frequentius

362 2766 369 2788 Ι
407 2763 458 2791 lid.
481 2766 547 2790 lter.
570 2763 738 2797 praeferunt
761 2765 794 2790 sn
808 2775 823 2792 n
834 2774 846 2791 s
866 2776 880 2791 a
893 2776 907 2791 n
920 2776 935 2792 u
948 2776 968 2792 s.
