1742 3005
63 84 160 131 Cap.
179 79 424 117 ccxxxiii.
455 79 512 115 De
530 87 659 115 sancto
678 79 926 115 Aunemuudo
946 79 1233 130 archiepiscopo
1251 89 1319 118 etc.
1351 81 1432 119 947

60 186 286 211 MCCCCXVHI.
322 183 461 218 Sepultus
481 189 525 210 est
544 189 642 210 euntem
662 183 699 209 ad
720 186 876 210 Vauuoues
896 192 1053 211 coruscans
1073 185 1162 212 variis
1179 186 1278 218 signis.
1315 190 1338 212 0
1359 187 1431 213 vin-

61 228 152 261 centi,
178 228 365 263 praedicator
390 228 525 256 veritatis
551 233 580 256 et
598 228 702 254 doctor
720 228 862 260 maxime,
896 238 983 262 quem
1002 230 1173 262 angelorum
1192 240 1259 257 cum
1277 230 1431 258 ordinibus

60 274 290 309 triumphantem
307 273 410 301 felices
429 273 545 300 animae
564 277 798 308 prosequuntur,
825 282 878 300 nos
904 274 974 301 fove
998 274 1057 302 tuis
1082 275 1220 309 precibus
1240 275 1382 303 sublimes
1402 276 1433 303 in

60 318 156 351 regnis
175 318 365 346 coelestibus.
403 320 506 346 Amen.

377 657 517 732 cAP.
563 657 875 731 CCXXXIII.
917 655 1101 732 (201.)

81 767 178 810 De
215 768 432 811 sancto
460 767 891 811 Annemunclo
922 764 1395 821 archiepiscopo

46 839 48 841 ¹
555 845 620 888 et
647 843 924 888 martire·

153 950 284 977 Dilectus
302 953 364 978 Deo
384 956 414 978 et
432 952 602 979 hominibus
619 956 738 978 sanctus
757 952 971 978 Annemuudus
990 951 1194 982 Lugdunensis
1222 951 1421 985 archipraesul

52 999 80 1020 et
100 995 227 1029 inclytus
245 995 348 1023 martir
364 1006 401 1023 ex
418 996 527 1024 illustri
551 996 691 1032 prosapia
717 996 829 1023 ducens
856 996 999 1028 originem
1025 996 1102 1021 inter
1125 995 1238 1022 aulicos
1265 996 1425 1027 Dagoberti

51 1043 228 1067 Francorum
245 1040 321 1073 regis
340 1041 465 1068 nutritus
482 1040 539 1068 suit
550 1062 556 1073 ‚
577 1041 631 1068 sed
649 1040 810 1067 eorundem
827 1041 943 1068 evitans
957 1040 1107 1067 consortia
1119 1040 1200 1066 viam
1217 1040 1423 1066 mandatorum

51 1085 105 1111 Dei
124 1085 265 1118 cucurrit,
284 1086 335 1119 qui
352 1087 391 1113 ob
410 1086 490 1113 vitae
510 1085 735 1113 sanctimoniam
753 1086 792 1112 ad
810 1085 1016 1118 Lugdunensis
1036 1085 1118 1111 urbis
1134 1084 1423 1119 archiepiscopatum

49 1131 157 1157 meruit
174 1130 353 1165 promoveri.
389 1134 416 1157 Is
442 1130 542 1164 itaque
560 1130 727 1165 pontificali
745 1131 902 1158 decoratus
921 1130 1015 1157 insula
1034 1130 1172 1156 omnibus
1191 1140 1258 1156 cum
1277 1130 1358 1161 regni
1377 1130 1406 1156 iu

50 1175 123 1202 colis
140 1181 203 1202 tum
220 1176 383 1210 peregrinis
402 1181 555 1210 pergratus
574 1175 702 1208 exstitit,
733 1176 814 1209 quod
840 1175 976 1202 nonnulli
1002 1184 1156 1209 procerum
1182 1183 1268 1206 aegre
1294 1173 1422 1201 serentes

49 1229 117 1247 eum
135 1220 220 1254 quasi
238 1221 319 1253 regni
337 1230 505 1248 eversorem
523 1220 622 1247 laesae
640 1220 804 1254 majestatis
831 1220 962 1247 criminis
982 1220 1063 1254 apud
1080 1229 1178 1252 regem
1198 1224 1422 1247 accusaverunt.

49 1268 144 1300 Quam
163 1265 201 1292 ob
221 1275 339 1293 causam
359 1267 395 1292 ab
416 1265 581 1300 episcopali
600 1264 670 1291 sede
689 1264 830 1291 exulavit.
867 1268 890 1293 O
911 1265 1068 1292 maledicta
1087 1265 1210 1297 invidia,
1230 1274 1283 1299 per
1301 1269 1330 1291 te
1346 1265 1421 1291 Abel

47 1312 144 1344 justus
162 1310 321 1344 occiditur,
339 1321 393 1346 per
409 1316 439 1337 te
458 1311 607 1338 Johannes
626 1309 756 1344 baptista
777 1310 950 1343 decollatur,
970 1320 1023 1344 per
1042 1315 1070 1337 te
1089 1314 1174 1337 vaus
1195 1310 1325 1337 Christus
1343 1310 1422 1337 filius

50 1356 106 1382 Dei
122 1364 212 1383 verus
231 1356 422 1388 crucifigitur,
441 1365 494 1391 per
511 1360 540 1381 te
561 1355 648 1381 divus
667 1354 785 1388 praesul
806 1355 1018 1382 Anuemuudus
1045 1356 1124 1390 apud
1144 1365 1241 1387 regem
1260 1360 1423 1382 accusatur.

50 1400 110 1428 Sed
134 1400 181 1427 vir
204 1400 259 1427 Dei
278 1401 376 1427 omnia
402 1409 495 1434 aequo
514 1399 611 1426 serens
631 1399 729 1426 animo
749 1400 935 1432 elemosinis,
963 1400 1096 1433 jejuniis,
1122 1400 1233 1432 vigiliis
1259 1404 1286 1425 et
1314 1400 1422 1427 oratio-

48 1445 136 1472 nibus
163 1446 327 1479 ceterisque
351 1445 471 1480 pietatis
496 1445 636 1479 operibus
664 1454 730 1471 cum
756 1445 834 1471 clero
859 1454 976 1480 semper
992 1445 1133 1472 instabat.
1167 1445 1232 1471 Fuit
1251 1445 1329 1472 enim
1348 1455 1422 1472 mare

48 1490 147 1517 tirium
170 1491 256 1524 hujus
282 1490 403 1523 gloriosi
429 1489 574 1525 praesulis·
600 1489 679 1516 beati
706 1490 895 1516 Annemundi
922 1494 949 1528 et
975 1499 1027 1516 sua
1045 1489 1146 1524 passio
1166 1489 1270 1516 similis
1290 1491 1422 1524 passioni

49 1535 206 1562 salvatoris
225 1535 339 1562 domini
358 1535 451 1563 nostri
463 1539 532 1562 Jesu
548 1534 654 1561 Christi
668 1534 695 1560 in
710 1534 850 1567 quinque-
885 1534 981 1560 l’rimo
995 1534 1023 1560 in
1040 1534 1215 1565 traditione3
1235 1535 1290 1561 suit
1306 1546 1421 1570 nempe,

48 1585 80 1606 ut
106 1585 232 1607 testatur
256 1585 390 1607 sanctum
416 1580 620 1613 evangelium,
652 1579 790 1605 dominus
814 1583 915 1605 noster
949 1579 1075 1606 traditus
1111 1584 1233 1613 propter
1264 1579 1421 1606 invidiam:

49 1625 177 1658 sciebat,
203 1625 300 1659 iuquit
325 1625 460 1659 l’ylatus,
484 1625 566 1658 quod
591 1629 713 1659 propter
738 1623 882 1651 invidiam
910 1624 1103 1651 tradidissent
1130 1634 1206 1652 eum.
1243 1624 1290 1651 Sic
1316 1625 1422 1651 beatus

48 1670 260 1697 Annemundus
286 1675 439 1697 accusatus
464 1675 509 1697 est
534 1675 562 1697 et
588 1674 731 1696 mortuus.
767 1669 903 1695 Secundo
923 1668 979 1695 fuit
998 1669 1104 1696 similis
1123 1669 1153 1695 iu
1172 1669 1358 1696 inimicorum
1377 1670 1422 1697 di-

48 1715 190 1746 lectioue;
217 1716 349 1742 salvator
372 1720 474 1742 noster
498 1715 529 1742 in
555 1725 639 1742 cruce
663 1724 810 1749 expansus
837 1715 967 1741 omnium
994 1714 1085 1740 ferme
1105 1714 1241 1741 dolorum
1266 1714 1420 1742 immemor

47 1760 144 1787 oravit
170 1760 209 1786 ad
231 1764 346 1794 patrem
370 1769 424 1795 pro
451 1760 512 1787 suis
537 1760 664 1787 inimicis
689 1759 729 1786 ita
756 1760 874 1787 dicens:
900 1765 983 1794 patui·
1009 1760 1230 1792 amantissime,
1258 1765 1343 1794 pauo-fr
1368 1761 1419 1786 bfu

47 1804 234 1837 nignissime‚
261 1814 298 1832 ex
323 1805 412 1832 corde
437 1814 547 1838 exoro,
573 1805 692 1837 ignosce
716 1805 768 1837 iis,
795 1805 861 1838 quia
883 1805 1033 1837 nesciunt,
1053 1805 1133 1838 qnod
1152 1804 1277 1833 faciunt.
1313 1809 1421 1832 Beatus

46 1849 262 1877 Annemundus
280 1850 322 1877 sic
349 1850 445 1877 oravit
471 1859 525 1885 pro
545 1850 606 1877 suis
625 1850 864 1885 persecutoribus
884 1855 912 1877 et
932 1850 1027 1878 malis.
1064 1850 1166 1877 Tertio
1186 1850 1215 1877 iu
1235 1856 1336 1877 sancta
1355 1859 1420 1877 ora-

46 1894 127 1922 tione
147 1895 277 1922 cbristus
295 1898 381 1922 Jesus
401 1895 497 1923 sciens
516 1896 616 1922 horam
638 1895 683 1922 sni
702 1895 842 1922 transitus
861 1895 957 1922 oravit
977 1895 1014 1921 ad
1034 1900 1163 1930 patrem,
1189 1900 1220 1921 ut
1241 1904 1327 1927 suos,
1347 1904 1420 1928 quos

47 1940 208 1973 dilexerat,
228 1940 378 1967 custodire
396 1940 575 1972 dignaretur.
611 1940 659 1967 Sic
684 1940 830 1972 gloriosus
856 1941 958 1967 martir
985 1940 1081 1967 sciens
1101 1945 1225 1966 mortem
1245 1950 1328 1967 suam
1348 1941 1420 1967 vici-

48 1994 114 2011 nam
133 1993 216 2017 esse,
235 1984 274 2011 ad
291 1984 455 2011 orationem
472 1984 564 2017 fugit,
591 1989 618 2011 et
638 1994 703 2012 cnm
723 1985 829 2012 civitas
849 1990 926 2013 esset
946 1985 1126 2012 circumdata
1145 1985 1266 2012 cohorte
1286 1996 1321 2012 ex
1339 1996 1417 2012 mair

48 2028 119 2055 dato
137 2028 296 2063 principis,
321 2028 432 2055 divinis
458 2029 616 2056 celebratis
641 2029 788 2062 mysteriis
813 2030 851 2056 ad
871 2040 954 2057 suum
979 2030 1123 2065 populum
1141 2031 1198 2057 ait:
1226 2039 1337 2063 quaeso
1356 2040 1420 2061 vos,

47 2073 153 2100 fratres
166 2072 238 2105 mei,
264 2076 293 2098 et
311 2080 426 2105 omnes,
452 2077 485 2099 ut
511 2073 536 2100 si
561 2073 590 2099 in
609 2073 710 2106 aliquo
725 2083 781 2100 vos
798 2073 972 2101 offenderim
990 2080 1078 2108 atque
1096 2075 1255 2108 quicquam
1274 2074 1421 2100 violenter

49 2116 239 2149 abstulerim,
270 2124 331 2143 non
364 2116 484 2148 indigne
520 2116 638 2148 feratis,
668 2117 722 2144 sed.
747 2118 905 2146 remittatis
932 2119 1071 2153 pacifice,
1105 2119 1247 2152 quoniam
1271 2119 1419 2146 neminem

48 2167 180 2189 vestrum
198 2170 320 2193 gravare
337 2161 431 2187 volui.
466 2164 505 2188 At
522 2161 566 2188 illi
584 2161 762 2189 unanimiter
780 2163 1015 2197 responderunt:
1035 2163 1194 2196 numquid,
1213 2168 1315 2197 pastor
1332 2164 1421 2196 bone,

48 2207 136 2234 nobis
161 2206 291 2238 ingratus
319 2205 477 2233 exstitisti?
503 2217 519 2233 a
538 2206 660 2234 minimo
680 2207 758 2234 enim
776 2216 869 2240 usque
887 2207 927 2234 ad
946 2207 1107 2234 maximum
1125 2207 1185 2234 tuis
1204 2207 1357 2234 beneficiis
1376 2217 1421 2233 re-

47 2252 164 2279 levatos
183 2255 270 2284 atque
289 2250 400 2277 ditatos
419 2259 484 2278 esse
504 2261 668 2279 censemus.
703 2255 749 2278 Tu
767 2257 867 2279 nostra
893 2253 1014 2285 indulge
1031 2252 1180 2285 facinora,
1209 2257 1237 2279 et
1260 2260 1315 2286 pro
1334 2243 1421 2278 nobis

47 2297 103 2323 Dei
127 2296 327 2328 clementiam,
355 2296 501 2330 petimus,
527 2305 626 2324 exora.
661 2300 696 2323 Et
721 2296 862 2324 fidelibus
890 2298 964 2324 dans
989 2297 1230 2324 benedictionem
1249 2297 1362 2328 oravit,
1390 2302 1421 2323 ut

46 2345 126 2368 Deus
156 2341 327 2373 dignaretur
356 2341 499 2375 populum
529 2350 614 2368 suum
645 2348 844 2376 praeservare.
898 2346 1009 2379 Quarto
1039 2342 1147 2376 judicis
1180 2341 1421 2376 praesentatione

47 2385 215 2414 ostenditur
239 2385 420 2417 similitudo,
453 2386 522 2419 quia
547 2386 685 2413 dominus
711 2391 780 2414 ante
805 2388 935 2422 judicem
959 2388 1093 2422 Pylatum
1120 2391 1326 2422 praesentatus
1356 2385 1421 2418 suit,

47 2441 115 2458 nam
137 2430 315 2458 victoriosus
340 2430 478 2466 pontifex
503 2431 716 2459 Annemundus
742 2433 782 2459 ad
806 2442 874 2466 eos,
904 2432 954 2466 qui
973 2442 1041 2459 eum
1059 2431 1259 2465 quaerebant,
1287 2430 1423 2458 accessit.

48 2476 163 2512 Ouibus
181 2475 317 2503 salutatis
336 2475 437 2503 dicens
456 2475 511 2503 iis:
538 2485 598 2510 pax
614 2476 718 2510 vobis,
744 2477 843 2505 furore
861 2477 994 2512 repletus
1018 2482 1159 2512 tyrannus
1179 2486 1245 2503 cum
1263 2485 1316 2502 sua
1335 2476 1421 2502 turha

48 2521 140 2548 dixit:
157 2521 305 2552 volumus,
324 2525 357 2547 ut
376 2520 414 2547 ad
432 2520 632 2555 praesentiam
651 2522 727 2554 regis
745 2523 881 2558 protinus
899 2522 1012 2550 venias.
1048 2526 1084 2548 Et
1103 2521 1227 2548 eductus
1241 2521 1278 2547 ab
1294 2520 1421 2548 inimicis

48 2571 174 2602 pergunt
200 2566 397 2593 Matisconem
424 2571 453 2593 et
478 2565 600 2592 visitato
627 2566 770 2602 episcopo
795 2567 834 2602 ad
858 2567 1040 2594 territorium
1065 2567 1261 2595 cabilonense
1286 2566 1420 2594 veniunt.

48 2611 175 2648 Quidam
193 2619 266 2638 vero
285 2615 403 2638 sanctus
422 2610 562 2638 sacerdos
582 2620 648 2638 eum
667 2611 819 2639 visitando
838 2612 983 2639 animavit
1001 2611 1040 2638 ad
1056 2611 1245 2639 tolerantiam
1261 2610 1420 2645 passionis,

48 2661 80 2684 ut
103 2656 224 2690 angelus
249 2656 279 2683 in
304 2657 391 2683 horto
418 2656 598 2683 salvatorem
622 2661 754 2683 nostrum
781 2656 935 2684 animavit.
971 2657 1081 2691 Quinto
1101 2661 1146 2683 est
1164 2655 1270 2683 similis
1288 2655 1320 2682 in
1338 2655 1419 2682 finali

48 2702 312 2735 consummatione,
328 2710 395 2728 nam
415 2700 534 2737 expleto
554 2700 601 2728 die
620 2709 679 2729 nox
697 2701 796 2728 vicina
815 2702 966 2735 successit,
984 2702 1015 2730 in
1034 2712 1091 2736 qua
1108 2701 1156 2729 vir
1166 2701 1221 2729 Dei
1232 2705 1301 2737 post
1314 2701 1418 2734 longas

1068 2756 1144 2791 60*
