1742 3005
342 90 437 142 Cap.
467 89 582 130 XLV.
646 91 706 129 De
734 97 863 129 sancto
896 88 1039 129 Mathia
1067 88 1257 141 apostolo,
1400 89 1481 129 185

95 191 284 231 Universae
316 196 425 240 igItur
455 197 574 231 euriae
606 196 720 241 Pylati
750 195 860 232 Judas
894 197 1094 241 praeficitur
1127 199 1162 231 et
1196 194 1242 231 ad
1264 196 1341 240 ejus
1364 200 1481 231 nutum

95 259 210 295 omnia
245 259 485 305 disponuntur.
557 260 714 302 Quadam
750 263 858 308 igitur
884 261 940 296 die
963 261 1106 307 Pylatus
1131 261 1173 296 de
1199 260 1331 306 palatio
1357 271 1420 295 suo
1446 263 1482 296 in

94 324 267 371 quoddam
291 328 504 370 pomoerium
540 329 735 372 aspiciens,
786 326 922 360 illorum
959 338 1138 372 pomorum
1170 330 1269 361 tanto
1306 326 1481 362 desiderio

94 394 216 436 eaptus
244 394 316 434 est,
364 395 402 426 ut
425 402 536 437 paene
561 391 708 427 deficere
734 391 921 426 videretur.
967 391 1053 426 Erat
1079 396 1192 427 autem
1224 392 1310 425 illud
1338 403 1480 436 pomoe-

94 456 181 490 rium
206 455 348 499 Ruben,
375 459 484 502 patris
508 457 640 499 Judae‚
668 456 730 491 sed
754 466 816 490 nee
840 455 949 491 Judas
976 460 1110 501 patrem
1135 466 1247 501 neque
1271 455 1391 491 Ruben
1417 457 1482 490 fili-

95 531 150 555 um
175 520 411 567 agnoscebat,
450 524 532 567 quia
556 525 590 556 et
613 521 734 556 Ruben
760 522 873 565 ipsum
900 520 954 555 his
979 521 1121 554 marinis
1146 520 1307 555 fluctibus
1333 523 1482 565 periisse

95 586 242 631 putabat
259 591 293 622 et
317 586 450 628 Judas‚
499 588 576 632 quis
602 590 704 631 pater
735 589 795 620 aut
821 596 910 631 quae
935 587 1052 631 patria
1075 595 1141 620 sua
1165 585 1293 628 suerit,
1343 588 1482 631 penitus

95 651 295 697 ignorabat.
341 651 483 697 Pylatus
508 653 628 696 itaque
651 652 822 685 accersito
835 651 926 686 Juda
950 652 1016 686 ait:
1041 655 1138 685 tanto
1157 651 1294 685 illorum
1312 651 1481 685 fruetuum

95 720 218 761 captus
243 727 316 750 sum
341 716 529 759 desiderio,
557 716 662 762 quod,
689 718 719 750 si
745 716 799 750 his
823 716 1010 750 frustratus
1037 716 1148 759 fuero,
1186 718 1345 761 spiritum
1372 716 1481 751 exha-

94 780 189 817 labo.
245 782 408 816 Concitus
434 783 543 828 igitur
567 781 676 817 Judas
703 783 737 815 in
762 783 975 827 pomoerium
1004 783 1129 816 insiliit
1154 786 1188 817 et
1213 782 1367 816 velocius
1391 781 1483 816 mala

94 848 219 891 carpit.
265 846 403 881 Interea
426 846 547 881 Ruhen
580 849 673 881 venit
698 851 732 882 et
754 847 876 882 Judam
903 847 995 881 mala
1019 858 1083 881 sua
1107 851 1305 892 carpentem
1329 848 1480 881 invenit:

98 911 235 947 sortiter
258 914 366 959 igitur
388 911 489 945 ambo
513 911 724 945 contendunt
757 916 789 946 et
809 913 931 957 jurgia
956 912 1216 957 superaddunt,
1259 916 1339 956 post
1360 913 1483 957 jurgia

97 981 245 1023 surgunt
267 977 311 1011 ad
340 977 488 1012 verbera
512 980 546 1011 et
568 978 694 1010 mutuis
723 987 760 1011 se
786 978 922 1022 injuriis
949 978 1150 1012 affecerunt.
1199 977 1354 1011 Tandem
1372 977 1482 1012 Judas

96 1042 216 1078 Ruben
241 1044 276 1076 in
302 1052 345 1077 ea
368 1047 489 1088 parte,
529 1051 599 1086 qua
622 1043 741 1076 cervix
765 1042 855 1076 collo
881 1044 1115 1085 connectitur,
1152 1042 1271 1087 lapide
1295 1044 1480 1087 percussit,

97 1109 230 1153 pariter
253 1112 288 1143 et
312 1107 448 1142 oceidit.
517 1106 624 1141 Poma
648 1108 756 1153 igitur
781 1107 921 1141 sustulit
947 1111 979 1142 et
1005 1107 1148 1152 Pylade,
1200 1107 1282 1153 quid
1303 1107 1481 1149 acciderit,

98 1174 286 1208 enarravit.
333 1172 410 1208 Jam
443 1171 499 1207 die
532 1172 719 1207 inclinante
753 1177 787 1207 et
821 1176 921 1206 nocte
954 1174 1221 1218 superveniente
1247 1171 1366 1207 Ruben
1391 1183 1482 1206 mor-

97 1242 177 1272 tuus
209 1239 384 1273 invenitur
416 1242 450 1272 et
482 1236 667 1272 subitanea
698 1243 808 1272 morte
842 1243 1052 1283 praeventus
1078 1248 1156 1272 esse
1185 1242 1348 1282 putatur,
1402 1242 1483 1272 tunc

99 1303 241 1348 Pylatus
268 1313 385 1338 omnes
411 1303 596 1337 facultates
621 1303 742 1337 Ruben
768 1303 880 1339 Judae
905 1302 1050 1336 tradidit
1074 1302 1313 1347 etCyboream
1339 1314 1480 1338 uxorem

99 1368 219 1403 Ruben
250 1370 434 1414 conjugem
467 1368 578 1404 Judae
615 1367 721 1402 dedit.
793 1367 950 1407 Quadam
983 1368 1091 1412 igitur
1124 1367 1180 1401 die
1212 1367 1289 1400 dum
1324 1366 1485 1412 (zyborea

100 1435 258 1479 graviter
282 1435 476 1478 suspiraret
501 1437 535 1467 et
557 1432 666 1467 Judas
693 1433 746 1465 vir
768 1433 863 1477 ejus,
906 1431 987 1477 quid
1012 1431 1176 1474 haberet,
1221 1432 1408 1477 diligenter
1431 1434 1484 1466 in—

100 1502 319 1544 terrogaret,
368 1498 430 1531 illa
453 1496 652 1541 respondit:
699 1495 767 1531 heu
795 1497 1037 1532 infelicissima
1063 1508 1136 1530 sum
1163 1500 1309 1530 omnium
1339 1498 1484 1531 semina-

100 1574 195 1612 rum,
249 1565 331 1608 quia
364 1562 569 1596 infantulum
604 1572 715 1597 meum
756 1564 897 1596 marinis
932 1561 1092 1596 {luctibus
1125 1563 1275 1596 immersi
1309 1566 1343 1596 et
1376 1563 1484 1596 virum

100 1639 211 1663 meum
235 1632 344 1663 morte
370 1632 595 1673 praeventum
620 1629 748 1669 inveni,
774 1627 836 1662 sed
864 1631 898 1662 et
922 1627 1035 1660 dolori
1062 1629 1188 1661 misere
1216 1627 1358 1672 Pylatus
1385 1627 1485 1661 addi-

102 1694 152 1727 dit
177 1693 353 1736 dolorem,
402 1695 460 1738 qui
484 1704 538 1727 me
561 1694 827 1728 moestissimam
862 1694 985 1738 nuptui
1015 1692 1160 1726 tradidit
1186 1698 1219 1727 et
1246 1693 1485 1726 invitissimam

101 1758 166 1793 tibi
189 1760 224 1792 in
247 1760 430 1804 conjugem
452 1759 641 1803 copulavit.
712 1759 865 1804 Cumque
896 1758 958 1792 illa
982 1760 1096 1792 omnia
1121 1758 1163 1793 de
1188 1758 1359 1792 infantulo
1385 1768 1487 1792 enar-

103 1827 218 1858 rasset
242 1828 276 1858 et
299 1823 409 1860 Judas
433 1824 516 1866 illa,
544 1834 634 1869 quae
658 1824 725 1858 sibi
751 1824 969 1865 acciderant,
996 1824 1193 1866 retulisset,
1220 1825 1394 1858 inventum
1421 1827 1485 1865 est,

104 1888 197 1933 quod
218 1888 328 1925 Judas
362 1893 505 1924 matrem
541 1900 638 1924 suam
663 1892 698 1923 in
722 1900 863 1924 uxorem
888 1889 1027 1924 duxerit
1053 1893 1088 1924 et
1111 1893 1244 1933 patrem
1272 1899 1369 1922 suum
1397 1890 1487 1922 ocei-

104 1953 205 1988 derit.
251 1954 470 1989 Poenitentia
492 1956 600 2000 igitur
624 1955 746 1989 ductus
773 1955 942 1990 suadente
968 1954 1129 1999 Cyborea
1147 1954 1319 1989 domiuum
1334 1957 1487 1988 nostrum

104 2018 221 2054 Jesum
246 2018 419 2053 Christum
447 2019 534 2054 adiit
557 2024 591 2055 et
614 2031 755 2054 suorum
779 2020 982 2054 delictorum
1009 2021 1141 2054 veniam
1162 2019 1373 2064 imploravit.
1399 2018 1489 2052 Huc-

105 2084 274 2128 usquein
309 2074 490 2129 praedicta
522 2084 680 2130 hystoria
710 2084 911 2130 apocrypha
935 2085 1086 2130 legitur,
1134 2094 1224 2130 quae
1258 2087 1369 2117 utrum
1402 2085 1490 2117 reci-

105 2148 213 2182 tanda
236 2150 301 2192 sit,
335 2150 476 2184 lectoris
503 2150 648 2184 arbitrio
673 2150 910 2195 relinquatur,
946 2150 1027 2184 licet
1052 2152 1099 2184 sit
1122 2151 1238 2194 potius
1264 2148 1493 2193 relinquenda

107 2223 208 2258 quam
233 2215 436 2265 asserenda.
490 2216 656 2250 Dominus
689 2220 802 2250 autem
830 2226 928 2250 suum
953 2226 1028 2250 eum
1054 2215 1137 2250 seeit
1160 2214 1365 2259 discipulum
1392 2217 1426 2248 et
1451 2213 1492 2248 de

107 2277 278 2323 discipulo
303 2281 337 2314 in
359 2291 456 2314 suum
482 2281 591 2326 elegit
611 2281 820 2326 apostolum,
849 2282 908 2326 qui
928 2280 1017 2316 adeo
1032 2280 1099 2315 sibi
1117 2280 1298 2314 familiaris
1313 2280 1446 2313 exstitit
1461 2283 1491 2312 et

108 2342 267 2385 dilectus,
291 2348 329 2378 ut
353 2355 429 2379 eum
455 2345 587 2380 faceret
609 2357 706 2380 suum
730 2350 991 2391 procuratorem
1006 2374 1014 2388 ,
1043 2356 1141 2390 quem
1166 2343 1384 2389 postmodum
1411 2354 1491 2387 per—

107 2408 187 2442 tulit
210 2419 307 2443 suum
332 2409 556 2453 proditorem.
603 2411 773 2446 Portabat
797 2413 885 2446 enim
910 2411 1045 2444 loculos
1075 2414 1110 2444 et
1134 2419 1198 2450 ea,
1241 2418 1329 2453 quae
1355 2407 1494 2442 Christo

109 2474 301 2517 dabantur,
355 2473 548 2509 furabatur.
618 2476 747 2511 Dolens
779 2487 863 2510 vero
898 2479 1055 2519 tempore
1085 2474 1278 2507 dominicae
1303 2473 1493 2517 passionis,

111 2538 203 2585 quod
226 2543 459 2585 unguentum,
488 2539 580 2585 quod
604 2543 779 2575 trecentos
805 2540 968 2586 denarios
993 2537 1154 2580 valebat,
1182 2548 1251 2571 non
1275 2537 1389 2571 suerat
1412 2547 1495 2571 ven-

111 2603 238 2646 ditum,
286 2608 324 2639 ut
346 2605 427 2639 illos
453 2606 556 2639 etiam
583 2604 746 2640 denarios
782 2605 980 2646 furaretur,
1026 2603 1114 2637 abiit
1139 2606 1173 2637 et
1197 2602 1369 2636 dominum
1393 2600 1495 2635 XXX

113 2668 265 2705 denariis
282 2670 458 2713 ,vendidit,
483 2681 628 2716 quorum
652 2671 891 2715 unusquisque
917 2667 1059 2704 valebat
1082 2667 1200 2703 decem
1226 2666 1390 2702 denarios
1414 2675 1496 2700 usu-
