1742 3005
288 147 370 187 606
473 147 568 195 Cap·
595 141 824 181 CXXXVII.
883 143 942 180 De
973 142 1209 180 exaltatione
1240 147 1394 180 sanctae
1425 141 1558 178 crucis.

286 247 421 285 DCXV.
458 246 678 292 permittente
713 243 852 279 domino
885 243 1061 290 flagellari
1089 244 1252 290 populum
1279 255 1376 280 suum
1402 256 1467 292 per
1491 246 1671 281 saevitiam

286 322 503 359 paganorum
519 338 527 354 ,
562 309 717 345 Cosdroe
743 320 803 344 rex
829 309 1013 344 Persarum
1046 311 1162 344 onmia
1186 321 1299 356 regna
1322 314 1497 346 terrarum*
1519 322 1582 346 suo
1607 313 1671 345 im-

284 380 384 424 perio
420 377 646 422 subjugavit,
687 375 882 410 Jerusalem
914 378 1028 409 autem
1067 377 1211 410 veniens
1251 386 1273 410 a
1314 376 1499 420 sepulchro
1542 377 1672 412 domini

282 444 426 479 territus
452 442 576 483 rediit,
604 442 668 476 sed
695 445 809 475 tamen
833 444 967 485 partem
993 445 1138 477 sanctae
1163 442 1296 483 crucis,
1329 451 1429 486 quam
1455 446 1578 476 sancta
1601 442 1670 477 He-

282 508 364 544 lena
389 508 518 542 ibidem
544 507 748 552 reliquerat,
776 508 986 551 asportavit.
1033 506 1164 541 Volens
1189 510 1303 540 autem
1330 506 1372 540 ab
1412 506 1569 540 omnibus
1604 507 1671 541 coli

282 579 320 609 ut
340 574 456 615 Deus,
491 574 612 606 turrim
646 584 688 607 ex
722 582 807 606 auro
845 576 879 606 et
909 576 1057 617 argento
1093 572 1382 606 interlucentibus
1415 573 1560 616 gemmis
1588 572 1672 606 fecit

284 645 318 675 et
343 639 471 674 ibidem
498 638 584 672 solis
612 642 646 672 et
670 638 774 671 lunae
799 641 833 671 et
858 637 1036 671 stellarum
1065 639 1235 682 imagines
1261 637 1464 679 collocavit,
1499 648 1562 681 per
1586 637 1671 671 sub-

281 705 363 740 tiles
384 706 487 739 etiam
505 708 610 748 atque
630 702 785 736 occultos
809 701 931 736 ductus
950 704 1049 748 quasi
1067 703 1160 737 Deus
1183 705 1348 747 ¹)aquam
1376 702 1530 747 desuper
1554 703 1672 737 inl'un-

282 769 389 805 debat
409 773 442 803 et
469 770 502 802 in
536 769 571 813 ²)
584 768 814 802 subterraneo
834 779 942 813 specu
960 770 1038 813 equi
1062 768 1253 814 quadrigas
1270 768 1452 802 trahentes
1471 769 1502 801 in
1523 770 1670 802 circuitu

279 835 398 878 ibant,
441 839 479 869 ut
518 835 620 880 quasi
660 835 783 868 turrim
816 838 995 868 moverent
1029 837 1063 867 et
1096 835 1284 867 tonitruum
1318 834 1533 868 simularent.
1580 833 1670 867 Filio

279 903 390 947 igitur
422 911 485 935 suo
523 911 632 946 regno
664 899 796 934 tradito
832 901 866 933 in
899 898 961 933 tali
988 899 1070 933 sano
1095 898 1265 943 profanus
1293 897 1427 933 residet
1450 902 1483 932 et
1504 900 1607 943 Juxta
1632 910 1669 934 se

281 977 417 1001 crucem
455 966 585 1000 domini
617 965 794 999 collocans
830 965 1003 1010 appellari
1035 964 1077 998 ab
1113 964 1272 997 omnibus
1299 973 1337 998 se
1362 963 1470 998 Deum
1494 964 1597 1008 jubet
1623 968 1669 1006 et,

280 1034 372 1066 sicut
396 1032 528 1076 legitur
552 1032 587 1064 in
612 1030 702 1064 libro
730 1030 773 1063 de
799 1031 928 1063 mitrali
954 1028 1090 1071 officio,
1115 1031 1192 1074 ipse
1219 1028 1374 1063 Cosdroe
1400 1029 1435 1062 in
1458 1028 1585 1063 throno
1613 1039 1670 1064 re-

279 1097 398 1132 sidens
433 1101 597 1140 tanquam
627 1099 729 1139 pater
761 1095 892 1140 lignum
924 1096 1038 1129 crucis
1073 1095 1143 1129 sibi
1173 1105 1193 1129 a
1225 1095 1358 1129 dextris
1393 1095 1557 1139 imposuit
1590 1095 1668 1130 loco

278 1162 341 1196 filii
369 1166 403 1196 ct
427 1161 559 1206 gallum
585 1171 607 1195 a
633 1162 786 1194 sinistris
813 1160 890 1194 loco
917 1161 1061 1204 spiritus
1088 1161 1212 1202 sancti,
1242 1170 1280 1194 se
1306 1170 1388 1193 vero
1407 1160 1516 1204 jussit
1535 1165 1667 1205 patrem

276 1228 462 1262 nominari.
511 1225 611 1260 Tunc
652 1225 814 1260 Eraclius
856 1226 1048 1270 imperator
1082 1227 1272 1260 exercitum
1307 1227 1486 1270 copiosum
1522 1226 1669 1272 collegit

278 1298 313 1329 ct
337 1297 460 1328 eontra
486 1291 591 1325 filium
620 1290 778 1325 Cosdroe
807 1291 913 1336 juxta
943 1289 1137 1324 Danubium
1173 1291 1312 1326 ssuvium
1344 1292 1568 1326 dimicaturus
1604 1292 1667 1327 ad-

274 1360 381 1394 venit.
431 1357 590 1393 Tandem
615 1358 774 1403 utrisque
800 1358 1017 1402 principibus
1042 1356 1195 1401 placuit,
1232 1360 1270 1391 ut
1302 1357 1372 1401 ipsi
1396 1367 1503 1401 super
1527 1362 1665 1402 pontem

275 1425 344 1460 soli
379 1422 630 1469 confligerent,
666 1427 699 1458 et
736 1425 795 1469 qui
830 1425 942 1458 victor
973 1424 1181 1465 exsisteret,
1219 1423 1295 1457 sine
1328 1421 1452 1456 damno
1484 1425 1666 1470 utriusque

276 1492 451 1525 exercitus
479 1490 660 1533 imperium
687 1491 886 1534 usurparet.
935 1488 1119 1524 Decretum
1139 1489 1242 1523 etiam
1263 1488 1360 1529 exiit,
1386 1491 1434 1530 ut,
1461 1489 1664 1536 quicumque

273 1557 468 1600 principem
504 1565 600 1588 suum
634 1555 762 1599 juvare
796 1559 1056 1600 praesumeret,
1094 1553 1254 1588 cruribus
1285 1555 1411 1588 excisis
1446 1558 1479 1588 et
1508 1554 1664 1590 brachiis

274 1621 319 1655 ob
345 1619 412 1655 hoe
438 1621 601 1654 continuo
629 1621 662 1653 in
689 1620 828 1654 flumine
854 1623 1084 1666 mergeretur.
1132 1619 1179 1654 At
1202 1618 1362 1654 Eraclius
1389 1623 1497 1654 totum
1525 1630 1564 1655 se
1590 1621 1663 1656 Deo

273 1686 400 1721 obtulit
425 1690 459 1721 et
483 1690 626 1720 sanctae
652 1688 743 1720 cruci
771 1686 978 1728 devotione,
1008 1695 1076 1731 qua
1100 1686 1234 1730 potuit,
1266 1685 1534 1722 commendavit.
1581 1686 1665 1721 Am-

271 1753 387 1788 bobus
432 1753 542 1797 igitur
577 1752 611 1785 in
647 1752 810 1785 conflictu
844 1751 1074 1793 durantibus,
1110 1750 1251 1785 Eraclio
1287 1751 1467 1785 victoriam
1502 1750 1662 1786 dominus

272 1818 420 1852 eontulit
446 1821 480 1851 et
509 1819 719 1851 contrarium
746 1818 932 1852 exercitum
959 1827 1021 1851 suo
1049 1818 1195 1860 imperio
1222 1816 1436 1861 subjugavit,
1462 1816 1551 1850 adeo
1568 1815 1662 1860 quod

269 1885 454 1917 universus
481 1882 632 1927 populus
661 1882 818 1916 Cosdroe
850 1881 930 1915 fidei
968 1881 1181 1914 christianae
1214 1890 1254 1914 se
1281 1880 1438 1914 subdidit
1462 1884 1496 1915 et
1524 1891 1660 1915 sacrum

269 1948 445 1992 baptisma
476 1949 642 1991 suscepit.
693 1945 851 1980 Cosdroe
887 1949 1001 1979 autem
1036 1944 1225 1990 ignorabat
1257 1946 1384 1979 exitum
1418 1945 1524 1988 belli,
1563 1949 1659 1991 quia,

271 2022 346 2047 cum
390 2013 434 2046 ab
475 2011 634 2046 omnibus
675 2011 896 2056 ³)odiretur,
937 2011 1004 2044 sibi
1039 2020 1060 2044 a
1091 2011 1225 2045 nemine
1262 2012 1451 2045 intimatur.
1499 2009 1658 2045 Eraclius

269 2082 383 2112 autem
421 2076 465 2110 ad
502 2087 575 2110 eum
614 2077 775 2121 pervenit
808 2076 908 2115 etin
935 2075 1061 2109 throno
1087 2085 1195 2109 aureo
1222 2086 1296 2110 eum
1323 2075 1447 2110 sedere
1475 2078 1657 2121 reperiens

270 2142 380 2178 eidem
413 2141 519 2175 dixit:
555 2142 638 2186 quia
669 2141 801 2186 lignum
839 2145 982 2176 sauctae
1009 2143 1120 2175 crucis
1148 2140 1337 2175 secundum
1362 2146 1455 2175 tuum
1483 2141 1657 2176 modulum

268 2207 473 2249 honorasti,
508 2207 539 2240 si
572 2206 780 2251 baptismum
817 2210 851 2241 et
878 2206 977 2241 tidem
1004 2206 1132 2241 Christi
1159 2209 1379 2250 susceperis,
1413 2206 1527 2240 adhuc
1552 2208 1656 2241 vitam

269 2277 304 2308 et
329 2282 472 2317 regnum
497 2273 618 2316 paneis
644 2281 664 2305 a
688 2276 722 2306 te
749 2274 904 2317 acceptis
938 2271 1122 2306 obsidibus
1149 2271 1346 2314 obtinebis,
1378 2273 1409 2306 si
1441 2274 1553 2306 autem
1590 2271 1656 2306 hoc

270 2337 414 2382 implere
448 2338 697 2379 contemseris,
734 2337 856 2383 gladio
894 2348 971 2371 meo
1005 2341 1040 2372 te
1074 2336 1194 2371 seriam
1231 2342 1265 2372 et
1296 2341 1400 2382 caput
1432 2341 1524 2371 tuum
1551 2347 1656 2382 prae-

271 2403 393 2437 cidam.
444 2401 525 2436 Cum
560 2403 668 2447 igitur
702 2401 762 2436 ille
795 2403 1022 2447 acquiescere
1061 2402 1191 2445 nollet,
1232 2407 1390 2437 extracto
1426 2402 1546 2448 gladio
1580 2413 1653 2437 enm

268 2469 408 2512 penitus
442 2467 651 2510 decollavit,
688 2472 722 2502 et
755 2469 838 2513 quia
871 2479 932 2504 rex
959 2468 1094 2511 suerat,
1130 2468 1284 2513 sepelire
1315 2469 1517 2513 praecepit,
1548 2467 1652 2501 fllium

269 2542 351 2567 vero
386 2543 483 2567 suum
510 2531 542 2566 X
576 2543 763 2576 annorum,
798 2545 897 2579 quem
933 2545 1007 2569 cum
1046 2544 1087 2569 eo
1122 2535 1271 2580 reperit,
1305 2533 1480 2578 baptizari
1513 2531 1594 2566 fecit
1620 2535 1655 2565 et

269 2596 310 2631 de
353 2607 459 2631 sacro
502 2596 599 2632 sonte
643 2600 754 2643 ipsum
799 2602 995 2645 suscipiens
1038 2610 1183 2646 regumn
1229 2603 1408 2644 paternum
1447 2597 1479 2630 ei
1511 2595 1651 2630 dimisit.

335 2694 363 2724 l)
384 2693 436 2719 lid.
455 2697 498 2722 Pr.
518 2704 641 2728 aquae
660 2696 755 2723 offert.
877 2698 906 2730 ’2)
925 2696 977 2725 Ed.
998 2700 1041 2724 Pr.
1060 2696 1148 2729 legit:
1169 2704 1321 2730 supi-ein
1331 2702 1359 2721 o.
1470 2694 1498 2725 3)
1518 2692 1570 2722 Ed.
1591 2697 1650 2720 Pin:

268 2734 503 2762 ador-ratur.
