1742 3005
397 85 490 135 Cap.
522 84 692 122 XLVIII.
753 85 809 120 De
841 91 969 120 sancta
1002 82 1160 134 Sophia.
1398 86 1476 123 203

85 190 119 222 tn
144 185 341 232 praesidem
368 192 403 222 et
426 189 461 222 iu
485 198 605 222 omnes
631 188 746 222 socios
784 188 860 232 ejus
896 188 1111 222 intraverunt
1143 193 1177 223 et
1203 188 1417 223 insanientes
1445 194 1478 224 et

85 253 251 286 latrantes
277 261 316 286 se
339 251 491 299 Longini
517 252 666 297 pedibus
694 257 958 298 prostraverunt
993 258 1026 288 et
1051 255 1101 288 ait
1123 253 1305 299 Longinus
1334 253 1476 289 daemo-

82 316 203 351 nibus:
228 328 290 352 cur
315 317 483 352 habitatis
511 320 546 352 in
572 318 716 363 ydolis?
751 319 816 359 Qui
844 319 1117 363 responderunt:
1142 320 1202 354 uhi
1225 331 1295 354 non
1319 321 1475 355 nentina-

84 388 138 417 tur
174 382 334 418 Christus
371 388 404 419 et
440 385 516 429 ejus
553 386 690 429 signum
726 395 795 418 non
828 388 880 419 est
910 385 1080 428 positum,
1134 386 1183 419 ibi
1216 390 1269 421 est
1300 385 1476 420 habitatio

81 453 213 484 nostra.
264 449 346 484 Cum
375 460 460 496 ergo
485 460 631 494 praeses
664 451 835 484 insaniret
867 453 900 483 et
936 449 1056 483 oculos
1092 452 1284 494 amisisset,
1331 452 1419 485 dixit
1444 453 1476 487 ei

83 514 282 560 Longinus:
309 517 395 549 scito
424 516 505 559 quia
529 516 645 548 sanari
666 525 736 548 non
763 515 917 558 poteris,
943 515 1010 548 nisi
1038 515 1176 560 quando
1203 527 1256 550 me
1282 516 1476 558 occideris;

83 590 182 625 quam
211 582 278 614 cito
305 582 392 615 enim
418 590 440 614 a.
465 584 500 614 te
528 584 682 613 mortuus
708 579 827 621 suero,
863 590 925 624 pro
950 584 984 614 te
1011 581 1119 615 orabo
1147 587 1181 616 ct
1202 583 1386 616 sanitatem
1410 582 1472 616 tibi

81 648 238 690 corporis
263 650 299 680 ct
322 648 456 680 animae
478 644 683 690 impetrabo.
733 643 775 678 Et
802 647 918 679 statim
945 657 1020 681 eum
1044 647 1213 682 decoliari
1234 648 1361 692 jussit:
1395 652 1476 692 post

83 710 146 745 hoc
172 711 260 745 abiit
291 711 335 746 ad
361 721 488 756 corpus
523 712 599 756 ejus
635 715 669 745 ct
695 716 891 755 prostratus
926 722 999 746 cum
1036 712 1189 747 lacrimis
1225 715 1474 758 poenitentiam

81 778 175 823 agiu
217 782 251 812 ct
276 778 438 812 continuo
466 779 574 812 visum
611 781 646 812 ct
677 778 860 811 sanitatem
888 780 1018 823 recepit
1046 783 1079 813 ct
1112 781 1146 814 in
1177 779 1280 814 bonis
1307 772 1473 824 operibus

80 843 181 877 vitam
208 844 326 878 linivit.

604 1126 729 1188 (ᾺΡ.
765 1127 956 1189 mlii.

134 1228 233 1271 De
274 1227 498 1272 saneta
527 1225 766 1281 Sophia
805 1228 871 1271 et
910 1225 1118 1271 tribus
1156 1226 1415 1273 filiabus

659 1292 879 1351 ej11s1).

166 1390 249 1425 Item
284 1396 480 1425 sanctarum
511 1393 688 1425 martirum
724 1391 878 1436 Sophiae
919 1395 953 1425 ct
987 1392 1090 1425 trium
1133 1390 1280 1425 filiarum
1317 1401 1469 1432 suarum,

77 1455 195 1498 Fidei,
238 1457 322 1501 Spei
369 1461 401 1491 et
444 1456 609 1490 Caritatis
649 1458 834 1490 niaximum
876 1457 1038 1502 tempium
1084 1456 1387 1502 Constantinopoli
1426 1458 1468 1491 ad

77 1527 231 1556 sanctam
257 1521 424 1566 Sophiam
451 1521 579 1555 dicitur
611 1526 645 1556 et
671 1523 747 1566 ipsa
783 1527 905 1556 sancta
933 1521 1066 1566 Sophia
1097 1526 1169 1556 tres
1206 1522 1295 1556 iilius
1329 1532 1411 1556 suas
1437 1523 1472 1556 in

78 1586 139 1621 Dei
162 1588 288 1621 timore
314 1589 493 1633 sapienter
518 1589 671 1621 nutrivit.
719 1587 833 1622 Prima
858 1587 922 1625 XI,
948 1587 1103 1621 secunda
1130 1586 1161 1620 X
1198 1591 1231 1621 et
1266 1588 1371 1621 tertia
1397 1587 1469 1622 vlu

76 1652 141 1686 fuit
164 1662 341 1686 annorum.
389 1652 491 1687 Venit
526 1664 611 1699 ergo
637 1652 778 1687 Romam
814 1658 847 1688 ct
872 1655 965 1687 omni
997 1653 1053 1688 die
1084 1653 1260 1687 dominica
1297 1653 1469 1688 ecclesias

75 1719 231 1752 xisitavit
255 1722 289 1752 et
312 1718 437 1752 multas
456 1718 595 1753 Christo
621 1723 797 1753 matronas
823 1718 1035 1754 lucrabatur.
1075 1719 1296 1753 Accusantur
1313 1719 1470 1754 Adriano

76 1788 110 1818 et
147 1794 266 1818 earum
309 1789 364 1818 est
391 1784 651 1829 pulchritudine
688 1787 740 1819 sic
775 1785 940 1823 allectus,
995 1790 1032 1819 ut
1076 1795 1136 1819 eas
1172 1786 1206 1819 in
1240 1785 1329 1820 filias
1365 1785 1471 1820 vellet

75 1849 256 1894 adoptare,
281 1860 382 1895 quem
403 1854 441 1884 ut
466 1849 577 1884 fimum
603 1851 765 1886 refutant.
814 1851 920 1887 Fides
947 1853 1057 1897 primo
1085 1861 1105 1885 a
1130 1850 1278 1885 XXXVI
1302 1850 1470 1885 militibus

75 1916 253 1959 caeditur,
282 1915 436 1951 secundo
466 1916 639 1951 mamillae
664 1918 848 1962 praecisae
874 1928 990 1952 coram
1019 1918 1152 1951 cunctis
1180 1916 1389 1959 evelluntur,
1415 1916 1472 1950 lac

51 2008 54 2009 γ
75 1981 118 2016 de
144 1981 366 2023 vulneribus,
402 1982 465 2016 sed
491 1982 534 2016 de
559 1983 721 2017 mamillis
746 1985 892 2030 sanguis
927 1983 1080 2029 profluit.
1131 1983 1287 2017 Clamant
1312 1982 1470 2016 videntes

76 2048 240 2093 injustum
267 2046 430 2081 Caesaris
452 2047 624 2092 judicium
659 2054 692 2083 ct
714 2050 815 2095 virgo
853 2049 1012 2095 gaudeus
1041 2049 1152 2083 eidem
1186 2050 1290 2083 etiam
1316 2047 1469 2081 insultat.

74 2113 197 2148 Tertio
223 2112 385 2148 candenti
413 2113 602 2147 craticulae
634 2114 753 2159 puella
777 2116 966 2160 imponitur
996 2114 1142 2155 illaesa,
1181 2117 1304 2159 quarto
1331 2114 1366 2146 in
1393 2123 1469 2147 sar-

74 2181 192 2225 tagine
218 2179 296 2214 oleo
324 2183 358 2214 et
391 2189 474 2214 cera
497 2179 602 2224 plena
626 2181 791 2223 mittitur,
836 2182 955 2227 quinto
986 2180 1132 2226 jubetur
1165 2179 1346 2214 decollari.
1395 2178 1469 2213 Ad-

74 2249 219 2279 vocatur
243 2247 347 2280 etiam
381 2255 484 2280 soror
508 2245 603 2280 illius
629 2246 739 2291 Spes,
772 2246 834 2281 sed
859 2257 928 2281 non
955 2247 1069 2291 potuit
1099 2245 1194 2280 flecti
1227 2244 1271 2278 ad
1296 2243 1472 2279 sacrificia

73 2310 266 2355 3‘dolorum.
307 2309 443 2344 Idcirco
471 2312 582 2355 primo
609 2313 645 2345 in
665 2311 854 2346 caldarium
879 2312 995 2357 adipe,
1023 2322 1106 2346 cera
1133 2315 1166 2346 et
1186 2312 1303 2345 resina
1331 2310 1470 2354 plenum

74 2376 241 2417 mittitur,
279 2385 300 2409 a
319 2385 386 2420 quo
413 2379 533 2420 guttae
547 2377 583 2421 2)
617 2376 822 2412 exhibentes
853 2378 1013 2412 infideles
1041 2376 1256 2412 cremabant:
1281 2375 1471 2409 novissime

69 2440 216 2486 jubetur
240 2439 360 2486 gladio
398 2443 638 2475 consummari.
702 2442 802 2476 Tunc
838 2448 948 2477 mater
977 2444 1117 2476 tertiam
1152 2441 1256 2474 filiam
1282 2440 1469 2474 Caritatem

74 2505 309 2545 confortabat,
339 2514 428 2550 quae
456 2514 531 2538 cum
548 2506 695 2550 parvula
722 2514 828 2549 esset,
854 2508 1014 2542 Adriano
1040 2508 1076 2540 in
1097 2506 1194 2540 nullo
1219 2505 1382 2540 adulatur
1405 2515 1471 2540 nec

73 2570 143 2605 sibi
168 2570 314 2606 obedire
339 2569 467 2611 voluit,
504 2579 612 2615 quare
641 2571 866 2615 impiissimus
889 2571 993 2617 jubet
1029 2581 1104 2606 eam
1129 2572 1240 2616 primo
1268 2559 1409 2606 extendi
1436 2575 1470 2605 ct

1052 2640 1070 2647 κ

141 2690 170 2723 1)
187 2692 266 2718 Haec
285 2689 413 2723 legenda
432 2691 518 2718 deest
537 2691 566 2718 in
586 2691 658 2719 edit.
677 2696 788 2720 recent.
861 2693 891 2725 2)
910 2691 1038 2720 sonasse
1058 2692 1216 2726 legendum
1236 2696 1435 2720 exeuntes.
