1742 3005
398 69 494 120 Cap.
527 71 694 108 CXXIV.
755 73 812 109 De
844 79 973 109 sancto
1006 71 1231 123 Augustino,
1428 75 1508 114 563

112 173 315 208 monachum
350 174 394 208 ab
427 174 543 209 officio
582 176 746 221 deposuit
782 182 816 212 et
849 178 924 213 dire
949 177 1089 213 afflixit.
1115 196 1155 202 —-
1181 196 1224 201 -
1250 196 1294 201 —
1328 181 1376 215 (3.
1402 179 1505 224 Apud

111 238 349 284 Burgundiam
379 242 411 274 in
438 244 674 284 monasterio,
711 242 803 288 quod
831 242 958 277 dicitur
980 242 1229 284 Fontanetum,
1260 247 1335 278 erat
1361 244 1500 289 quidam

109 304 323 347 monachus,
352 306 452 352 Hugo
478 310 639 349 nomine,
674 313 794 342 sancto
821 309 1020 353 Augustino
1048 308 1149 342 valde
1177 307 1346 351 devotus,
1384 311 1442 354 qui
1466 312 1500 344 in

109 370 185 414 ejus
211 373 350 415 scriptis
379 373 465 405 miro
493 372 670 407 desiderio
697 374 930 417 pascebatur,
958 384 1056 418 quem
1084 375 1186 407 etiam
1213 373 1337 408 crebra
1362 376 1498 420 suppli-

108 437 246 471 catione
275 442 487 483 rogaverat,
515 443 551 471 ut
577 439 686 481 ipsum
716 449 756 471 ex
784 438 849 471 hac
874 439 952 472 luce
977 439 1129 482 migrare
1154 448 1222 470 non
1250 439 1403 480 sineret,
1429 443 1498 475 nisi

109 501 143 534 in
176 501 232 536 die
267 512 352 537 suae
389 504 649 536 sacratissimae
683 502 941 536 sollemnitatis.
990 502 1071 546 Ipse
1096 503 1205 547 igitur
1227 501 1301 536 XV.
1334 503 1389 538 die
1417 510 1497 540 ante

108 565 234 600 festum
268 567 423 612 ejusdem
459 568 509 599 sic
545 567 661 610 coepit
695 566 791 600 duris
827 566 986 601 febribus
1016 572 1197 609 aestuare,
1232 573 1269 602 ut
1302 570 1336 603 in
1372 570 1497 615 vigilia

106 634 216 676 ipsius
243 643 348 676 super
371 631 508 665 humum
541 635 714 676 tamquam
750 634 901 667 moriens
937 638 1139 678 poneretur.
1185 632 1227 667 Et
1261 645 1343 669 ecce
1376 636 1496 679 plures

105 697 222 731 decori
249 706 289 730 ac
316 696 490 742 fulgentes
517 698 582 731 viri
610 699 725 731 amicti
752 698 842 732 albis
869 699 1052 733 ecclesiam
1079 699 1163 732 dicti
1188 702 1390 734 monasterii
1411 712 1494 745 pro-

103 762 349 796 cessionaliter
373 764 609 804 intraverunt,
646 774 733 808 qnos
760 765 975 809 sequebatur
999 764 1137 809 quidam
1163 766 1375 799 reverendus
1405 777 1493 811 pon-

101 826 288 862 tificalihus
325 829 524 873 insignitus,
575 828 720 868 Quidam
759 834 873 863 autem
914 829 1104 862 monachus
1143 831 1177 862 in
1218 830 1370 864 ecclesia
1406 842 1490 865 con-

102 895 230 928 sistens
256 892 322 927 hoc
345 893 466 928 videns
504 894 683 938 obstupuit
718 898 763 936 et,
799 895 937 938 quinam
965 898 1083 929 essent
1108 894 1162 928 vel
1190 905 1257 939 quo
1284 901 1487 941 pergerent,

100 959 295 1003 inquisivit.
344 959 405 993 Cui
431 969 518 992 unus
546 969 663 993 eorum
698 959 805 1002 (lixit,
844 959 936 1004 quod
971 964 1111 993 sanctus
1146 959 1365 1005 Augustinus
1395 967 1492 997 esset

100 1034 174 1058 cum
200 1026 273 1058 suis
300 1025 498 1065 canonicis,
534 1025 590 1069 qui
622 1024 666 1058 ad
693 1025 853 1059 devotum
881 1037 978 1059 suum
1008 1026 1208 1059 morientem
1236 1031 1419 1071 pergeret,
1453 1031 1491 1061 ut

101 1091 177 1135 ejus
213 1091 358 1123 animam
394 1088 439 1122 ad
476 1100 620 1135 regnum
656 1090 793 1135 gloriae
826 1090 1042 1135 deportaret.
1092 1090 1177 1125 Post
1202 1090 1269 1124 hoc
1296 1091 1359 1125 illa
1384 1103 1486 1127 reve-

98 1155 208 1190 renda
240 1156 421 1200 processio
459 1155 502 1189 ad
536 1156 757 1189 infirmarium
801 1157 1016 1201 ingredi1ur3
1056 1156 1114 1189 ubi
1160 1166 1234 1189 cum
1273 1156 1486 1201 aliquamdiu

98 1222 304 1262 mansisset,
333 1225 455 1255 saneta
480 1221 542 1254 illa
566 1223 680 1255 anima
706 1231 727 1255 a
754 1231 856 1256 carne
884 1222 999 1256 soluta
1028 1225 1100 1263 est,
1139 1231 1239 1266 quam
1266 1222 1375 1256 dulcis
1401 1225 1487 1256 ami-

97 1295 158 1320 cus
192 1290 226 1320 et
260 1286 304 1320 ab
342 1285 493 1320 hostium
528 1287 666 1320 insidiis
701 1297 861 1321 securam
898 1287 1049 1322 reddidit
1083 1290 1118 1320 et
1152 1286 1196 1320 ad
1236 1288 1325 1321 coeli
1355 1288 1487 1333 gaudia

98 1351 302 1385 introduxit.
328 1368 372 1376 -
396 1371 441 1376 —
467 1372 510 1379 —
536 1354 574 1387 ἵ.
599 1352 749 1397 Legitur
773 1363 931 1397 quoque,
959 1352 1072 1398 quod,
1105 1354 1183 1387 dum
1208 1353 1425 1398 Augustinus
1451 1356 1486 1388 in

96 1426 201 1450 carne
226 1417 358 1451 viveret
382 1421 416 1451 et
442 1416 611 1462 quaedam
638 1417 834 1462 relegeret,
867 1422 948 1452 ante
981 1428 1019 1452 se
1050 1420 1201 1452 transire
1231 1419 1315 1452 vidit
1340 1418 1483 1453 daemo-

94 1491 169 1515 nem
196 1481 320 1515 librum
347 1481 499 1516 humeris
527 1481 749 1527 bajulantem.
801 1483 865 1521 Qui
891 1483 934 1516 ab
962 1493 1002 1517 eo
1028 1485 1187 1527 protinus
1209 1483 1404 1528 adjuratur,
1432 1488 1481 1527 ut,

96 1556 186 1592 quae
221 1547 271 1580 ibi
302 1549 435 1591 scripta
468 1547 620 1589 lateant,
655 1547 723 1580 sibi
758 1548 897 1591 pandat.
949 1548 1013 1587 Qui
1046 1553 1190 1592 peccata
1215 1548 1388 1582 hominum
1414 1550 1482 1583 ihi—

95 1611 171 1646 dem
192 1622 270 1647 esse
287 1614 415 1647 asserit
433 1614 586 1657 scripta,
614 1622 703 1657 quae
724 1612 961 1658 undecumque
975 1613 1119 1659 collegit
1139 1618 1171 1647 et
1191 1616 1224 1648 in
1246 1625 1286 1648 eo
1310 1616 1478 1659 reposuit.

94 1677 249 1722 Moxque
275 1679 306 1712 ei
332 1679 524 1722 praecepit,
550 1681 599 1719 ut,
626 1679 656 1711 si
675 1678 808 1723 aliquid
834 1688 972 1712 suorum
999 1684 1221 1723 peccatorum
1248 1679 1297 1712 ibi
1316 1681 1482 1724 scriptum

93 1744 281 1784 retineret,
317 1742 384 1776 sibi
418 1742 605 1788 legendum
633 1744 795 1777 continuo
824 1744 1033 1778 manifestet.
1084 1744 1235 1779 Ostenso
1263 1749 1376 1779 autem
1402 1745 1480 1779 loco

92 1807 179 1841 nihil
202 1807 420 1853 Augustinus
446 1808 493 1841 ibi
519 1809 686 1852 scriptum
714 1810 864 1853 reperit,
901 1810 969 1842 nisi
995 1809 1086 1853 quod
1113 1810 1261 1854 quadam
1288 1812 1363 1844 vice
1388 1820 1482 1844 com·

91 1873 276 1918 pletorium
310 1884 352 1909 ex
385 1873 563 1908 oblivione
597 1873 748 1916 dimisit,
782 1875 1072 1919 praecipiensque
1104 1874 1276 1919 dyabolo,
1316 1879 1353 1908 ut
1383 1885 1481 1909 suum

91 1939 370 1982 praestolaretur
403 1939 606 1980 adventum,
642 1939 825 1974 ecelesiam
862 1944 916 1974 est
950 1941 1133 1985 ingressus
1160 1944 1194 1974 et
1219 1940 1481 1985 completorium

92 2002 219 2037 devote
245 2002 333 2036 dixit
358 2007 392 2037 et
417 2003 541 2037 solitas
570 2005 749 2038 orationes
777 2005 953 2048 complens
979 2006 1119 2049 peregit
1138 2015 1371 2050 reversusque
1393 2005 1482 2037 dixit

94 2069 144 2109 ei,
178 2071 216 2101 ut
252 2067 466 2111 praedic-tum
503 2067 615 2100 locum
654 2067 722 2100 sibi
748 2068 954 2102 ostenderet
978 2069 1099 2102 iterum
1125 2069 1364 2113 relegendum.
1415 2068 1478 2107 Qui

92 2133 170 2167 dum
195 2131 319 2166 erebro
345 2131 544 2167 revolveret
577 2135 611 2166 et
642 2131 780 2165 tandem
804 2131 917 2165 locum
942 2142 1086 2167 vacuum
1117 2134 1332 2177 reperisset,
1369 2133 1479 2166 iratus

93 2197 198 2231 dixit:
224 2198 375 2241 turpiter
405 2207 457 2231 me
480 2196 673 2241 decepisti,
706 2198 862 2241 poenitet
893 2208 966 2240 me,
1001 2198 1093 2242 quod
1126 2198 1251 2231 librum
1277 2207 1387 2231 meum
1413 2197 1480 2232 tibi

93 2262 243 2304 ostendi,
269 2264 352 2307 quia
368 2266 545 2306 peccatum
562 2266 655 2296 tuum
680 2264 874 2296 orationum
900 2266 1034 2297 tuarum
1060 2264 1188 2297 virtute
1214 2262 1388 2297 delevisti.
1437 2261 1480 2296 Et

93 2327 149 2361 his
183 2327 286 2360 dictis
319 2327 486 2361 confusus
524 2328 674 2362 evanuit.
701 2347 742 2352 —
767 2330 875 2352 —*—
912 2331 955 2365 S.
983 2328 1066 2362 Cum
1101 2327 1271 2373 quaedam
1306 2327 1431 2362 mulier
1457 2337 1479 2361 a

94 2391 303 2438 quibusdam
328 2392 514 2426 malitiosis
539 2393 701 2437 injuriam
726 2396 925 2437 pateretur,
963 2393 1025 2427 illa
1058 2392 1103 2426 ad
1135 2393 1274 2427 beatum
1309 2393 1479 2437 Augusti-

94 2469 172 2492 num
198 2458 365 2499 accessit,
401 2459 439 2490 ut
468 2466 576 2501 super
607 2456 675 2491 hoe
700 2458 776 2502 ejus
802 2457 984 2492 consilium
1010 2457 1224 2502 imploraret.
1275 2456 1371 2497 Quae
1404 2467 1479 2491 cum

94 2524 207 2568 ipsum
240 2523 435 2557 studentem
470 2523 663 2557 invenisset
699 2526 734 2557 et
758 2532 832 2557 eum
860 2526 1061 2557 reverenter
1085 2522 1298 2564 salutasset,
1333 2522 1394 2557 ille
1417 2531 1480 2556 nec

95 2587 140 2621 ad
177 2598 251 2622 eam
286 2588 444 2633 respexit
475 2597 541 2622 nec
565 2587 753 2633 quidquam
778 2587 848 2621 sibi
883 2587 1076 2632 respondit.
1127 2586 1294 2633 Cogitans
1319 2587 1401 2630 illa,
1439 2597 1482 2621 ne

97 2652 186 2687 l'orte
205 2652 249 2686 ob
269 2654 408 2687 nimiam
427 2654 645 2688 sanctitatem
665 2654 699 2687 in
721 2652 844 2687 faciem
865 2652 1020 2688 mulieris
1045 2652 1155 2687 nollet
1180 2652 1372 2694 intendere,
1399 2662 1483 2696 pro-

1115 2718 1161 2752 36
1187 2718 1204 2735 ''‘
