1742 3005
250 117 330 158 636
420 120 516 169 Cap.
549 119 722 156 CXLlll.
782 118 838 155 De
869 121 1006 156 sanctis
1040 121 1178 158 Cosma
1209 129 1246 159 et
1277 121 1480 159 Damiano,

249 227 419 265 mitteret,
447 224 498 256 ait
523 224 571 256 ei:
599 222 776 256 sufficiant
800 223 885 264 tihi,
912 223 1104 267 Cypriane,
1132 226 1187 268 hi,
1222 229 1279 272 qui
1306 227 1391 262 soris
1418 229 1515 268 sunt3
1550 226 1635 260 nihil

248 290 335 323 enim
362 288 494 332 poteris
520 287 692 322 adversus
715 287 899 322 ecclesiam
926 287 1004 331 Dei,
1028 290 1156 324 invicta
1181 295 1235 325 est
1253 293 1341 326 enim
1362 294 1471 326 virtus
1492 291 1633 327 Christi.

248 354 309 387 Cui
337 353 551 398 Cyprianus:
576 356 691 387 certus
718 363 803 395 sum,
831 354 912 398 quia
938 355 1069 388 invicta
1095 360 1148 389 est
1172 356 1281 390 virtus
1301 356 1443 398 Christi,
1468 366 1633 390 narrans-

246 428 334 463 que,
374 427 464 463 quae
498 418 566 452 sibi
599 417 818 462 acciderant,
857 419 900 454 ab
941 432 982 455 eo
1017 432 1056 456 se
1089 420 1261 465 baptizari
1296 421 1391 456 fecit.
1440 421 1504 461 Qui
1536 425 1633 466 post-

245 486 381 520 modum
415 489 485 518 tam
523 485 557 517 in
588 485 755 526 scientia,
809 496 910 530 quam
955 488 990 520 in
1036 488 1107 521 vita
1141 486 1243 521 valde
1278 486 1465 532 proficiens
1497 490 1632 520 mortuo

245 553 414 596 episcopo
449 551 527 595 ipse
561 551 595 583 in
631 550 832 595 episcopum
867 551 1050 587 ordinatus
1080 557 1155 595 est,
1187 552 1325 587 beatam
1354 562 1436 587 vero
1464 553 1632 597 virginem

243 617 415 652 Justinam
450 617 484 650 in
511 617 725 650 monasterio
758 618 876 660 posuit
901 621 935 651 et
960 618 1076 652 multis
1101 619 1214 652 sacris
1241 617 1438 664 virginibus
1464 627 1538 651 eam
1564 617 1631 652 ibi-

245 682 321 716 dem
348 684 383 716 in
408 681 626 716 abbatissam
659 680 841 725 praefecit.
891 682 1039 717 Sanetus
1073 688 1187 717 autem
1215 683 1407 728 Cyprianus
1432 683 1633 717 martiribus

245 747 414 791 epistolas
446 757 554 790 saepe
590 745 749 780 mittebat
795 750 829 780 et
871 757 932 781 eos
968 749 1001 781 in
1035 750 1223 783 certamine
1254 748 1460 786 roborabat.
1508 750 1633 783 Comes

243 817 358 847 autem
393 813 552 857 regionis
586 810 680 844 illius
718 810 865 845 audiens
901 812 1024 846 samam
1059 813 1223 858 C3'pi·iani
1257 818 1291 848 et
1314 814 1473 849 Justinae
1500 825 1560 849 eos
1587 814 1630 847 ad

243 888 281 913 se
308 878 529 922 praesentari
556 876 639 911 fecit
664 880 709 919 et,
744 886 787 910 an
814 876 1013 913 sacrificare
1042 879 1181 920 velient,
1216 880 1411 924 requisivit.
1463 879 1527 918 Qui
1554 878 1631 912 dum

242 946 275 977 in
300 943 367 978 fide
395 943 524 977 Christi
551 944 784 987 persisterent
811 942 918 985 firmi,
949 945 1059 989 jussit
1089 954 1150 978 eos
1186 945 1220 977 in
1255 946 1467 989 sartaginem
1495 944 1630 988 plenam

242 1020 344 1052 cera,
373 1011 450 1054 pice
477 1012 511 1043 ct
536 1008 640 1053 adipe
666 1009 747 1052 poni
765 1035 773 1050 ‚
802 1018 892 1053 quac
918 1013 1032 1044 tamen
1060 1011 1103 1044 iis
1131 1011 1250 1044 mirum
1280 1009 1502 1055 refrigerium
1529 1019 1631 1054 prae-

240 1078 330 1110 stitit
364 1085 428 1109 nec
460 1074 605 1119 aliquod
639 1074 846 1118 supplicium
877 1076 1059 1120 irrogavit.
1109 1075 1283 1110 Sacerdos
1310 1080 1423 1110 autem
1449 1075 1630 1120 ydolorum

241 1141 420 1187 praesecto
447 1141 553 1174 dixit:
585 1139 715 1185 jubeas
741 1151 793 1174 me
819 1144 899 1174 ante
925 1142 1138 1186 sartaginem
1165 1145 1260 1175 stare
1287 1145 1321 1175 et
1344 1141 1527 1175 confestim
1556 1143 1627 1175 vin-

242 1218 316 1242 cam
343 1218 477 1241 omnem
505 1207 665 1241 virtutem
696 1216 825 1240 eorum.
877 1207 958 1240 Cum
986 1216 1071 1251 ergo
1092 1208 1196 1251 juxta
1221 1208 1435 1251 sartaginem
1463 1208 1629 1249 venisset,

241 1274 349 1308 dixit:
378 1283 524 1317 magnus
555 1282 591 1307 es
618 1271 712 1306 Deus
739 1271 907 1306 Hercules
934 1276 969 1307 et
993 1276 1095 1316 pater
1117 1272 1265 1306 Deorum
1283 1272 1436 1317 Jupiter!
1485 1271 1528 1306 Et
1552 1283 1630 1307 ecee

241 1341 404 1375 continuo
432 1338 474 1373 de
503 1338 685 1383 sartagine
710 1339 804 1383 ignis
833 1339 939 1372 exivit
966 1341 1000 1371 et
1025 1338 1164 1382 penitus
1191 1348 1265 1371 eum
1294 1340 1493 1372 consumsit.
1531 1338 1631 1373 'l'unc

242 1407 435 1451 Cyprianus
470 1408 504 1438 et
538 1404 677 1439 ,lustina
712 1403 754 1438 de
791 1405 973 1449 sartagine
1010 1402 1240 1437 extrahuntur
1268 1407 1301 1437 et
1328 1402 1411 1437 data
1436 1414 1542 1448 snper
1568 1414 1628 1438 eos

239 1474 414 1508 sententia
446 1472 580 1515 pariter
615 1469 847 1504 decollantur.
896 1469 1022 1503 Horum
1058 1479 1209 1513 corpora
1244 1479 1316 1503 cum
1347 1473 1479 1513 septem
1505 1468 1650 1504 diebus⁴

239 1538 282 1572 ad
299 1548 403 1572 canes
422 1537 584 1581 projecta
602 1537 824 1578 mansissent,
846 1535 1065 1580 postmodum
1075 1534 1215 1569 Romam
1236 1535 1409 1569 translata
1429 1540 1520 1578 sunt,
1542 1546 1629 1570 nunc

240 1607 374 1645 autem,
408 1606 444 1636 ut
479 1602 627 1644 dicitur,
664 1602 867 1636 Placentiae
902 1604 1139 1646 requiescunt.
1189 1600 1291 1635 Passi
1327 1605 1406 1635 sunt
1438 1605 1550 1636 autem
1584 1600 1627 1637 Vl

239 1669 303 1703 cal.
332 1667 505 1704 Octobres
530 1669 623 1703 circa
650 1677 759 1702 annos
785 1667 914 1702 domini
942 1666 1142 1703 CCLXXX.
1172 1666 1236 1701 snb
1262 1666 1502 1712 llyocletiano.

662 1989 789 2051 GAP.
823 1988 1011 2050 exuli.
1049 1987 1203 2052 (1138.)

385 2093 482 2135 De
514 2088 754 2134 sanetis
785 2087 1012 2134 cosma
1049 2089 1115 2132 et
1145 2087 1478 2133 Damiano.

328 2199 473 2234 Cosmas
510 2199 635 2233 dicitnr
669 2208 689 2232 a
727 2207 886 2240 cosmos,
920 2197 1012 2242 quod
1045 2201 1098 2232 est
1133 2197 1245 2231 forma
1279 2197 1331 2231 vel
1359 2199 1514 2231 ornatus,
1564 2195 1624 2230 Vel

237 2264 424 2299 secundnm
466 2263 649 2297 Ysidorum
692 2273 830 2297 cosmos
873 2273 1002 2309 graece
1040 2262 1166 2297 dicitnr
1200 2262 1345 2296 mundns
1377 2261 1495 2296 latine.
1545 2261 1624 2295 Fuit

238 2332 327 2365 enim
363 2330 475 2363 forma
508 2329 588 2362 aliis
615 2330 648 2361 in
675 2328 888 2373 exemplum,
924 2332 1067 2362 ornatus
1101 2328 1291 2362 virtutibus
1325 2327 1444 2368 bonis,
1479 2326 1625 2361 mundns

238 2396 281 2430 ab
314 2395 473 2431 omnibus
508 2395 614 2428 vitiis.
664 2393 853 2428 Damianns
889 2394 1002 2428 (lictus
1029 2398 1082 2428 est
1107 2403 1128 2427 a
1163 2393 1283 2435 dama,
1320 2392 1468 2437 quadam
1498 2392 1623 2431 bestia.

239 2472 328 2507 qnae
354 2461 493 2495 humilis
523 2464 577 2495 est
609 2463 643 2494 et
668 2464 860 2495 mansueta.
908 2459 972 2494 Vel
999 2460 1186 2494 Damianns
1217 2469 1238 2492 a
1265 2458 1414 2504 dogma,
1447 2457 1539 2503 qnod
1572 2460 1623 2491 cst

239 2527 419 2569 doctrina,
454 2530 488 2561 et
526 2534 614 2568 ana,
655 2524 747 2570 quod
781 2529 834 2559 cst
866 2535 1021 2568 sursum,
1054 2525 1106 2560 vel
1145 2534 1167 2559 a
1204 2523 1398 2567 ¹)damum‚
1444 2522 1534 2568 qnod
1570 2526 1621 2555 est

240 2593 458 2626 sacrificinm.
509 2591 572 2626 Vel
609 2591 798 2625 Damianus
835 2592 935 2635 qnasi
968 2591 1096 2626 domini
1122 2601 1254 2632 manus.
1302 2589 1380 2634 lpse
1408 2588 1494 2622 enim
1526 2597 1620 2621 man-

309 2736 335 2767 1)
355 2737 404 2761 nv·
417 2739 473 2763 vni.
496 2736 587 2762 iii-ilci
615 2736 633 2762 d
644 2746 657 2761 a
668 2746 720 2763 mn
731 2746 747 2762 ii
760 2746 795 2762 in.
