1742 3005
217 65 295 103 §.50
513 68 608 113 (ssap,
642 62 814 99 XXXIII.
876 63 932 99 De
966 62 1295 111 quinquagesima,

217 172 379 214 quattuor
403 169 488 202 dies.
538 166 581 201 Et
605 168 728 200 iterum
754 163 872 200 clerici
898 163 1072 208 videntes,
1109 165 1202 210 qnod
1229 166 1318 200 sicut
1345 165 1603 211 praecedebant

218 234 380 280 populum
406 232 548 273 ordine,
584 232 633 265 lta
660 228 872 276 praecedere
897 228 1064 264 deberent
1089 232 1296 275 sanctitate,
1336 242 1399 277 per
1424 231 1511 266 duos
1539 233 1602 266 itev

218 310 288 334 rum
320 298 395 332 dies
430 300 510 331 ante
545 297 625 331 illos
659 299 825 342 quattuor
858 293 1035 329 abstinere
1061 298 1096 329 et
1114 295 1278 341 jejtniare
1302 298 1470 342 incipiunt
1495 301 1529 332 et
1555 298 1604 332 sic

219 374 286 398 nna
311 364 505 408 septimana
530 361 650 396 addita
670 365 736 404 est,
759 370 848 406 quae
873 364 907 394 et
933 361 1224 406 quinquagesima
1249 363 1457 406 nominatur,
1483 369 1516 397 et
1543 363 1605 398 hoc

220 440 313 476 papa
339 427 579 473 Telesphorus
605 426 801 467 ordinavit,
830 429 867 460 ut
893 426 943 460 ait
969 424 1186 463 Ambrosius.
1226 427 1307 462 Alia
1333 429 1423 462 ratio
1448 433 1501 463 est
1524 440 1606 474 prou

220 500 297 540 pter
321 494 632 541 significationem,
659 492 821 537 quoniam
847 492 1102 539 quinquaginta
1127 492 1302 537 signifieat
1325 497 1460 538 tempus
1486 496 1588 529 remis

220 562 342 602 sionis,
368 559 403 594 id
430 563 496 602 est,
521 562 657 603 tempus
680 558 929 603 poenitentiae,
958 559 992 590 in
1018 567 1087 602 qua
1110 559 1225 592 omnia
1248 560 1480 601 remittuntur,
1508 560 1604 604 quin-

222 627 447 672 quagesimus
472 626 561 659 enim
589 633 698 657 annus
725 626 800 657 erat
819 621 1021 667 jubilaeus,
1057 624 1115 668 qui
1141 628 1217 658 erat
1242 634 1352 660 annus
1378 626 1606 666 remissionis,

222 693 306 736 quia
330 695 411 725 tunc
437 689 557 724 debita
582 688 857 730 remittebantur,
883 688 976 722 servi
996 687 1237 724 liberabantur
1262 694 1296 725 et
1321 700 1438 725 omnes
1464 691 1509 724 ad
1526 700 1608 726 suas

224 757 468 800 possessiones
490 753 766 789 revertebantur.
816 752 883 787 Per
907 752 999 797 quod
1026 753 1302 798 significabatur,
1330 755 1423 801 quod
1447 766 1510 800 per
1525 766 1609 800 poe-

223 822 402 856 nitentiam
429 820 645 854 dimittuntur
678 817 797 853 debita
823 821 1041 862 peccatorum
1068 821 1103 852 et
1126 817 1321 854 liberantur
1345 830 1462 855 omnes
1490 830 1512 854 a
1535 831 1610 856 ser-

227 887 333 921 vitute
368 885 572 920 daemonum
606 887 641 919 et
674 886 897 919 revertuntur
931 882 975 917 ad
1001 885 1260 928 possessionem
1286 885 1488 920 coelestium
1516 896 1604 920 man-

225 952 371 986 sionum.
419 950 542 985 Tertia
567 950 657 984 ratio
683 952 736 985 est
763 952 908 994 propter
933 951 1311 994 repraesentationem,
1336 961 1414 985 nam
1441 953 1612 997 quinqua-

224 1018 360 1062 gesima
382 1027 451 1051 non
476 1016 586 1051 solum
611 1019 746 1060 tempus
771 1015 1007 1057 remissionis,
1057 1015 1119 1050 sed
1145 1017 1248 1051 etiam
1275 1020 1401 1051 statum
1423 1016 1607 1052 beatitudiv

227 1083 279 1116 nis
316 1085 571 1128 repraesentat.
630 1080 716 1115 Nam
751 1081 786 1114 in
820 1081 1110 1127 ‹piinquagesiino
1138 1091 1229 1115 anno
1255 1084 1349 1117 servi
1374 1083 1614 1118 efficiebantur

228 1148 351 1190 liberi,
386 1150 421 1181 in
449 1147 740 1192 quinquagesimo
767 1145 822 1180 die
847 1155 868 1179 a
893 1145 948 1180 die
974 1148 1057 1192 agni
1082 1146 1249 1180 immolati
1276 1147 1334 1182 lex
1360 1148 1444 1183 data
1468 1152 1541 1192 est,
1579 1150 1613 1182 in

228 1214 519 1260 quinquagesimo
545 1211 601 1246 die
619 1220 641 1246 a
666 1210 799 1256 pascha
824 1211 926 1246 datus
951 1215 1005 1247 est
1030 1213 1174 1257 spiritus
1195 1217 1359 1256 sanctus,
1385 1217 1419 1248 et
1445 1213 1524 1248 ideo
1550 1225 1611 1249 nu-

229 1290 344 1314 merus
367 1277 616 1314 beatitudinem
642 1280 896 1322 repraesentat,
926 1276 985 1311 ubi
1012 1281 1087 1311 erat
1111 1277 1253 1322 adeptio
1279 1278 1467 1322 libertatis,
1493 1280 1613 1325 cogni-

232 1346 278 1378 tio
317 1344 473 1380 veritatis
505 1346 540 1377 et
574 1342 745 1387 perfectio
779 1343 948 1377 caritatis.
1021 1342 1107 1377 Tria
1139 1347 1254 1378 autem
1289 1348 1368 1378 sunt
1401 1347 1615 1387 necessaria,

230 1394 321 1456 quae
351 1411 593 1455 proponuntur
624 1407 726 1442 nobis
750 1409 785 1442 in
810 1407 962 1453 epistola
989 1412 1023 1443 et
1047 1409 1079 1442 in
1115 1409 1299 1454 evangelio
1327 1409 1370 1444 ad
1397 1409 1485 1453 hoe,
1521 1410 1614 1456 quod

230 1486 340 1520 opera
365 1475 600 1520 poenitentiae
627 1477 706 1507 sunt
731 1472 910 1518 pei-secta,
947 1473 1080 1509 scilieet
1104 1475 1258 1518 caritas,
1292 1485 1382 1521 quae
1407 1478 1615 1521 proponitur

231 1544 264 1575 in
289 1540 460 1585 epistola,
487 1540 652 1574 memoria
677 1538 871 1573 dominicae
896 1540 1072 1583 passionis
1100 1542 1133 1574 et
1159 1539 1266 1583 fides,
1293 1551 1383 1585 quae
1408 1541 1615 1587 intelligitur

231 1617 294 1651 per
318 1606 601 1639 illuminationem
627 1605 734 1638 caeci.
781 1602 825 1638 Et
848 1603 935 1638 haec
954 1608 1128 1648 ponuntur
1151 1606 1186 1638 in
1209 1606 1408 1651 evangelio,
1436 1616 1512 1640 nam
1529 1606 1614 1641 fides

232 1674 310 1717 ipsa
336 1680 445 1716 opera
462 1671 545 1704 facit
560 1668 793 1713 acceptabilia
815 1672 848 1703 et
866 1669 1068 1713 placabilia,
1097 1671 1179 1714 quia
1204 1671 1278 1705 sine
1308 1671 1374 1706 lide
1399 1671 1615 1716 impossibile

231 1740 285 1772 est
298 1732 537 1781 plaeere‘l)e-0,
566 1736 732 1770 memoria
759 1733 951 1769 dominicae
970 1736 1146 1780 passionis
1161 1735 1243 1770 facit
1261 1746 1339 1771 esse
1357 1736 1486 1772 facilia.
1520 1736 1616 1772 Unde

232 1802 442 1848 Gregorius:
470 1803 499 1836 si
527 1802 646 1846 passio
663 1800 792 1834 Christi
816 1798 861 1834 ad
885 1802 1082 1834 memoriam
1107 1800 1295 1844 reducitur,
1322 1801 1407 1835 nihil
1433 1806 1498 1845 est,
1524 1802 1615 1847 quod

232 1878 298 1901 non
326 1878 438 1912 aequo
464 1868 578 1900 animo
604 1865 782 1901 toleretur.
829 1865 967 1900 Caritas
995 1866 1079 1900 facit
1106 1877 1185 1901 esse
1206 1868 1380 1910 continua,
1409 1868 1503 1912 quia,
1529 1868 1618 1901 sicut

233 1934 315 1967 dicit
342 1932 547 1978 Gregorius,
575 1942 672 1965 amor
698 1931 760 1966 Dei
788 1941 855 1964 non
880 1935 998 1975 potest
1023 1941 1102 1967 esse
1130 1933 1285 1974 otiosus,
1313 1936 1480 1977 operatur
1503 1936 1616 1967 autem

232 2008 380 2044 magna,
407 1999 437 2032 si
463 2000 535 2040 est,
570 1999 599 2031 si
627 2000 741 2030 autem
767 1998 907 2041 operari
933 1997 1102 2043 negligit,
1139 2006 1236 2031 amor
1260 2008 1327 2032 non
1353 2001 1416 2033 est.
1464 1996 1508 2033 Et
1531 1999 1619 2032 sieut

233 2066 265 2098 in
302 2065 472 2109 principio
499 2063 647 2099 ecclesia
681 2062 781 2107 quasi
815 2060 1007 2107 desperans
1043 2062 1273 2097 clamaverat:
1321 2062 1619 2098 clrcunnledernnt

233 2140 284 2164 me
311 2133 374 2163 etc.
404 2132 439 2163 et
462 2128 678 2174 postmodum
707 2126 750 2161 ad
778 2137 816 2161 se
841 2122 980 2162 rediens
1006 2127 1167 2173 atljuvari
1194 2127 1359 2172 petebat,
1392 2129 1443 2162 ita
1466 2127 1521 2162 hie
1544 2128 1616 2173 Jam

230 2197 401 2239 concepta
432 2194 558 2228 lidueia
589 2197 624 2228 et
650 2204 713 2239 spe
748 2194 870 2227 veniae
907 2196 1052 2237 propter
1079 2194 1326 2237 poenitentiam
1353 2196 1432 2227 orat
1456 2196 1490 2227 et
1516 2192 1617 2227 dicit:

232 2264 308 2295 esto
336 2259 417 2293 mihi
445 2261 477 2292 in
498 2259 603 2293 Deum
632 2261 862 2302 protectorem
888 2259 967 2300 etc.,
992 2256 1050 2291 ubi
1076 2261 1240 2303 quattuor
1266 2259 1364 2303 petit,
1388 2258 1522 2293 seilicet
1537 2268 1615 2303 pro-

234 2327 437 2366 tectionem,
490 2324 759 2364 firmamentum,
810 2322 981 2368 refugium
1005 2327 1039 2357 et
1064 2323 1234 2358 ducatum.
1292 2324 1419 2358 Omnes
1445 2325 1533 2358 enim
1559 2323 1617 2356 tilii

233 2393 284 2425 sui
312 2394 371 2424 aut
396 2394 475 2424 sunt
501 2391 533 2423 in
559 2390 677 2435 gratia
703 2393 762 2422 aut
789 2391 868 2422 sunt
893 2389 925 2421 in
950 2388 1052 2433 eulpa
1078 2393 1138 2423 aut
1162 2390 1194 2422 in
1221 2388 1379 2424 adversis
1404 2392 1464 2423 aut
1489 2390 1521 2423 in
1537 2399 1617 2434 pro-

233 2458 358 2501 speris.
395 2456 480 2498 Illis,
507 2456 565 2500 qui
591 2458 669 2488 sunt
688 2455 719 2487 in
736 2455 864 2499 gratia,
896 2454 983 2499 petit
1003 2454 1263 2497 firmamentum,
1291 2454 1524 2489 utscilicetin
1542 2454 1617 2498 ipsa

232 2523 349 2564 gratia
369 2521 633 2562 confirmentur-3
662 2520 752 2563 illis,
780 2521 837 2566 qui
863 2522 942 2554 sunt
966 2520 999 2554 in
1026 2520 1149 2565 eulpa,
1177 2521 1282 2565 petit,
1311 2524 1347 2554 ut
1372 2520 1463 2555 Deus
1488 2519 1534 2552 sit
1559 2528 1617 2552 eo>-

234 2597 302 2619 ιίιιιι
330 2587 522 2631 1·esugiuni;
549 2586 631 2627 illis,
660 2587 716 2631 qui
745 2574 824 2619 sunt
847 2586 880 2619 in
901 2584 1082 2628 adversis,
1109 2587 1196 2630 petit
1224 2585 1494 2631 protectionem,
1523 2589 1559 2617 nt
1584 2584 1618 2618 in

230 2652 314 2695 ipsis
330 2650 611 2684 u·itmtati‹›niims
624 2654 872 2696 protegantum
892 2651 974 2693 illis,
993 2651 1050 2697 qui
1064 2653 1142 2685 sunt
1155 2651 1188 2683 in
1199 2650 1391 2695 prosperis,
1409 2650 1495 2694 petit
1510 2649 1617 2684 ‹luca-
