1742 3005
149 104 246 153 Cap.
281 101 526 140 CXXXVlll.
583 102 641 139 De
671 108 803 138 sancto
833 101 1010 139 Johanne
1041 100 1326 150 Chrysostomo,
1383 98 1465 139 619

77 207 213 242 domum
255 205 379 242 diebus
423 216 464 242 ac
504 207 664 243 noctibus
705 209 873 243 muniens,
936 206 1111 242 Suadente
1157 208 1266 253 igitur
1305 207 1468 253 Augusta

75 273 234 318 episcopi
277 272 617 319 Constantinopolim
663 278 898 308 convenerunt
950 278 984 308 et
1032 277 1257 308 accusatores
1296 272 1466 308 Johannis

75 338 214 373 fortiter
236 340 400 373 insistere
418 344 619 384 coeperunt.
648 339 729 373 Cum
741 343 853 374 autem
866 339 1039 374 festivitas
1057 340 1183 373 natalis
1201 339 1329 373 domini
1343 349 1467 384 super-

73 405 245 446 venisset,
280 405 455 440 mandavit
481 407 670 450 imperator
693 404 865 446 Johanni,
902 406 1005 449 quia,
1042 407 1109 438 nisi
1136 407 1232 449 prius
1260 407 1462 439 criminibus

74 475 282 513 exueretur,
317 482 385 505 non
420 473 691 506 communicaret
724 470 849 504 eidem.
897 468 1063 513 Episcopi
1090 473 1203 503 autem
1231 470 1316 503 nihil
1343 475 1466 504 contra

74 546 149 570 eum
184 541 411 581 repererunt,
453 537 523 569 nisi
567 535 658 580 quod
699 539 779 579 post
824 534 1077 579 depositionem
1121 535 1277 569 residere
1312 537 1346 569 in
1381 538 1466 571 sede

74 602 269 646 episcopali
303 603 377 635 sine
415 601 555 635 decreto
580 599 720 634 concilii
746 601 1036 645 praesumsisset,
1080 604 1114 634 et
1139 602 1189 634 sic
1215 600 1467 635 damnaverunt

72 678 160 703 eum.
213 667 527 712 Appropinquante
560 665 698 700 tandem
740 666 977 701 sollemnitate
1017 666 1177 711 paschali
1218 666 1393 701 mandavit
1431 668 1464 702 ei

72 733 279 776 imperator,
314 743 383 766 non
415 742 521 776 posse
555 741 670 767 secum
705 733 741 766 in
775 732 927 767 ecclesia
962 742 1122 774 manere,
1167 742 1242 766 cum
1283 742 1358 766 eum
1394 732 1462 766 duo

71 797 220 833 concilia
255 798 560 834 condemnassent.
614 797 774 832 Vacabat
814 799 923 844 igitur
957 797 1136 832 Johannes
1177 802 1211 832 et
1244 808 1464 843 nequaquam

72 865 107 897 in
141 864 324 899 ecclesiam
357 863 603 898 descendebat.
651 864 722 906 llli,
755 865 817 909 qui.
845 864 997 899 Johanni
1032 863 1218 904 favebant,
1250 862 1463 898 Jobannitae

73 928 292 966 dicebantur.
338 930 423 964 Post
449 929 515 964 hoc
543 934 656 963 autem
681 931 873 973 imperator
895 928 1087 964 Joliannem
1114 928 1156 963 de
1173 930 1314 963 civitate
1333 929 1462 974 expelli

73 994 155 1030 fecit
182 1005 222 1029 ac
248 995 326 1030 duci
352 998 386 1030 in
411 996 580 1031 excidium
606 997 640 1028 in
673 994 846 1040 quandam
882 996 1056 1029 civitatem
1089 1005 1254 1039 parvam,
1285 994 1345 1028 ubi
1376 994 1462 1029 sines

72 1065 153 1095 sunt
177 1062 273 1106 ponti
299 1064 504 1107 imperiique
530 1061 697 1102 Romani,
731 1071 821 1106 quae
853 1060 932 1095 loca
963 1060 1165 1096 crudelibus
1195 1060 1356 1094 barbaris
1383 1065 1463 1094 sunt

72 1127 195 1161 vicina.
249 1127 319 1162 Sed
356 1127 506 1162 clemens
542 1127 700 1161 dominus
735 1138 804 1161 non
838 1127 997 1171 permisit
1031 1127 1089 1161 diu
1125 1128 1158 1160 in
1201 1126 1289 1160 locis
1329 1126 1461 1160 talibus

71 1191 237 1226 athletam
264 1203 360 1228 suum
385 1194 625 1229 fidelissimum
654 1194 871 1228 commorari.
920 1192 991 1227 Hoc
1024 1191 1244 1228 Innocentius
1270 1202 1362 1237 papa
1398 1203 1461 1227 au-

72 1257 172 1292 diens
199 1259 346 1295 moleste
373 1259 510 1295 serebat
535 1260 726 1306 volensque
754 1259 936 1294 concilium
968 1258 1167 1301 celebrare⁷
1203 1260 1344 1304 scripsit
1367 1258 1462 1294 clero

71 1323 482 1370 Constantinopolitano,
529 1337 572 1360 ne
604 1326 757 1361 Jobanni
792 1334 1031 1359 successorem
1065 1325 1215 1371 aliquem
1247 1326 1461 1361 ordinarent.

73 1388 155 1423 Cum
192 1391 302 1435 igitur
334 1390 442 1437 longo
478 1392 605 1426 suisset
639 1393 762 1426 itincre
798 1392 968 1436 fatigatus
995 1396 1028 1426 et
1054 1392 1176 1426 dolore
1204 1394 1329 1436 capitis
1357 1392 1461 1428 velie-

72 1456 284 1490 mentissime
309 1457 484 1490 cruciatus
519 1468 581 1491 nec
613 1468 681 1491 non
716 1462 750 1492 et
782 1457 941 1492 ardorem
967 1458 1053 1492 solis
1080 1457 1335 1493 intolerabilem
1361 1463 1462 1503 pate-

71 1525 187 1564 retur,
222 1525 347 1555 sancta
377 1522 440 1556 illa
473 1524 586 1557 anima
619 1525 652 1558 in
688 1524 849 1558 Cumanis
885 1523 973 1558 XIV.
1010 1524 1065 1558 die
1091 1524 1218 1557 mensis
1245 1524 1462 1568 Septembris

72 1597 91 1622 e
118 1597 224 1622 carne
258 1587 375 1622 soluta
406 1591 471 1622 est.
521 1588 596 1628 Quo
631 1589 793 1624 defuncto
828 1589 963 1635 grando
988 1589 1175 1624 vehemens
1200 1591 1235 1623 in
1262 1589 1461 1625 Constanti-

70 1652 225 1697 nopolim
250 1657 284 1687 et
308 1655 423 1687 omnia
447 1654 648 1689 suburbana
673 1655 876 1698 descendit,
902 1654 1098 1690 dicentibus
1125 1657 1278 1698 cunctis,
1305 1655 1371 1690 hoc
1398 1657 1462 1692 Dei

71 1718 253 1752 iracundia
277 1722 413 1764 gestum
431 1730 512 1754 esse
531 1730 585 1763 ee,
613 1720 707 1766 quod
726 1722 856 1766 injuste
875 1720 1054 1756 Jobannes
1077 1721 1182 1756 suerit
1199 1721 1462 1760 condemnatus.

72 1782 205 1824 Quibus
225 1784 343 1819 verbis
360 1784 461 1820 fidem
479 1785 564 1820 facit
588 1797 681 1821 mors
706 1787 891 1833 Augustae
916 1788 1075 1831 protinus
1101 1787 1308 1822 subsecuta:
1338 1794 1463 1834 quarta

69 1859 216 1895 namque
249 1849 304 1884 die
335 1855 418 1895 post
442 1852 648 1897 grandinem
681 1857 734 1888 est
759 1852 934 1887 defuncta.
982 1851 1122 1887 Mortuo
1149 1864 1287 1899 quoque
1313 1857 1461 1890 omnium

70 1914 213 1950 doctore
248 1919 420 1951 terrarum
453 1917 694 1953 occidentales
719 1919 877 1964 episcopi
904 1928 978 1952 cum
1004 1918 1234 1953 orientalibus
1261 1920 1460 1956 nullatcnus

70 1982 324 2015 communicare
355 1982 558 2026 voluerunt,
602 1983 712 2019 donee
751 1984 847 2018 illius
889 1985 1162 2018 sacratissimum
1201 1996 1327 2021 nomen
1370 1988 1462 2022 inter

70 2044 368 2090 praedecessores
400 2048 587 2091 episcopos
619 2054 822 2093 poneretur.
868 2048 994 2083 Verum
1026 2049 1253 2084 Theodosius
1295 2051 1460 2086 christia—

70 2110 235 2143 nissimus
268 2109 359 2143 tilius
395 2111 569 2165 praedicti
602 2112 768 2154 Arcadii,
803 2113 860 2157 qui
892 2113 948 2146 avi
983 2114 1038 2146 sui
1072 2123 1196 2147 nomen
1229 2118 1262 2148 et
1295 2116 1461 2159 pietatem

69 2174 224 2217 tenebat,
249 2184 370 2209 sacras
389 2174 493 2220 hujus
513 2175 665 2211 doctoris
686 2177 855 2222 reliquias
882 2178 915 2211 in
941 2188 1059 2213 mense
1082 2178 1250 2214 Januario
1278 2181 1312 2214 in
1328 2184 1459 2227 regiam

70 2241 246 2275 civitatem
271 2240 457 2275 transferri
482 2241 575 2277 fecit.
624 2244 687 2277 Cui
712 2243 935 2278 fidelissimus
961 2244 1112 2288 populus
1139 2254 1212 2278 eum
1237 2245 1459 2290 lampadibus

72 2309 106 2340 et
128 2307 240 2340 cereis
267 2306 433 2341 obviavit.
483 2306 708 2342 Theodosius
734 2313 848 2343 autem
881 2310 1088 2355 suppliciter
1115 2311 1191 2356 ejus
1219 2311 1376 2346 adorans
1401 2324 1458 2348 re-

69 2371 200 2416 liquias
235 2381 298 2415 pro
333 2371 486 2407 Arcadio
519 2377 554 2407 et
586 2372 748 2408 Eudoxia
779 2375 1001 2420 genitoribus
1026 2376 1258 2421 supplicavit,
1291 2382 1329 2410 nt
1354 2379 1457 2423 igno-

70 2440 189 2471 ranter
219 2436 503 2482 delinquentibus
534 2440 638 2473 venia
671 2438 945 2478 condonaretur.
1000 2440 1134 2474 Dudum
1171 2443 1259 2476 enim
1292 2447 1457 2487 parentes

70 2502 147 2547 ejus
172 2503 298 2536 mortui
323 2502 477 2540 fuerant.
523 2503 586 2539 Hie
612 2504 837 2539 Theodosius
864 2505 1155 2541 clementissimus
1187 2506 1253 2541 snit
1279 2508 1389 2551 adeo,
1422 2514 1458 2544 ut

71 2566 198 2602 nullum
226 2577 264 2603 se
289 2568 500 2603 laedentium
526 2571 628 2604 morti
661 2569 898 2616 adJudicaret‚
925 2571 1065 2606 dicens:
1096 2572 1227 2606 utinam
1254 2578 1350 2608 esset
1373 2574 1455 2609 mihi

70 2628 252 2677 possibile
272 2634 317 2668 ad
344 2635 451 2669 vitam
473 2637 576 2670 etiam
594 2639 747 2671 mortuos
762 2646 944 2672 revocare.
990 2634 1075 2682 Ejus
1096 2639 1193 2672 curia
1208 2642 1455 2675 monasterium

71 2696 269 2742 videbatur,
296 2701 482 2735 matutinas
510 2700 630 2736 laudes
659 2702 807 2748 agebat,
836 2702 977 2738 codices
1005 2703 1141 2738 divinos
1169 2704 1322 2750 legebat.
1372 2705 1455 2740 lluic
