1742 3005
281 112 305 149 4
642 112 735 160 (sap.
766 111 791 145 Ῐ.
860 110 916 146 De
948 108 1111 145 adventu
1142 109 1306 145 Domini.

287 219 393 263 igitur
419 216 508 250 tilius
536 215 589 248 dei
616 214 779 253 advenit,
831 223 931 257 quum
964 213 1065 246 homo
1100 213 1141 246 de
1176 214 1374 258 ignorantia
1409 217 1443 246 et
1466 214 1669 258 impotentia

287 285 463 317 eonvietus
488 281 549 314 l'uit
575 290 616 312 ne
648 280 677 311 si
706 279 795 311 t'orte
821 282 902 311 ante
927 278 1081 311 venisset
1107 276 1209 311 homo
1225 305 1232 319 ,
1273 279 1344 311 suis
1367 279 1498 312 meritis
1523 278 1668 312 salutem

286 347 501 383 adscriberet
527 349 560 379 et
586 344 664 378 ideo
691 342 880 377 medicinae
905 346 1027 388 gratus
1054 352 1120 375 non
1148 346 1254 376 esset.
1327 342 1485 377 Secundo
1511 348 1670 388 exparte

286 414 451 458 temporis
486 411 647 456 quoniam
683 410 776 443 xenit
809 409 843 440 in
878 406 1126 451 plenitudinem
1150 409 1318 452 temporis
1345 412 1409 443 etc.
1458 408 1571 443 Galat.
1596 408 1668 443 Vll.

289 481 330 515 At
363 478 420 512 ubi
457 478 551 511 veuit
586 474 764 520 plenitudo
798 474 965 517 temporis
999 476 1063 506 ete.
1119 472 1348 518 Augustinus.
1422 473 1523 508 Multi
1554 474 1669 508 dicunt

288 556 396 591 quare
422 554 489 577 non
516 545 595 575 ante
624 542 713 574 venit
732 539 903 580 (un-istus,
931 539 1011 583 quia
1038 539 1184 572 nondum
1210 543 1354 574 venerat
1379 539 1558 584 plenitudo
1584 544 1669 574 tem-

288 613 396 656 poris,
423 607 623 642 moderante
650 606 732 646 illo,
772 616 834 648 per
861 614 960 648 quem
987 604 1079 638 saeta
1105 608 1183 638 sunt
1208 606 1323 638 omnia
1348 609 1516 650 tempore.
1565 606 1669 640 Deni-

290 687 354 723 que
382 674 440 709 ubi
472 675 563 706 venit
590 670 769 716 plenitudo
796 671 975 714 temporis.
1049 670 1151 705 Venit
1180 671 1237 705 ille
1273 673 1331 715 qui
1364 682 1426 705 nos
1460 671 1623 705 liberavit
1649 682 1668 706 a

285 750 451 787 tempore.
508 737 664 772 Liberati
690 740 802 770 autem
829 746 849 769 a
872 740 1028 780 tempore
1056 738 1189 770 venturi
1224 747 1339 770 sumus
1367 737 1410 770 ad
1437 738 1529 771 illam
1557 742 1671 772 aeter—

288 811 442 842 nitatem,
470 803 527 837 ubi
554 803 683 836 nullum
710 805 763 835 est
790 806 936 846 tempus.
985 801 1105 836 Tertio
1131 813 1173 836 ex
1201 807 1300 846 parte
1328 803 1477 836 vulneris
1500 808 1534 837 et
1560 805 1670 837 morbi

288 870 507 908 universalis.
582 869 696 908 Quare
729 868 816 900 enim
843 867 980 912 ‹piaudo
1006 867 1144 901 morbus
1170 872 1246 902 erat
1271 869 1479 902 universalis
1504 874 1672 913 opportu-

290 950 365 973 num
394 937 454 970 suit
484 933 715 968 universalem
742 931 899 966 exhiberi
925 932 1137 967 medicinam.
1212 933 1305 968 Unde
1333 933 1415 967 ‹tn-it
1441 935 1670 979 Augustinus.

290 1004 388 1045 Quod
413 1007 492 1035 tune
518 1010 663 1045 magnus
689 999 785 1033 venit
808 998 973 1041 medicus,
999 998 1136 1044 quando
1152 1010 1214 1043 per
1227 1004 1334 1033 totum
1352 1000 1508 1033 mundum
1526 1010 1672 1045 magnus

286 1069 429 1115 jacebat
452 1071 631 1108 aegrotus.
689 1064 784 1098 Unde
807 1064 955 1098 ecelesia
983 1066 1016 1098 in
1041 1069 1171 1109 septem
1197 1065 1416 1109 antiphonis,
1470 1076 1558 1110 quae
1590 1076 1671 1100 ean-

290 1140 406 1170 tantur
430 1137 509 1167 aute
536 1131 752 1165 nativitatem
778 1130 918 1171 domini,
944 1130 1096 1164 ostendit
1122 1131 1408 1175 multiplicitatem
1431 1133 1482 1164 sui
1510 1132 1618 1165 morbi
1639 1136 1672 1166 et

292 1202 334 1236 ad
370 1198 559 1245 quemlihet
587 1197 676 1240 petit
708 1195 895 1230 remedium
930 1195 1064 1230 medici.
1135 1196 1259 1230 Autem
1292 1197 1463 1241 siquidem
1488 1197 1673 1232 adventum

292 1269 350 1301 filii
385 1266 439 1299 dei
473 1266 506 1298 in
540 1273 677 1297 earnem
704 1272 840 1296 eramus
865 1262 1067 1306 ignorantes
1097 1263 1171 1295 sive
1197 1264 1313 1305 caeci,
1373 1264 1495 1307 poenis
1522 1265 1674 1298 aeternis

292 1333 453 1379 obligati,
470 1331 560 1363 servi
576 1315 827 1370 ‹liaboli,1nala
840 1328 972 1371 peceati
993 1327 1550 1372 consuetudinejuncti‚teiiel)1·is
1565 1329 1673 1363 obvo-

292 1400 376 1437 luti,
403 1395 542 1431 exsules
570 1404 591 1428 a
613 1395 730 1438 patria
756 1392 905 1437 expulsi.
953 1391 1106 1437 Ideoque
1132 1392 1326 1437 indigemus
1353 1393 1514 1435 doctore,
1540 1394 1673 1429 redem-

295 1473 415 1508 ptore,
440 1460 653 1500 liberatore,
683 1458 869 1498 eduetore,
897 1457 1129 1492 illuminatore
1155 1461 1189 1491 et
1215 1458 1405 1493 salvatore.
1455 1460 1543 1500 Quia
1570 1462 1676 1507 igitur

294 1530 496 1574 ignorantes
531 1534 667 1559 eramus
695 1527 729 1557 et
754 1523 832 1557 ideo
857 1522 901 1556 ab
929 1523 1005 1566 ipso
1032 1522 1147 1556 doceri
1172 1522 1415 1568 indigebamus
1441 1530 1474 1558 et
1501 1525 1578 1560 ideo
1603 1530 1676 1560 sta-

294 1596 351 1628 tim
378 1595 411 1626 in
438 1592 549 1635 prima
573 1587 765 1633 antiphona
788 1588 994 1621 clamamus:
1030 1587 1057 1620 O
1084 1588 1257 1631 sapientia
1284 1599 1373 1633 quae
1399 1600 1439 1623 ex
1465 1601 1525 1625 ore
1545 1591 1675 1625 altissi-

297 1661 338 1693 mi
359 1657 506 1703 prodisti
524 1659 588 1689 ete.
625 1653 713 1687 Veni
733 1652 777 1687 ad
801 1652 988 1687 docendum
1015 1663 1077 1687 nos
1102 1654 1191 1686 viam
1218 1654 1435 1697 prudentiae.
1465 1656 1533 1690 Sed
1557 1666 1674 1701 parum

294 1724 491 1770 prodesset,
520 1723 546 1755 si
576 1720 777 1754 doceremur
803 1722 837 1753 et
860 1730 927 1752 non
952 1719 1210 1761 redimeremur,
1237 1724 1271 1754 ot
1296 1720 1374 1753 ideo
1401 1720 1444 1754 ab
1460 1722 1536 1765 ipso
1556 1722 1677 1756 redimi

298 1789 536 1835 postulamus,
567 1797 640 1820 eum
676 1787 708 1818 in
734 1784 888 1819 secunda
921 1784 1126 1819 clamamus:
1171 1785 1198 1819 Ο
1225 1784 1361 1829 adonay
1396 1791 1429 1819 et
1462 1786 1529 1821 dux
1556 1788 1676 1824 (lomus

298 1854 428 1889 israhel
458 1857 536 1891 ete,
564 1853 639 1886 veni
666 1851 709 1885 ad
737 1849 968 1884 redimendinn
995 1861 1058 1884 nos
1084 1852 1116 1884 in
1144 1850 1287 1885 brachio
1315 1856 1465 1887 extento.
1501 1854 1569 1888 Sed
1595 1855 1676 1899 quid

299 1920 503 1966 prodesset.
538 1919 567 1951 si
593 1927 747 1951 essemus
776 1916 865 1949 doeti
893 1919 926 1949 et
951 1915 1140 1960 redempti,
1175 1918 1202 1949 si
1231 1916 1342 1950 adhue
1364 1922 1443 1961 post
1468 1919 1677 1964 redemptio-

298 1997 370 2019 nem
397 1985 628 2018 detineremur
652 1983 794 2027 eaptivi,
819 1985 854 2015 et
878 1981 955 2014 ideo
982 1981 1124 2015 liberari
1149 1983 1307 2026 petimus,
1333 1994 1405 2016 eum
1434 1985 1467 2017 in
1489 1987 1594 2019 tertia
1606 1986 1678 2020 cla<

299 2061 446 2085 mamus:
475 2050 501 2083 t)
531 2049 630 2083 radix
654 2058 756 2093 >esse
782 2051 845 2081 ete.
895 2046 980 2081 Veni
1008 2046 1050 2080 ad
1076 2047 1291 2081 liberandum
1317 2059 1393 2091 nos,
1413 2050 1486 2094 jam
1514 2051 1583 2084 noli
1606 2055 1679 2085 tar-

299 2118 394 2150 dare.
457 2115 524 2149 Sed
553 2114 634 2160 quid
661 2113 845 2159 prodesset
868 2114 1016 2157 captivis
1033 2141 1040 2154 ,
1079 2114 1107 2146 si
1135 2118 1252 2147 essent
1277 2114 1445 2159 redempti
1471 2119 1504 2150 et
1527 2115 1678 2159 liberati,

299 2182 358 2215 sed
388 2186 498 2215 tamen
525 2180 672 2214 nondum
700 2183 817 2213 essent
841 2178 884 2213 ab
912 2180 1000 2212 omni
1029 2178 1164 2212 vinculo
1188 2178 1352 2221 absoluti,
1379 2184 1415 2213 ut
1441 2181 1571 2216 seilicet
1596 2192 1679 2217 suae

300 2248 485 2291 potestatis
513 2250 626 2279 esseut
657 2250 690 2279 et
714 2244 835 2287 libere,
878 2255 945 2289 quo
972 2244 1118 2285 rellent,
1146 2246 1195 2279 ire
1221 2249 1375 2289 possent.
1423 2245 1546 2280 Parum
1574 2248 1681 2293 igitur

303 2311 507 2355 prodesset,
545 2313 572 2344 si
600 2322 661 2345 nos
690 2310 893 2345 redemisset
918 2313 951 2344 et
977 2309 1182 2351 liberasset,
1218 2311 1246 2343 si
1271 2314 1384 2345 tamen
1411 2311 1523 2346 adhue
1547 2314 1679 2347 vinctos

302 2381 446 2410 teneret.
503 2376 545 2410 Et
573 2377 650 2409 ideo
675 2376 718 2410 ab
748 2375 906 2409 ominbus
936 2376 1069 2419 peceati
1095 2375 1239 2409 rint-ulis
1265 2375 1363 2410 educi
1390 2379 1557 2422 petimus,
1606 2388 1680 2412 cuni

302 2443 333 2474 in
364 2449 488 2486 quarta
513 2443 718 2476 clamamus:
768 2441 795 2475 ()
824 2442 932 2476 elatis
960 2439 1064 2474 david
1088 2444 1151 2475 ete.
1202 2441 1285 2475 Veni
1314 2446 1348 2476 et
1372 2442 1458 2477 educ
1484 2444 1615 2477 vinctos
1640 2443 1682 2478 de

304 2506 404 2539 domo
431 2509 593 2548 euri-eris,
620 2506 782 2541 sedentes
808 2509 841 2541 in
864 2507 1018 2542 tenebris
1045 2510 1079 2541 et
1102 2507 1224 2540 umbra
1249 2509 1380 2543 mortis,
1417 2508 1486 2543 Sed
1511 2510 1593 2553 quia
1617 2509 1680 2552 illi,

305 2572 360 2615 qni
389 2570 446 2604 din
474 2572 610 2605 suerunt
633 2573 664 2605 in
691 2582 851 2614 earcere,
899 2572 1029 2607 liabent
1053 2573 1172 2607 oculos
1199 2572 1398 2608 tenebratos
1424 2583 1485 2607 neo
1511 2573 1605 2607 clare
1632 2575 1682 2608 vi-

305 2636 386 2670 dere
416 2640 574 2679 possunt,
600 2635 678 2669 ideo
707 2642 785 2680 post
809 2639 1062 2673 absolutionem
1090 2648 1110 2672 a
1137 2649 1276 2673 earcere
1300 2641 1410 2673 restat
1429 2649 1491 2672 nos
1510 2648 1589 2673 esse
1604 2639 1681 2673 illu-

304 2700 500 2735 minandos.
530 2704 564 2731 ut
592 2699 784 2738 rideamus¹
815 2713 882 2747 quo
911 2705 961 2737 ire
986 2703 1184 2739 debeamus.
1233 2703 1276 2738 Et
1301 2703 1385 2750 ideo
1406 2705 1439 2737 iu
1466 2705 1583 2748 quinta
1610 2704 1681 2739 ela-
1731 2708 1732 2712 ’
