1742 3005
405 137 502 188 Cap.
536 137 701 176 CLXlX.
760 140 817 177 De
848 146 976 178 sancta
1002 141 1185 179 Caecilia.
1411 143 1489 183 773

103 240 260 285 suscepit
295 244 330 275 et
351 241 491 277 rediens
529 243 717 278 Caeciliam
751 254 825 278 cum
859 245 987 291 angelo
1022 245 1219 291 loquentem
1256 248 1291 280 in
1327 245 1488 284 cubiculo

103 307 245 341 invenit.
294 307 453 353 Angelus
488 312 601 344 autem
638 309 725 343 duas
761 320 911 345 coronas
945 322 987 345 ex
1022 313 1115 346 rosis
1153 316 1186 348 et
1210 312 1294 346 liliis
1326 312 1360 348 in
1385 323 1488 350 manu

101 371 257 408 habebat
290 378 324 409 et
357 384 458 408 unam
493 374 670 409 Caeciliae
704 379 738 409 et
769 376 915 410 alteram
951 376 1138 411 Valeriano
1175 377 1322 411 tradidit
1349 378 1486 414 dicens:

100 439 187 472 istas
226 450 376 475 coronas
402 442 620 476 immaculato
654 440 760 474 corde
785 445 820 474 et
843 440 969 474 mundo
997 451 1145 485 corpore
1172 442 1368 485 custodite,
1403 446 1486 489 quia

100 503 143 539 de
181 505 347 550 paradiso
378 506 442 541 Dei
477 516 538 541 eas
569 504 613 540 ad
646 516 708 539 vos
743 505 864 547 attuli,
899 516 963 539 nec
996 516 1144 551 unquam
1179 513 1395 542 marcescent
1421 520 1486 545 nec

100 570 243 605 odorem
269 572 427 605 amittent
450 581 514 606 nee
539 570 582 605 ab
611 571 712 612 aliis,
738 572 805 605 nisi
832 571 958 616 quibus
985 573 1130 606 castitas
1157 571 1347 616 placuerit,
1374 573 1485 610 videri

100 640 274 682 poterunt.
324 635 379 670 Tu
403 640 536 678 autem,
559 636 767 679 Valeriane,
791 638 872 682 quia
894 637 968 671 utili
998 637 1145 671 consilio
1170 637 1364 682 credidisti,
1390 644 1484 684 pete,

99 701 339 747 quodcumque
358 702 525 744 volueris,
554 706 588 737 et
610 704 852 748 consequeris.
901 702 963 737 Cui
985 701 1215 738 Valerianus:
1243 703 1328 739 nihil
1347 705 1432 739 mihi
1450 707 1483 740 in

95 766 162 801 hac
181 767 254 802 vita
269 768 405 802 exstitit
424 767 573 811 dulcius,
594 778 695 813 quam
713 769 834 802 unicus
854 767 973 802 fratris
993 770 1059 803 mei
1078 768 1239 812 affectus,
1263 774 1345 814 peto
1365 772 1483 817 igitur,

95 836 133 867 ut
157 836 192 868 et
217 834 396 868 veritatem
423 835 499 878 ipse
523 844 655 868 mecum
680 838 861 879 agnoscat.
912 834 974 867 Cui
1001 834 1167 879 angelus:
1202 834 1319 879 placet
1344 835 1483 872 domino

97 899 221 944 petitio
245 903 307 933 tua
331 903 365 933 et
391 898 493 934 ambo
518 910 592 933 cum
619 899 734 944 palma
759 900 905 933 martirii
931 899 976 933 ad
1001 899 1174 933 (lominum
1202 901 1363 937 venietis.
1398 901 1484 937 Post

94 964 161 998 lioc
202 965 384 1010 ingressus
425 964 606 1000 Tiburtius
643 965 752 999 l'rater
785 963 986 1007 Valeriani,
1026 975 1100 998 cum
1144 966 1283 999 nimium
1322 977 1481 1001 rosarum

94 1033 268 1066 sensisset
302 1030 463 1072 odorem,
500 1030 603 1065 dixit:
637 1031 762 1071 miror,
801 1029 867 1063 hoc
900 1034 1057 1075 tempore
1091 1042 1215 1066 roseus
1250 1031 1305 1066 hic
1336 1032 1425 1066 odor
1449 1038 1484 1069 et

95 1097 246 1132 liliorum
271 1096 364 1131 unde
390 1097 560 1141 respiret;
586 1106 662 1131 nam
693 1097 721 1130 si
753 1097 848 1140 ipsas
874 1106 975 1131 rosas
1000 1096 1052 1131 vel
1073 1097 1148 1132 lilia
1167 1099 1200 1132 in
1220 1098 1378 1132 manibus
1396 1100 1482 1134 meis

92 1167 259 1205 tenerem,
287 1172 352 1198 nee
377 1163 429 1196 sic
455 1166 618 1208 poterant
644 1161 871 1196 odoramenta
898 1166 1018 1197 tantae
1044 1162 1126 1196 mihi
1151 1165 1337 1198 suavitatis
1364 1165 1480 1199 insun-

91 1228 198 1271 dere3
223 1227 393 1263 confiteor
419 1228 541 1269 vobis,
570 1229 619 1262 ita
642 1237 717 1261 sum
744 1228 917 1269 resectum,
952 1232 989 1261 ut
1013 1233 1126 1272 putem
1152 1240 1206 1264 nie
1231 1233 1339 1264 totum
1365 1230 1481 1266 subito

91 1296 318 1332 immutatum.
375 1294 438 1329 Cui
474 1293 703 1330 Valerianus:
751 1303 899 1327 coronas
940 1293 1127 1338 habemus,
1171 1305 1258 1341 quas
1302 1297 1352 1329 tui
1388 1296 1481 1331 oculi

91 1360 212 1396 videre
237 1371 306 1394 non
331 1360 548 1404 praevalent,
575 1360 683 1394 ssoreo
708 1359 828 1394 colore
854 1363 888 1394 et
912 1360 1015 1394 niveo
1039 1360 1192 1395 candore
1219 1366 1417 1404 vernantes,
1446 1367 1480 1397 et

92 1427 183 1461 sicut
207 1436 261 1460 me
278 1426 532 1470 ‚interpellante
557 1425 700 1460 odorem
729 1427 890 1467 sensisti,
920 1426 972 1459 sic
996 1429 1042 1467 et,
1069 1427 1098 1459 si
1117 1426 1329 1470 credideris,
1357 1427 1492 1463 videre

89 1492 240 1527 valebis.
290 1491 353 1525 Cui
379 1491 583 1526 Tiburtius:
617 1492 651 1525 in
686 1493 816 1525 somnis
841 1491 907 1526 hoc
941 1491 1045 1525 audio
1088 1501 1132 1526 an
1165 1493 1198 1526 in
1228 1494 1377 1528 veritate
1410 1495 1479 1529 ista

89 1562 126 1593 tu
160 1557 340 1603 loqueris,
371 1556 590 1592 Valeriane?
639 1558 700 1592 Cui
736 1557 962 1592 Valerianus:
997 1559 1030 1590 in
1069 1559 1200 1592 somnis
1233 1569 1342 1604 usque
1373 1559 1477 1594 modo

89 1624 237 1666 suimus,
273 1622 337 1658 sed
364 1624 438 1668 Jam
477 1625 630 1658 nuncin
658 1625 807 1658 veritate
833 1633 1020 1658 manemus
1069 1623 1123 1658 Ad
1151 1635 1249 1669 quem
1277 1624 1478 1660 Tiburtius:

88 1690 180 1725 unde
205 1689 273 1724 hoc
296 1690 420 1725 nosti?
458 1688 502 1724 Et
526 1689 752 1725 Valerianus:
788 1689 936 1734 angelus
971 1688 1101 1723 domini
1129 1700 1182 1724 me
1207 1689 1342 1731 docuit,
1376 1701 1477 1736 quem

87 1760 126 1790 tu
151 1755 271 1791 videre
296 1756 450 1800 poteris,
484 1757 514 1790 si
547 1759 583 1790 tu
617 1754 818 1799 purificatus
852 1755 960 1789 fueris
988 1759 1022 1790 et
1046 1755 1206 1790 omnibus
1233 1756 1347 1800 ydolis
1373 1756 1478 1792 abre-

86 1823 318 1858 nuntiaveris.
364 1820 449 1855 Huic
472 1821 638 1856 miraculo
666 1821 708 1857 de
725 1822 865 1855 coronis
884 1830 1041 1856 rosarum
1062 1821 1269 1856 Ambrosius
1290 1826 1479 1856 attestatur

87 1888 123 1922 in
150 1887 373 1932 praefatione
398 1888 450 1922 sic
475 1887 615 1922 dicens:
644 1891 767 1922 sancta
792 1886 949 1921 Caecilia
975 1888 1024 1921 sic
1051 1887 1197 1922 coelesti
1223 1892 1277 1922 est
1302 1888 1392 1922 dono
1420 1899 1476 1924 re—

86 1953 201 1998 pleta,
235 1957 273 1988 ut
296 1954 444 1988 martirii
469 1953 618 1998 palmam
644 1956 859 1995 assumeret3
893 1954 1004 1997 ipsum
1030 1952 1191 1988 mundum
1221 1958 1276 1988 est
1296 1964 1371 1988 cum
1395 1953 1476 1988 tlia-

86 2019 188 2053 lamis
214 2023 418 2060 exsecrata;
446 2019 549 2053 testis
573 2023 628 2054 est
651 2018 829 2054 Valeriani
856 2019 1020 2064 conjiigis
1047 2025 1081 2053 et
1106 2018 1260 2053 Tiburtii
1286 2024 1479 2064 provocata

85 2083 285 2126 confessio,
320 2093 429 2128 quos,
464 2083 624 2126 domine,
663 2084 825 2129 angelica
852 2093 954 2118 manu
986 2083 1177 2118 odoriferis
1203 2083 1348 2118 ssoribus
1372 2094 1477 2118 coro-

86 2151 198 2191 nasti,
240 2150 336 2183 viros
370 2150 471 2195 virgo
506 2148 605 2183 duxit
635 2148 679 2182 ad
712 2148 875 2194 gloriam,
919 2148 1065 2183 mundus
1101 2150 1268 2195 agnovit,
1311 2153 1476 2194 quantum

86 2214 204 2250 valeat
224 2214 366 2250 devotio
387 2216 575 2250 castitatis.
623 2214 716 2249 Haec
732 2215 952 2250 Ambrosius.
1001 2213 1100 2249 Tunc
1119 2214 1274 2250 Caecilia
1295 2215 1478 2250 evidenter

87 2280 241 2316 ostendit
264 2281 316 2323 ei,
345 2281 462 2315 omnia
485 2280 590 2326 ydola
614 2291 693 2316 esse
719 2280 941 2315 insensibilia
968 2283 1002 2315 et
1027 2285 1131 2323 muta,
1157 2282 1207 2316 ita
1230 2285 1268 2316 ut
1292 2280 1477 2316 Tiburtius

87 2345 319 2390 responderet
342 2355 383 2380 ac
407 2346 556 2382 diceret:
588 2348 647 2392 qui
671 2348 742 2381 ista
766 2357 835 2381 non
858 2346 991 2390 credit,
1017 2354 1122 2392 pecus
1149 2351 1212 2382 est.
1262 2346 1364 2381 Tunc
1388 2346 1477 2381 Cae-

87 2410 171 2446 cilia
194 2409 357 2445 osculans
381 2416 502 2456 pectus
528 2414 605 2458 eJus
636 2412 741 2447 dixit:
769 2412 875 2448 hodie
898 2416 932 2447 te
961 2412 1076 2447 fateor
1100 2423 1209 2447 meum
1237 2422 1315 2447 esse
1342 2422 1476 2458 cogna-

85 2481 178 2519 tum,
218 2477 308 2511 sicut
342 2477 432 2511 enim
465 2487 563 2512 amor
587 2477 652 2512 Dei
679 2478 821 2513 fratrem
847 2482 941 2512 tuum
967 2477 1049 2512 mihi
1073 2479 1256 2524 conjugem
1287 2478 1389 2521 fecit,
1427 2479 1477 2513 ita

86 2546 122 2578 te
156 2541 241 2577 mihi
273 2538 458 2588 cognatum
498 2546 691 2577 contemtus
727 2544 834 2579 saciet
876 2543 1067 2588 ydolorum.
1115 2543 1216 2578 Vade
1253 2545 1362 2589 igitur
1398 2554 1475 2580 cum

87 2607 199 2644 fratre
232 2612 317 2649 tuo,
352 2611 390 2642 ut
423 2606 698 2652 purificationem
731 2610 884 2654 accipias
920 2612 955 2643 et
988 2608 1170 2654 angelicos
1204 2608 1317 2644 vultus
1353 2609 1476 2645 videre

89 2673 222 2709 valeas.
270 2674 434 2720 Dixitque
461 2672 645 2708 Tiburtius
671 2672 772 2708 fratri
798 2684 881 2709 suo:
914 2673 1064 2709 obsecro
1087 2677 1140 2718 te,
1168 2673 1296 2709 frater.
1331 2679 1368 2710 ut
1391 2675 1475 2709 mihi

89 2738 207 2782 dicas,
238 2738 284 2775 ad
321 2750 422 2784 quem
453 2750 506 2775 me
545 2739 710 2774 ducturus
746 2750 794 2776 es,
853 2739 916 2775 Cui
950 2739 1174 2777 Valerianus:
1215 2739 1262 2777 ad
1303 2739 1475 2777 Urbanum
1529 2771 1532 2774 ,
