1742 3005
328 85 411 129 ³754
597 89 696 139 Cap.
727 87 936 124 CLXVIH.
1005 87 1064 124 De
1096 92 1225 124 sancta
1254 81 1468 125 Elizabeth.

326 195 451 229 cuitum
470 193 681 238 peregiSset,
703 190 865 226 dicebat:
891 190 1044 225 sufficiat
1060 189 1160 225 vobis
1176 201 1265 225 unus
1285 193 1464 231 clreuitus,
1478 192 1550 236 jam
1569 193 1714 236 propter

325 259 432 293 Deum
459 258 551 291 alios
576 257 809 298 dimittamus,
845 260 881 291 et
908 258 959 291 sic
984 266 1048 301 per
1071 256 1175 291 talem
1200 256 1336 290 modum
1364 257 1500 301 puellas
1528 267 1550 291 a
1575 257 1712 291 vanita-

324 324 419 358 tibus
446 322 677 367 temperabat.
726 322 1019 358 Vestimcutorum
1052 321 1206 357 lascivos
1240 332 1324 356 usus
1361 328 1498 367 semper
1531 321 1716 358 abborruit

325 393 361 424 et
386 399 518 423 omnem
545 389 579 422 in
609 387 663 422 his
689 387 908 423 honestatem
931 388 1063 423 dilexit.
1115 388 1252 423 Certum
1280 375 1513 433 quoque'sibi
1538 397 1713 422 numerum

326 456 522 489 orationum
554 453 750 496 indixerat,
795 465 894 500 quem
934 455 965 488 si
998 453 1138 500 quando
1180 454 1300 499 aliqua
1334 455 1565 498 occupatione
1611 462 1715 497 prae-

325 524 429 555 venta
450 530 519 554 non
538 521 714 564 potuisset
733 519 900 565 perficere
924 524 957 554 et
977 519 1020 554 ab
1048 519 1184 554 ancillis
1210 519 1335 554 lectum
1358 518 1496 565 ingredi
1515 521 1713 564 cogeretur,

326 596 403 620 cum
427 585 571 620 coelesti
599 595 730 630 sponso
757 586 901 631 vigilias
927 585 1115 631 vigilanter
1146 585 1325 627 solvebat3
1362 585 1437 619 dies
1470 594 1587 630 quoqu
1640 583 1714 618 sol-

326 651 457 686 lemnes
491 651 611 695 puella
641 651 770 685 nobilis
804 656 903 686 tanta
936 651 1123 685 devotione
1159 651 1320 693 colebat,
1356 655 1393 684 ut
1424 652 1527 685 etiam
1563 651 1716 684 manicas

325 716 396 751 sibi
421 716 543 749 consui
568 716 665 749 nulla
688 717 825 751 ratione
862 720 1061 761 pateretur,
1098 720 1281 762 antequam
1315 718 1497 750 missarum
1531 716 1717 750 sollemnia

325 782 593 827 complerentur.
643 780 930 815 Chirothecarum
964 783 1065 815 etiam
1096 791 1182 815 usus
1215 786 1295 816 ante
1328 781 1505 816 meridiem
1533 783 1565 815 in
1590 780 1715 815 diebus

327 847 514 882 dominicis
540 847 608 881 sibi
634 847 829 889 interdixit,
855 847 976 881 volens
1004 847 1038 880 in
1064 847 1129 881 hoc
1155 851 1190 881 et
1217 857 1341 882 sacrae
1369 847 1508 881 deterre
1535 847 1714 881 sollemni-

326 914 393 947 tati
429 916 463 947 et
495 922 580 947 suae
616 913 827 948 satisfacere
861 912 1055 948 devotioni,
1108 912 1258 957 Propter
1290 912 1383 958 quod
1424 912 1531 946 solita
1562 915 1638 946 erat
1672 911 1717 945 ad

327 979 416 1013 haec
450 982 483 1013 et
517 979 646 1012 similia
678 988 716 1013 se
748 989 812 1023 per
845 982 959 1013 votum
997 978 1242 1024 adstringere,
1286 989 1329 1013 ne
1370 979 1448 1023 quis
1489 988 1563 1012 eam
1595 981 1717 1022 posset

327 1045 505 1089 aliquibus
539 1044 764 1078 suasionibus
797 1053 817 1077 a
848 1054 910 1078 suo
941 1045 1125 1089 proposito
1168 1054 1347 1079 revocare.
1404 1043 1564 1078 Officium
1600 1044 1714 1078 eccle-

327 1111 507 1144 siasticum
535 1108 703 1143 audiebat
729 1120 802 1143 eum
829 1113 928 1143 tanta
951 1111 1167 1153 reverentia,
1201 1113 1255 1152 ut,
1287 1120 1361 1143 cum
1385 1119 1488 1157 sacra
1513 1109 1717 1154 legerentur

328 1175 515 1221 evangelia
540 1175 593 1209 vel
619 1185 724 1209 sacra
747 1174 866 1209 hostia
890 1174 1137 1217 conficeretur,
1165 1177 1339 1216 manicas,
1373 1177 1403 1209 si
1432 1175 1521 1209 forte
1547 1178 1716 1209 consutae

328 1244 460 1283 essent,
490 1240 659 1282 solveret,
695 1240 839 1275 monilia
866 1240 1058 1285 deponeret
1086 1245 1121 1275 et
1150 1245 1291 1275 caetera
1317 1243 1443 1286 capitis
1462 1244 1665 1275 ornamenta
1683 1241 1716 1274 in

328 1309 396 1341 imo
414 1307 557 1341 locaret.
606 1307 653 1341 At
670 1306 729 1341 ubi
750 1306 896 1352 gradum
914 1307 1120 1352 virginalem
1140 1306 1331 1351 prudenter
1350 1308 1441 1341 rexit
1460 1310 1492 1341 et
1515 1307 1717 1340 innccenter

326 1374 522 1419 percurrit,
550 1372 770 1418 conjugalem
796 1372 945 1418 gradum
970 1373 1101 1407 intrare
1124 1372 1362 1417 compellitur,
1396 1375 1516 1416 utpote
1548 1381 1638 1417 quae
1671 1370 1716 1405 ad

327 1439 397 1474 hoc
424 1442 615 1484 ¹)paterno
644 1439 791 1483 imperio
826 1438 1039 1484 urgebatur,
1075 1438 1222 1473 fructum
1254 1441 1465 1483 perceptura
1488 1439 1716 1480 tricesimum,

328 1514 418 1551 quae
443 1504 543 1539 tidem
568 1505 736 1538 trinitatis
763 1506 917 1539 servavit
945 1507 1064 1547 ²)cum
1091 1504 1264 1552 decalogo
1295 1508 1573 1550 praeceptorum.
1624 1503 1716 1538 Con-

327 1572 440 1606 seusit
472 1571 580 1616 igitur
612 1570 694 1605 licet
728 1571 836 1605 invita
869 1572 903 1605 in
938 1571 1097 1616 copulam
1127 1571 1369 1617 conjugalem,
1406 1581 1475 1605 non
1508 1574 1546 1604 ut
1579 1569 1718 1603 libidini

327 1637 560 1677 consentiret,
588 1635 649 1671 sed
680 1646 721 1670 ne
747 1637 859 1680 patris
883 1640 1106 1681 praeceptum
1133 1641 1369 1671 contemneret
1394 1640 1427 1671 et
1452 1640 1489 1670 ut
1514 1635 1603 1669 filios
1630 1633 1717 1669 edu-

326 1701 459 1736 candos
485 1701 530 1735 ad
554 1701 620 1736 Dei
646 1703 825 1736 servitium
851 1706 1065 1747 procrearet.
1116 1702 1279 1742 Quamvis
1307 1703 1394 1737 euim
1422 1702 1525 1737 fuerit
1551 1702 1622 1747 legi
1645 1701 1715 1734 tori

328 1767 529 1812 conjugalis
556 1766 743 1810 adstricta,
780 1768 865 1802 nulli
896 1773 1013 1802 tamen
1046 1768 1273 1803 delectationi
1299 1768 1363 1803 suit
1390 1769 1562 1814 subJecta.
1614 1765 1714 1806 Quod

323 1833 407 1867 {nde
432 1833 617 1868 manifeste
642 1837 790 1875 constat,
817 1836 978 1878 quoniam
1006 1835 1040 1868 in
1064 1834 1223 1868 manibus
1250 1835 1409 1879 magistri
1428 1832 1579 1868 Com-adi
1599 1836 1713 1866 votum

327 1899 465 1940 emisit,
501 1898 612 1943 quod,
648 1899 686 1938 si
706 1899 778 1931 viro
804 1908 867 1932 suo
895 1908 968 1932 eam
996 1899 1223 1942 supervivere
1251 1900 1488 1944 contingeret,
1529 1899 1712 1933 continen-

325 1964 408 1997 tiam
433 1967 637 2008 perpetuam
664 1962 881 1997 observaret.
930 1962 1009 1997 Fuit
1043 1974 1129 2009 ergo
1165 1964 1364 2009 lantgravio
1398 1963 1618 2008 Thuringiae
1651 1972 1713 1996 so-

324 2029 418 2063 ciata
442 2028 630 2073 conjugio,
658 2033 760 2072 prout
785 2028 917 2073 regalis
946 2028 1157 2073 ³)exigebat
1182 2029 1439 2075 magnificentia
1467 2032 1500 2063 et
1524 2028 1713 2073 dispositio

325 2092 503 2127 ordinavit
528 2093 656 2135 divina,
682 2097 719 2128 ut
740 2089 873 2129 scilicet
894 2093 1021 2128 ibidem
1048 2094 1174 2129 multos
1199 2095 1243 2129 ad
1265 2095 1327 2130 Dei
1347 2105 1497 2129 amorem
1522 2093 1715 2129 adduceret

325 2163 360 2194 et
385 2159 533 2193 incultos
562 2159 719 2194 homines
748 2159 923 2194 edoceret.
971 2160 1072 2195 Licet
1089 2166 1202 2195 autem
1221 2161 1405 2195 nnitaverit
1425 2164 1551 2195 statum
1576 2161 1711 2201 mentis,

324 2235 391 2259 nou
412 2229 527 2259 tamen
546 2227 691 2259 inutavit
709 2227 832 2260 mentis
851 2226 1023 2262 affectum.
1074 2226 1230 2266 Quantae
1248 2231 1361 2262 autem
1389 2227 1493 2261 fucrit
1514 2226 1711 2262 devotionis

324 2295 361 2326 et
385 2289 638 2325 humiliationis
666 2291 711 2326 ad
739 2291 867 2334 Deum,
906 2296 1056 2337 quantae
1091 2294 1307 2327 austeritatis
1340 2297 1375 2328 et
1408 2292 1642 2327 abstinentiae
1666 2290 1711 2325 ad

324 2367 363 2391 se
388 2357 519 2401 ipsam,
549 2360 701 2401 quantae
728 2358 906 2403 largitatis
934 2361 968 2392 et
993 2358 1256 2393 misericordiae
1282 2358 1326 2392 ad
1353 2368 1547 2404 paupercS‚
1575 2368 1616 2393 ex
1642 2357 1708 2397 bis,

324 2431 415 2467 quae
449 2422 609 2468 subJecta
644 2426 739 2464 sunt,
779 2424 934 2468 apertius
969 2423 1181 2461 declaratur,
1237 2423 1323 2458 Nam
1358 2425 1392 2458 in
1433 2425 1592 2458 oratione
1622 2422 1710 2455 tanti

323 2489 458 2523 exstitit
483 2487 644 2530 serveris,
671 2492 708 2523 ut
728 2490 830 2524 etiam
855 2485 1001 2525 ancillas
1028 2490 1072 2525 ad
1097 2490 1280 2525 ecclesiam
1306 2489 1419 2536 gradu
1444 2490 1577 2523 concito
1603 2497 1708 2531 prae-

322 2555 478 2595 veniret,
511 2557 548 2588 ut
585 2556 686 2600 quasi
718 2554 926 2600 quibusdam
958 2556 1186 2592 clandestinis
1221 2556 1440 2591 orationibus
1467 2554 1616 2598 aliquam
1644 2552 1709 2588 Dei

368 2694 375 2720 1
393 2652 416 2680 Ι)
436 2651 487 2679 Ed.
507 2656 550 2681 l'r.
569 2653 733 2689 praemittit
753 2654 900 2682 throno.
1038 2655 1067 2687 2)
1087 2653 1140 2683 Ed.
1159 2657 1202 2683 Pr.
1223 2653 1294 2687 legit
1313 2653 1361 2681 in.
1496 2651 1524 2685 3)
1545 2650 1620 2678 Alii.-
1639 2660 1703 2678 ex-

323 2694 357 2721 hi
379 2704 411 2720 »e
423 2695 465 2721 ba
479 2700 497 2724 t.
