1742 3005
255 82 335 121 696
475 84 571 131 Cap.
604 81 734 116 CLVI.
795 81 851 115 De
884 87 1012 115 sancto
1043 80 1147 117 Luca
1178 83 1419 132 evangelista.

262 191 293 223 in
321 189 497 222 oratione,
537 196 609 219 cum
636 184 779 217 dicitur:
816 185 872 228 qui
901 185 1014 217 crucis
1041 184 1335 219 mortificationem
1359 187 1493 230 Jugiter
1518 186 1551 217 in
1578 194 1640 218 suo

262 261 409 295 corpore
428 261 490 294 pro
513 251 561 283 tui
577 250 724 283 nominis
742 258 860 283 amore
878 249 1039 293 portavit.
1090 248 1268 283 Discretus
1285 260 1347 293 per
1358 249 1641 285 moderationem,

264 315 352 350 unde
379 316 411 348 in
440 313 550 348 forma
578 313 678 348 bovis
706 317 915 347 monstratus
944 318 1017 355 est,
1047 315 1105 358 qui
1132 314 1296 359 ungulam
1322 314 1436 354 findit,
1467 324 1529 358 per
1553 313 1644 358 quod

265 382 374 414 virtus
396 379 617 415 discretionis
637 379 851 424 exprimitur.
878 377 1090 412 Fructuosus
1113 389 1174 423 per
1193 378 1489 418 aedificationen13
1517 378 1645 421 ¹)ade0

267 447 396 490 quippe
416 446 480 480 suit
491 447 658 490 proximis
672 445 883 487 fructuosus,
897 444 1041 490 quodab
1056 444 1213 478 omnibus
1226 445 1428 478 carissimus
1440 442 1647 484 habebatur,

266 510 358 545 unde
388 511 520 545 Coloss.
549 510 592 545 IV
618 515 762 545 vocatur
791 511 834 546 ab
861 510 1023 555 apostolo
1044 511 1265 544 carissimus:
1295 509 1424 544 salutat
1444 519 1505 542 vos
1522 509 1650 545 Lucas.

214 577 399 622 minquit,
426 576 579 611 medicus
608 577 821 610 carissimus.
872 576 995 611 Tertio
1026 575 1149 609 habult
1174 585 1311 610 sensum
1339 576 1442 619 pium,
1471 575 1553 619 quia
1578 584 1651 608 cre-

270 640 359 674 didit
386 645 418 675 et
446 643 477 675 in
504 652 566 676 suo
595 643 778 687 evangelio
799 641 980 686 professus
1006 646 1059 675 est
1082 640 1188 675 Deum
1209 651 1288 675 esse
1313 651 1442 675 suntme
1467 642 1653 684 potentem,

271 715 399 740 summe
416 708 621 751 sapientem,
648 717 777 741 summe
796 707 934 740 bonum.
970 707 1018 740 De
1037 706 1172 740 dnobus
1193 707 1311 750 primis
1329 706 1411 740 dicit
1430 707 1463 739 in
1480 704 1536 739 lv.
1559 704 1653 747 capi-

269 770 362 804 tulo:
388 770 577 815 stupebant
602 773 635 805 in
666 771 825 806 doctrina
843 773 931 816 eJus‚
960 773 1041 816 quia
1062 773 1095 804 in
1117 775 1291 815 potestate
1310 775 1383 805 erat
1403 780 1515 805 sermo
1534 769 1654 813 ipsius.

272 835 322 869 De
357 838 460 870 tertio
503 842 599 881 patet
632 836 750 871 XVIII.
796 836 966 881 capitulo:
1008 846 1105 870 nemo
1153 835 1263 869 bonus
1307 836 1371 868 nisi
1413 835 1509 868 solus
1552 833 1656 868 Deus.

276 899 407 940 Quarto
434 906 467 935 ct
494 901 611 936 ultimo
640 902 703 936 fuit
730 904 857 946 optime
884 901 1086 939 ordinatus,
1114 905 1276 946 quantum
1302 899 1345 934 ad
1373 910 1468 933 suum
1495 897 1658 938 officium,

277 966 369 1010 quod
403 966 468 1000 suit
499 967 655 1002 scribere
690 967 922 1013 evangelium.
971 966 1006 1000 In
1040 966 1104 1000 hoc
1131 971 1243 1000 autem
1269 970 1386 1011 patet,
1424 963 1576 1011 qualiter
1612 962 1660 996 ibi

278 1030 384 1064 suerit
416 1031 621 1073 ordinatus,
663 1034 822 1077 quoniam
862 1033 971 1076 ipsum
1009 1042 1104 1065 suum
1141 1032 1360 1078 evangelium
1389 1030 1529 1065 fulcitur
1557 1028 1661 1062 multa

278 1096 440 1137 veritate,
469 1097 665 1141 ²)repletur
682 1097 787 1130 multa
809 1098 971 1137 utilitate,
999 1096 1186 1132 decoratur
1201 1096 1308 1131 multa
1333 1099 1514 1131 venustate
1541 1098 1575 1129 et
1599 1104 1661 1128 au-

279 1158 493 1194 thenticatur
530 1162 710 1195 multorum
757 1164 976 1197 auctoritate.
1035 1162 1148 1197 Primo
1187 1172 1335 1206 namque
1375 1161 1517 1195 fulcitur
1559 1159 1664 1192 multa

281 1226 438 1260 veritate.
489 1225 552 1260 Est
587 1232 699 1262 autem
737 1227 865 1272 triplex
908 1229 1061 1269 veritaS,
1103 1228 1237 1262 scilicet
1282 1228 1394 1267 vitae,
1429 1226 1590 1270 j11stitiae
1632 1228 1665 1258 et

280 1288 470 1326 doctrinae.
522 1291 661 1328 Veritas
688 1295 779 1327 vitae
805 1298 858 1328 est
885 1293 1096 1338 adaequatio
1125 1302 1243 1326 manus
1271 1291 1313 1326 ad
1340 1291 1506 1335 linguam,
1537 1291 1665 1324 veritas

277 1356 438 1398 Justitiae
473 1362 525 1391 est
558 1358 769 1404 adaequatio
804 1360 999 1393 sententiae
1033 1358 1270 1399 adeansam,
1316 1357 1444 1391 veritas
1485 1354 1666 1388 doctrinae

281 1419 494 1466 adaequatio
521 1428 573 1458 est
601 1426 649 1458 rei
676 1423 730 1474 ad¹
748 1424 969 1458 intellectum.
1019 1423 1089 1458 Hac
1113 1423 1244 1468 triplici
1267 1423 1413 1457 veritate
1431 1422 1540 1465 ipsum
1561 1428 1665 1454 evan-

282 1486 411 1530 gelium
431 1488 581 1529 fulcitur,
610 1492 691 1535 quia
708 1492 740 1524 in
758 1492 835 1535 ipso
857 1489 1043 1535 evangelio
1067 1489 1154 1524 haec
1174 1488 1302 1533 triplex
1330 1488 1460 1522 veritas
1489 1484 1665 1520 edocetur.

285 1548 447 1584 Ostendit
474 1555 560 1587 enim
586 1555 719 1597 Lucas,
758 1555 932 1590 Christum
958 1554 1046 1589 hanc
1077 1554 1250 1599 triplicem
1274 1554 1454 1588 veritatem
1481 1552 1516 1584 in
1540 1560 1579 1584 se
1605 1549 1666 1584 ha-

285 1614 403 1650 buisse
424 1621 457 1650 et
474 1617 563 1651 alios
582 1618 755 1654 docuisse.
787 1620 950 1655 Ostendit
963 1624 1077 1654 autem
1095 1619 1268 1654 Christum
1286 1618 1373 1652 hanc
1388 1617 1560 1661 triplicem
1578 1616 1667 1650 veri-

286 1684 390 1715 tatem
412 1681 579 1718 habuisse
599 1694 661 1728 per
681 1685 914 1718 testimonium
936 1684 1230 1727 adversariorum,
1260 1685 1348 1718 sieut
1368 1669 1465 1728 patet
1482 1682 1567 1716 Luc.
1587 1680 1670 1714 XX:

286 1747 465 1791 magister,
492 1750 631 1789 seimus,
660 1750 741 1794 quia
767 1753 861 1784 recte
881 1749 968 1783 dieis
997 1755 1031 1783 et
1059 1750 1187 1791 doces;
1212 1758 1295 1784 eece
1322 1749 1451 1783 veritas
1477 1746 1668 1780 doctrinae.

286 1808 327 1844 Et
358 1822 425 1845 non
457 1815 588 1858 accipis
620 1824 822 1858 personam3
863 1824 941 1848 ecce
975 1816 1104 1848 veritas
1133 1815 1304 1858 justitiae.
1354 1811 1423 1846 Sed
1457 1812 1491 1844 in
1525 1810 1670 1844 veritate

288 1877 375 1909 viam
392 1876 456 1911 Dei
482 1878 604 1923 doces;
631 1890 712 1914 ecce
734 1881 863 1914 veritas
890 1880 994 1913 vitae.
1044 1878 1140 1912 Bona
1161 1879 1248 1913 enim
1276 1878 1347 1910 vita
1375 1876 1500 1909 dicitur
1524 1875 1580 1907 via
1594 1873 1669 1908 Dei.

286 1940 447 1975 Secundo
471 1944 666 1978 ostenditur
685 1946 716 1978 in
733 1946 810 1989 ipso
828 1955 891 1978 suo
912 1944 1108 1989 evangelio,
1129 1944 1300 1977 Christum
1318 1941 1407 1975 hane
1425 1939 1595 1984 triplicem
1614 1948 1667 1972 ve-

287 2006 422 2040 ritatem
441 2007 615 2046 docuisse.
663 2009 776 2043 Primo
797 2011 884 2043 enim
902 2009 1028 2042 ibidem
1044 2008 1189 2042 docetur
1207 2008 1336 2041 veritas
1356 2008 1458 2046 vitae,
1478 2013 1566 2049 quae
1588 2012 1669 2036 con-

289 2071 381 2104 sistit
406 2072 436 2104 in
460 2071 707 2108 observatione
728 2073 965 2107 mandatorum
984 2073 1059 2107 Dei.
1102 2072 1199 2107 Unde
1215 2071 1342 2105 dicitur
1357 2070 1398 2105 X.
1417 2079 1510 2113 cap:
1545 2067 1672 2113 diliges

286 2134 575 2171 dominumlleum
593 2142 656 2172 etc.
680 2137 743 2171 hoc
757 2138 823 2179 sae,
844 2139 984 2172 etvives
1022 2136 1242 2172 ItemXVlll:
1265 2135 1580 2180 interrogaviteum
1597 2133 1673 2177 qui-

287 2199 364 2233 dam
385 2202 548 2246 princeps
561 2203 693 2244 dicens,
717 2205 883 2248 iiiagister
901 2202 1002 2243 bone,
1023 2202 1103 2246 quid
1122 2202 1254 2236 faciens
1274 2202 1377 2234 vitam
1398 2203 1573 2234 aeternam
1591 2208 1671 2241 pos-

287 2264 441 2299 sidebo?
472 2265 700 2311 Etsequitur:
722 2268 882 2301 mandata
894 2269 999 2310 nosti,
1030 2278 1097 2301 non
1115 2266 1254 2301 occides
1271 2271 1336 2300 ete.
1371 2263 1531 2299 Secundo
1544 2264 1672 2297 veritas

288 2328 482 2366 doctrinae.
528 2331 624 2366 Unde
649 2332 854 2376 quibusdam
883 2332 969 2365 hanc
992 2333 1171 2366 veritatem
1193 2331 1372 2365 doetrinae
1395 2328 1672 2374 pervertentibus

288 2393 427 2428 dicebat
453 2395 510 2430 xt.
537 2406 636 2440 cap:
665 2396 751 2432 vach
781 2397 879 2431 vobis
907 2396 1127 2438 Pharisaeis,
1159 2397 1215 2441 qui
1242 2395 1440 2436 decimatis,
1470 2393 1503 2427 id
1533 2396 1586 2428 est
1611 2391 1670 2426 de-

287 2459 446 2493 cimando
472 2461 706 2504 praedicatis,
734 2466 880 2496 mentam
908 2467 942 2497 et
968 2467 1077 2496 rutam
1104 2466 1137 2495 et
1163 2471 1261 2496 mnne
1288 2461 1387 2502 olus,
1415 2463 1449 2494 et
1475 2456 1671 2503 praeteritis

288 2523 453 2567 judicium
481 2530 513 2560 et
537 2528 716 2561 caritatem
744 2526 805 2561 Dei
834 2532 898 2563 etc.
948 2527 1030 2563 Item
1058 2527 1203 2561 ibidem:
1232 2525 1318 2561 vaeh
1347 2524 1445 2559 vobis
1466 2522 1554 2567 legis
1580 2521 1670 2564 peri-

363 2621 388 2650 1)
408 2622 458 2648 Ed.
481 2625 521 2648 l'r.
547 2633 561 2648 n
582 2623 650 2648 duo
672 2623 741 2653 legit
762 2628 787 2649 vi
811 2625 918 2651 nmium
941 2625 999 2654 mli.
1021 2624 1254 2650 Irnrtnosns.
1358 2620 1386 2651 2)
1406 2617 1456 2644 Ed·
1479 2620 1520 2643 ''¹'·
1543 2616 1672 2649 '''l*¹‘'*

293 2667 298 2684 1
315 2672 346 2687 ιιι
374 2677 399 2683 —
425 2675 431 2687 ι
451 2675 482 2690 vi
500 2666 504 2690 i
519 2671 524 2691 t
539 2672 597 2691 nt*-
619 2666 738 2694 omittit.
