1742 3005
286 108 380 157 Cap.
413 104 579 143 CLth.
641 104 698 142 De
729 111 858 141 sancto
889 104 1054 141 Mai-tino
1085 103 1279 154 episeopo.
1396 102 1475 141 743

93 212 281 258 pullularet
315 214 348 246 et
374 213 432 248 ille
460 222 571 258 paene
602 213 699 247 solus
731 211 941 252 obsisteret,
983 210 1122 255 publice
1156 221 1281 246 caesus
1315 215 1350 247 et
1381 216 1504 248 extra'

92 279 267 312 civitatem
293 278 425 323 ejectus
451 278 689 314 Mediolanum
716 278 820 313 rediit
846 282 880 312 et
905 276 953 310 ibi
979 277 1049 310 sibi
1072 279 1319 312 monasterium
1345 281 1479 322 statuit,

91 344 154 379 sed
188 343 268 379 inde
302 344 345 378 ab
373 345 515 379 Arianis
552 347 686 390 eJ'ectus
712 344 756 378 ad
782 344 930 378 insulam
958 341 1183 377 Gallinariam
1209 354 1283 378 cum
1308 355 1376 379 uno
1402 345 1479 380 solo

91 409 289 455 presbitero
325 412 499 455 perrexit,
533 410 593 445 ubi
618 409 833 444 helleborum
859 418 1004 454 gramen
1035 414 1240 443 venenatum
1274 411 1365 445 inter
1390 411 1479 447 alias

90 475 219 510 herbas
248 477 281 510 in
306 476 418 510 cibum
445 477 568 510 sumsit
592 479 626 510 et
654 476 800 510 vicinam
826 478 969 507 mortem
996 475 1150 508 sentiens
1170 484 1270 508 omne
1289 477 1477 519 periculum

90 546 124 576 et
157 541 312 576 dolorem
347 544 474 576 virtute
507 542 677 575 orationis
714 539 861 584 fugavit.
910 538 1067 573 Audiens
1094 550 1198 582 vero,
1235 540 1328 584 quod
1354 540 1478 575 beatus

89 607 242 642 Hilarius
269 607 311 642 de
332 608 457 641 exsilio
482 606 634 647 rediret,
661 605 799 640 obviam
831 605 864 639 ei
891 604 1072 649 profectus
1098 609 1152 640 est
1179 609 1212 640 et
1231 606 1336 650 juxta
1361 606 1478 641 Pieta-

89 674 177 707 vium
203 674 451 706 monasterinm
477 671 672 714 ordinavit,
703 672 782 713 ubi,
818 681 893 705 cum
921 670 1092 715 quendam
1118 670 1232 706 adbuc
1258 672 1477 708 catechume-

88 749 166 772 num
190 737 359 779 liaberet,
395 748 583 783 parumper
615 748 636 772 a
669 738 883 772 monasterio
909 736 1096 771 discedens
1122 741 1156 771 et
1181 737 1321 772 rediens
1347 741 1479 784 reperit

87 815 163 840 eum
199 805 275 838 sine
313 803 489 849 baptismo
523 803 734 838 defunctum.
784 803 891 843 Quem
928 805 960 836 in
993 803 1116 837 cellam
1150 803 1282 838 ducens
1310 808 1344 839 et
1372 815 1478 850 super

86 873 162 916 ejus
188 880 315 915 corpus
341 880 380 904 se
408 874 634 914 prosternens
662 871 772 914 ipsum
799 880 863 904 sua
889 870 1048 903 oratione
1083 869 1126 902 ad
1163 871 1266 903 vitam
1294 872 1478 914 pristinam

88 937 279 973 revocavit.
324 934 415 970 ldem
451 946 532 969 vere
567 935 668 968 homo
704 934 837 969 referre
872 936 1074 975 consuevit,
1109 934 1223 979 quod,
1258 935 1335 969 dum
1370 947 1478 981 super

86 1012 160 1037 euin
188 1001 272 1036 data
297 1002 473 1036 sententia
498 1000 657 1035 obscuris
683 1001 771 1034 locis
799 1000 986 1045 deputatus
1018 1000 1162 1042 fuisset,
1196 1012 1258 1045 per
1293 1001 1380 1036 duos
1414 1012 1477 1037 an-

84 1068 186 1114 gelos
207 1067 319 1113 judici
348 1070 401 1101 est
424 1070 656 1112 suggestum,
696 1066 785 1100 hunc
810 1077 910 1109 esse,
950 1077 1012 1110 pro
1046 1077 1114 1111 quo
1140 1067 1314 1102 Martinus
1347 1073 1466 1104 oraret

83 1135 220 1170 Jussum
247 1136 299 1168 est
324 1133 451 1179 igitur,
484 1136 521 1166 ut
547 1143 609 1176 per
634 1134 732 1177 ipsos
760 1132 848 1166 duos
875 1132 1101 1166 reduceretur
1124 1137 1158 1167 et
1184 1133 1339 1168 Martino
1365 1136 1464 1171 vivus

86 1199 302 1235 redderetur.
350 1198 465 1233 Alium
491 1200 653 1243 insuper,
688 1200 744 1243 qui
771 1198 898 1244 laqueo
925 1200 1028 1232 vitam
1058 1198 1215 1242 finierat,
1251 1202 1345 1236 vitae
1371 1187 1476 1237 restiss

85 1267 160 1300 tuit.
210 1265 335 1300 Verum
365 1274 439 1299 cum
467 1264 568 1309 plebs
595 1264 774 1299 Turonica
801 1266 970 1309 episcopo
990 1269 1137 1308 careret,
1163 1266 1274 1310 ipsum
1294 1266 1476 1311 plurimum

86 1333 289 1367 renitentem
325 1330 395 1364 sibi
429 1330 584 1365 ordinari
622 1332 734 1375 petiit.
785 1331 933 1371 Quidam
965 1334 1077 1364 autem
1114 1341 1156 1366 ex
1181 1333 1380 1377 episcopis,
1417 1336 1476 1378 qui

85 1401 331 1438 convenerant,
361 1406 415 1437 eo,
443 1395 536 1441 quod
565 1396 731 1430 deformis
758 1401 855 1431 esset
880 1396 1001 1430 babitu
1029 1401 1064 1431 et
1090 1397 1183 1431 vultu
1209 1397 1474 1443 despectabilis,

87 1462 313 1498 resistebant.
361 1462 455 1496 luter
488 1472 575 1506 quos
609 1463 818 1506 praecipuus
854 1462 917 1496 fuit
953 1463 1092 1508 quidam
1124 1465 1262 1498 nomine
1288 1464 1475 1500 Defensor.

87 1528 157 1564 Sed
192 1539 265 1562 cum
300 1527 410 1562 lector
443 1532 525 1562 tunc
558 1527 717 1569 deesset,
760 1527 898 1573 quidam
935 1532 1082 1572 accepto
1118 1529 1287 1573 psalterio
1318 1532 1475 1575 prinlum,

88 1605 188 1641 quem
214 1595 367 1636 invenit,
393 1594 564 1639 psalmum
590 1594 690 1640 legit,
716 1593 776 1627 ubi
797 1604 919 1628 versus
944 1594 1000 1628 hic
1020 1598 1114 1628 erat:
1142 1605 1183 1629 ex
1209 1606 1270 1630 ore
1293 1597 1475 1632 infantium

90 1664 124 1696 et
146 1661 345 1695 lactentium
367 1659 460 1694 Deus
479 1660 659 1705 perfecisti
687 1659 838 1702 laudem,
863 1664 900 1694 ut
916 1660 1078 1695 destruas
1097 1661 1269 1696 inimicum
1296 1666 1329 1697 et
1354 1663 1475 1698 defen-

88 1736 219 1763 sorem.
265 1724 309 1760 Et
333 1726 383 1759 sie
409 1726 469 1760 ille
494 1726 668 1760 Defensor
692 1729 746 1760 est
770 1725 813 1760 ab
841 1725 1000 1760 omnibus
1025 1726 1236 1762 confutatus.
1284 1727 1475 1764 Ordinatus

88 1793 207 1836 itaque
233 1792 419 1835 episcopus
439 1801 513 1825 cum
533 1792 651 1837 populi
671 1792 850 1826 tumultum
868 1802 936 1826 non
955 1793 1074 1836 ferret,
1101 1792 1238 1827 duobus
1258 1793 1332 1829 fere
1350 1795 1477 1830 millia-

88 1859 151 1892 riis
177 1861 278 1891 extra
301 1856 418 1891 urbem
445 1859 694 1892 monasterium
720 1860 921 1901 constituit,
948 1858 1008 1892 ubi
1035 1868 1109 1892 eum
1134 1858 1268 1893 LXXX
1292 1859 1477 1905 discipulis

89 1924 125 1957 in
156 1922 263 1957 multa
294 1923 509 1959 abstinentia
543 1925 640 1958 vixit.
688 1924 775 1959 Nam
809 1924 860 1958 ibi
904 1926 1017 1960 vinum
1059 1935 1159 1960 nemo
1200 1925 1364 1969 biberat,
1408 1927 1479 1961 nisi

90 1999 189 2033 quem
224 1988 406 2024 infirmitas
439 1990 638 2035 coegisset3
681 1989 821 2024 mollior
854 1989 995 2024 habitus
1033 1990 1083 2024 ibi
1115 2001 1177 2035 pro
1213 1993 1355 2027 crimine
1390 1996 1477 2027 erat.

90 2053 263 2088 Plurimae
296 2055 460 2088 civitates
495 2054 538 2088 de
571 2053 627 2088 his
663 2057 853 2100 episcopos
886 2055 1078 2100 eligebant.
1130 2056 1212 2089 Cum
1245 2057 1386 2101 quidam
1412 2057 1476 2091 sub

90 2120 230 2153 nomine
256 2120 408 2153 martiris
437 2119 613 2154 coleretur
640 2123 673 2154 et
699 2129 720 2154 a
744 2120 899 2155 Martino
926 2120 975 2154 nil
1001 2120 1045 2154 de
1072 2121 1149 2165 ejus
1176 2123 1248 2154 vita
1273 2121 1327 2155 vel
1355 2123 1478 2156 merito

90 2185 237 2220 inveniri
264 2188 406 2229 posset,
443 2184 592 2230 quadani
631 2184 687 2220 die
721 2195 828 2230 super
855 2186 1076 2231 sepulchrum
1103 2189 1200 2220 stans
1227 2187 1342 2221 oravit
1366 2186 1478 2221 domi-

92 2261 189 2293 num,
221 2254 277 2293 ut,
312 2251 391 2296 quis
426 2254 523 2286 esset
557 2251 611 2287 vel
648 2251 748 2296 cujus
785 2252 920 2294 meriti,
958 2251 1141 2286 indicaret.
1200 2251 1400 2287 Conversus
1433 2252 1479 2287 ad

91 2317 227 2352 laevam
251 2316 339 2351 vidit
363 2316 517 2351 umbram
547 2317 771 2363 nigerrimam
808 2320 925 2360 stare,
965 2318 1024 2363 qni
1059 2327 1081 2352 a
1110 2317 1264 2353 Mai-tino
1296 2318 1480 2363 adiuratus

93 2381 202 2424 dixit,
238 2391 276 2416 se
314 2381 483 2417 latronem
518 2382 628 2418 fuisse
665 2386 700 2418 et
725 2383 769 2418 ol)
796 2383 911 2418 scelus
939 2393 1141 2428 percussum
1167 2394 1260 2421 esse.
1309 2383 1480 2419 Continuo

93 2448 202 2494 igitur
233 2446 407 2482 Martinus
444 2448 555 2483 altare
588 2448 723 2483 destrui
753 2449 947 2494 praecepit.
994 2448 1145 2495 Legitur
1175 2460 1313 2495 quoque
1337 2451 1371 2485 in
1396 2451 1480 2496 dya-

94 2512 178 2559 logo
204 2513 327 2548 Severi
353 2515 388 2548 et
411 2511 504 2547 Galli
530 2512 780 2558 discipulorum
805 2515 918 2548 sancti
937 2514 1094 2556 Martini,
1119 2514 1176 2549 ubi
1195 2515 1302 2549 multa
1317 2516 1482 2561 suppleta

95 2583 197 2622 sunt,
223 2589 312 2625 quae
340 2579 373 2613 in
401 2579 478 2624 ejus
505 2579 577 2613 vita
600 2578 751 2614 Severus
777 2579 980 2622 dimiserat,
1008 2579 1102 2626 quod
1131 2579 1306 2615 Martinus
1331 2582 1480 2628 quodam

95 2648 251 2690 tempore
276 2645 557 2682 Valentinianum
592 2645 836 2689 imperatorem
869 2656 932 2691 pro
961 2644 1110 2691 quadam
1144 2648 1355 2684 necessitate
1381 2648 1481 2692 adiit,

97 2711 160 2746 sed
195 2711 254 2748 ille
288 2713 402 2748 sciens
436 2722 511 2747 eum
547 2711 637 2748 velle
670 2715 812 2756 petere,
849 2711 940 2758 quod
975 2713 1051 2758 ipse
1079 2711 1222 2749 nolebat
1246 2712 1351 2757 dare,
1386 2714 1480 2750 fores
