1742 3005
456 85 553 134 (lap.
587 83 646 121 ΙΙΙ.
704 84 762 121 De
793 92 923 121 sancto
955 84 1129 122 Nicolao.
1432 91 1482 126 25

90 192 212 224 cuneta
235 199 298 234 per
322 188 477 225 ordinem
503 193 744 225 narraverunt.
818 188 950 229 Quibus
986 188 1065 223 ille:
1115 187 1201 223 haec
1233 194 1287 224 est
1310 192 1484 235 impudica

90 254 232 300 Dyana,
282 260 317 289 et
341 258 379 289 ut
404 265 456 290 me
491 266 608 291 verum
635 255 751 290 dicere
776 253 1012 299 comprobetis
1030 282 1037 296 ,
1080 254 1193 289 oleum
1216 254 1301 289 illud
1327 258 1361 290 in
1390 267 1483 291 mare

91 321 264 365 projicite.
312 320 444 360 Quibus
469 320 733 367 projicientibus
767 322 891 366 lugens
917 321 1009 365 ignis
1035 321 1068 354 ln
1093 322 1180 355 mari
1204 321 1424 356 succenditur
1447 328 1480 358 et

90 389 211 419 contra
235 390 393 420 naturam
419 386 548 421 diutius
577 388 611 420 in
636 388 721 420 mari
747 385 874 420 ardens
898 386 1120 430 conspicitur.
1159 386 1346 422 Venientes
1377 390 1484 434 igitur

91 448 135 483 ad
160 460 296 485 servum
318 451 381 486 Dei
407 452 565 497 aJebant:
616 461 697 485 vere
723 455 759 485 tu
786 461 823 485 es
848 450 919 492 ille,
950 451 1008 495 qui
1029 450 1130 484 nobis
1158 452 1190 484 in
1215 455 1301 486 mari
1329 464 1482 499 apparu-

90 516 148 548 isti
175 520 209 550 et
234 526 255 550 a
280 515 421 560 dyaboli
446 517 584 550 insidiis
608 515 777 550 liberasti.
810 535 849 540 —-
887 535 931 541 —
967 518 1014 553 6.
1041 514 1108 550 Per
1131 515 1220 550 idem
1246 521 1380 563 tempus
1407 532 1480 555 cum

91 580 260 625 quaedam
287 591 374 626 gens
398 581 553 616 Romano
580 582 728 626 imperio
755 580 986 622 rebellasset,
1035 586 1158 616 contra
1191 592 1266 616 eam
1291 584 1483 629 imperator

89 651 160 680 tres
186 648 360 692 principes
385 647 634 692 Nepotianum,
673 645 796 681 Ursum
821 651 855 681 et
879 646 1077 691 Apilionem
1102 649 1215 689 misit,
1250 659 1337 694 quos
1367 655 1480 695 portui

90 712 269 747 Adriatico
289 714 332 748 ob
356 717 490 748 ventum
505 714 715 747 contraritnn
741 712 937 757 applicatos
963 712 1088 747 beatus
1114 713 1280 749 Nicolaus
1306 720 1341 750 ut
1367 727 1480 753 secum

89 779 327 822 comederent,
362 780 542 820 invitavit,
580 778 700 813 volens
726 782 764 812 ut
790 782 928 824 gentem
953 789 1049 813 suam
1077 789 1097 813 a
1124 781 1256 824 rapinis
1283 791 1481 827 compesce-

90 848 186 887 rent,
224 855 311 890 qua-s
338 847 372 879 in
398 844 559 879 nundinis
587 844 808 879 exercebant.
879 844 1018 879 Interim
1051 845 1128 879 dum
1155 846 1302 880 Sanctus
1326 847 1480 891 abesset,

89 911 210 945 consul
243 914 426 955 corruptus
462 911 610 955 pecunia
642 914 714 944 tres
752 912 953 945 innocentes
993 910 1120 946 milites
1157 913 1266 957 jussit
1301 912 1479 950 decollari.

90 975 190 1016 Quod
216 980 251 1010 ut
278 978 330 1010 vir
354 979 494 1010 sanctus
521 975 674 1017 audivit,
701 978 841 1022 rogavit
865 977 1040 1021 principes
1067 976 1168 1019 illos,
1200 981 1236 1011 ut
1259 988 1374 1013 secum
1399 981 1482 1015 illuc

89 1052 198 1087 usque
225 1041 338 1088 gradu
363 1042 497 1075 concito
524 1046 775 1086 properarent,
825 1043 1038 1087 veniensque
1066 1041 1111 1076 ad
1144 1042 1275 1087 locum,
1322 1045 1378 1078 ubi
1420 1046 1462 1081 de

89 1106 240 1141 collandi
264 1110 384 1149 erant,
435 1109 566 1142 invenit
593 1118 654 1142 eos
684 1108 718 1151 ¹)
753 1107 886 1152 poplite
911 1108 1001 1142 flexo
1036 1112 1070 1143 ct
1097 1109 1186 1144 facie
1207 1110 1281 1155 jam
1305 1111 1421 1147 velata
1448 1118 1481 1148 et

89 1173 336 1218 spiculatorem
360 1183 476 1208 ensem
514 1183 621 1218 super
646 1184 763 1208 eorum
799 1175 916 1219 capita
945 1175 1018 1219 Jam
1055 1174 1224 1211 vibrasse.
1299 1177 1345 1211 At
1376 1178 1479 1213 Nico-

89 1238 166 1273 laus
199 1239 276 1273 zelo
311 1248 478 1273 accensus
512 1242 547 1273 et
580 1240 614 1272 in
646 1239 803 1274 lictorem
838 1250 875 1274 se
901 1239 1068 1274 audacter
1091 1242 1242 1287 ingessit
1266 1247 1300 1277 et
1324 1244 1479 1289 gladium

90 1303 133 1338 de
157 1305 234 1349 eJus
259 1313 363 1338 manu
396 1305 528 1339 eminus
562 1304 717 1349 propulit
740 1306 1010 1349 innocentesque
1044 1305 1184 1340 solvens
1210 1318 1270 1341 eos
1293 1310 1480 1344 incolumes

89 1377 205 1404 secum
231 1368 338 1403 duxit.
363 1368 461 1403 Illico
488 1369 533 1403 ad
558 1371 771 1414 praetorium
796 1370 949 1404 consulis
976 1375 1144 1414 properat
1169 1375 1202 1405 et
1230 1372 1325 1408 sores
1340 1375 1480 1410 clausas

90 1436 124 1468 vi
143 1433 297 1469 reserat.
366 1434 452 1469 Mox
476 1435 526 1469 illi
553 1435 673 1469 consul
700 1445 885 1469 accurrens
920 1435 1088 1470 salutaxit
1120 1447 1206 1471 eum.
1278 1440 1481 1484 Aspernens

89 1500 155 1534 hoc
181 1500 328 1534 Sanctus
354 1500 459 1534 dixit:
496 1501 632 1535 inimice
656 1500 733 1542 Dei,
760 1500 851 1546 legis
878 1512 929 1545 pr
922 1510 986 1535 tev
990 1503 1060 1535 ari(
1065 1506 1163 1544 ator,
1193 1513 1261 1548 qua
1286 1507 1481 1541 temeritate

89 1552 331 1611 praesumsisti
355 1566 443 1600 tanti
468 1567 628 1600 conscius
654 1566 797 1600 sceleris
825 1566 953 1600 tultum
980 1569 1139 1612 aspicere
1163 1571 1348 1605 nostrum?
1375 1572 1480 1611 Quem

91 1634 277 1677 postquam
310 1631 491 1676 plurimum
527 1631 775 1677 objurgasset,
824 1632 868 1666 ad
904 1643 1025 1677 preces
1050 1637 1165 1669 tamen
1196 1634 1333 1669 illorum
1360 1636 1481 1671 ducum

91 1708 166 1733 eum
188 1699 422 1743 poenitentem
446 1696 597 1743 benigne
621 1699 757 1742 recipit.
795 1697 949 1743 Recepta
974 1700 1082 1745 igitur
1105 1699 1348 1736 benedictione
1373 1704 1481 1747 impe-

92 1763 197 1798 riales
221 1765 331 1798 nuritii
355 1764 424 1798 iter
448 1766 623 1809 peragunt
647 1767 681 1798 et
708 1764 744 1808 ²)
782 1764 906 1809 impios
933 1766 1008 1800 sine
1033 1767 1204 1812 sanguine
1228 1766 1348 1802 hostes
1375 1767 1481 1801 subd-

91 1833 152 1864 unt
183 1829 429 1875 redientesque
462 1828 506 1862 ab
540 1830 752 1874 imperatore
787 1831 969 1876 magnifice
1004 1835 1082 1865 sunt
1118 1834 1262 1877 recepti.
1335 1833 1480 1874 Quidam

91 1898 205 1930 autem
231 1905 349 1930 eorum
375 1894 602 1930 felicitatibus
629 1895 838 1938 invidentes,
864 1896 1045 1940 praesecto
1071 1898 1295 1942 imperatoris
1320 1910 1423 1944 prece
1450 1904 1484 1935 et

91 1962 204 2005 pretio
226 1964 494 2007 suggesserunt,
518 1963 555 1995 ut
580 1971 641 1995 eos
669 1960 762 2005 apud
788 1962 1032 2006 imperatorem
1047 1964 1082 2006 3)
1109 1962 1150 1998 de
1171 1964 1291 1999 laesae
1316 1967 1482 2010 maiesta-

91 2027 136 2060 tis
159 2027 299 2060 erimine
324 2030 517 2062 accusaret.
565 2026 664 2066 Quod
689 2037 765 2062 cum
793 2029 996 2073 imperatori
1019 2031 1271 2075 suggessisset,
1296 2031 1356 2066 ille
1383 2033 1483 2066 nimis

93 2090 210 2126 surore
235 2090 390 2136 repletus
415 2102 476 2126 eos
510 2093 722 2127 incarcerari
758 2096 939 2139 praecepit
965 2104 1005 2128 ac
1030 2096 1106 2129 sine
1139 2095 1259 2140 aliqua
1285 2099 1482 2144 interroga-

91 2158 185 2192 tione
209 2157 272 2192 illa
293 2167 355 2192 eos
379 2161 480 2192 nocte
505 2157 617 2192 occidi
642 2158 832 2195 mandavit.
882 2160 982 2202 Quod
1007 2170 1082 2194 cum
1109 2170 1130 2195 a
1155 2162 1301 2198 custode
1329 2164 1365 2209 ⁴)
1393 2164 1481 2197 didi-

92 2223 234 2265 cissent,
261 2221 439 2258 sciderunt
461 2225 670 2259 vestimenta
694 2235 759 2259 sua
786 2229 820 2260 et
843 2236 983 2272 gemere
1011 2237 1129 2262 amare
1157 2234 1358 2274 coeperunt.
1387 2230 1483 2264 Tunc

94 2296 180 2321 unus
203 2297 334 2331 eorum,
362 2289 496 2325 scilicet
518 2289 749 2336 Nepotianus,
776 2292 935 2327 recolens
962 2293 1055 2338 quod
1082 2293 1207 2329 beatus
1231 2294 1396 2329 Nicolaus
1410 2299 1482 2329 tres

92 2355 294 2389 innocentes
318 2355 552 2398 liberaverat,
580 2355 787 2391 exhortatus
813 2361 868 2392 est
890 2358 1003 2401 alios,
1034 2363 1071 2393 ut
1096 2361 1172 2404 ejus
1197 2361 1394 2404 patrocinia
1419 2360 1482 2394 tla-

93 2420 257 2464 gitarent.
329 2418 461 2459 Quibus
486 2421 704 2456 orationibus
737 2426 878 2457 sanctus
904 2423 1070 2457 Nicolaus
1098 2428 1199 2458 nocte
1223 2424 1286 2459 illa
1312 2425 1481 2460 Constan-

92 2485 164 2518 tino
189 2485 391 2529 imperatori
418 2487 583 2530 apparuit
608 2486 746 2522 dicens:
783 2498 843 2522 cur
866 2487 946 2522 illos
964 2489 1141 2534 principes
1163 2492 1232 2523 tam
1249 2490 1377 2536 injuste
1391 2500 1481 2524 com—

162 2609 187 2642 1)
206 2607 266 2634 Alii
285 2608 379 2635 malo:
400 2608 558 2643 pollice.
662 2609 691 2640 2)
710 2609 902 2636 Recentiores
922 2620 1095 2645 perperaum
1116 2611 1293 2646 imperio.
1381 2614 1409 2646 3)
1430 2613 1481 2640 Ed,

93 2652 185 2679 t’rinc.
204 2652 281 2679 male
301 2652 386 2685 legit:
414 2652 476 2680 dol
489 2661 579 2681 osae
599 2652 809 2681 manifesta
822 2654 873 2681 tis
893 2655 1064 2684 erimine.
1169 2657 1197 2689 4)
1218 2656 1271 2685 Ed.
1290 2656 1386 2684 rrinc.
1406 2657 1483 2685 male

94 2696 342 2725 decidissent.
