1742 3005
257 110 337 149 402
552 108 648 157 Cap.
679 105 816 143 XClll.
875 106 932 141 De
966 112 1094 157 sancta
1125 104 1354 154 Margareta.

260 215 410 259 speciem
436 211 584 244 bominis
609 220 648 245 se
673 210 841 250 mutavit,
877 219 978 254 quem
1004 208 1125 243 videns
1151 209 1186 242 in
1213 209 1404 242 orationem
1433 217 1471 241 se
1496 205 1592 241 dedit
1617 210 1650 240 et

261 280 339 312 dum
365 277 598 319 surrexisset,
624 275 795 320 dyabolus
825 275 869 309 ad
895 284 970 308 cam
997 275 1148 308 accessit
1172 278 1206 308 et
1233 284 1368 307 manum
1393 277 1515 308 tenens
1542 272 1649 311 dixit2

260 342 437 378 sufficiant
459 341 546 384 tibi,
584 351 672 387 quae
697 340 833 383 fecisti,
865 340 945 375 ideo
974 350 1062 374 nuno
1087 349 1190 375 cessa
1213 339 1256 374 de
1280 349 1357 373 mea
1379 348 1542 384 persona.
1587 337 1652 372 Illa

260 414 374 444 autem
399 419 474 443 eum
501 418 564 453 per
587 411 693 452 caput
718 406 951 453 apprehendit
982 411 1018 441 et
1047 406 1111 440 sub
1152 416 1191 440 se
1229 405 1272 439 ad
1309 409 1437 439 terram
1465 405 1593 450 dejecit
1619 407 1653 437 et

260 487 367 520 super
393 476 561 510 cervicem
590 475 666 519 ejus
692 473 870 508 dexterum
896 472 1020 518 pedem
1048 473 1167 518 posuit
1195 475 1228 507 et
1255 470 1359 505 dixit:
1386 475 1560 511 sternere,
1594 480 1652 503 su-

260 541 369 586 perbe
400 542 431 585 ¹)
445 540 614 582 daemon,
649 540 713 574 sub
740 539 888 584 pedibus
921 540 1079 574 feminae.
1126 538 1281 573 Daemon
1315 541 1428 572 autem
1461 535 1653 570 clamabat:

262 618 282 641 o
308 607 414 642 beata
438 606 666 651 Margareta,
705 609 891 650 superatus
924 616 1021 647 sum3
1060 607 1089 639 si
1121 605 1263 650 juvenis
1296 614 1349 638 me
1376 604 1548 643 vinceret,
1586 611 1654 634 non

262 683 438 707 curassem
455 700 463 713 ,
500 682 579 706 ecce
608 682 630 705 a
663 675 786 705 tenera
811 671 930 716 puella
957 675 1142 716 superatus
1168 681 1240 704 sum
1268 674 1302 704 et
1328 669 1408 703 inde
1432 668 1510 713 plus
1538 666 1655 701 doleo.

265 739 347 782 quia
379 741 480 782 pater
508 741 588 771 tuus
621 741 655 771 et
689 740 800 770 mater
832 741 893 770 tua
928 738 1030 771 amici
1064 738 1130 771 mei
1170 737 1318 771 fuerunt.
1364 735 1429 770 Illa
1465 744 1548 769 vero
1580 741 1656 766 eum

265 804 400 847 coegit,
433 806 471 836 ut
495 801 648 843 diceret,
681 812 742 835 cur
768 803 933 836 venisset.
981 801 1045 841 Qui
1072 812 1109 836 se
1134 804 1271 837 venisse
1298 803 1367 843 ait,
1404 804 1442 834 ut
1473 800 1543 834 sibi
1574 807 1656 831 con—

266 870 415 911 suleret,
441 868 533 913 quod
561 868 700 902 monitis
727 867 905 913 praesidis
932 867 1101 902 obediret.
1150 869 1276 913 Coegit
1301 877 1461 912 quoque,
1493 868 1531 898 ut
1563 863 1657 897 dice-

267 938 338 977 ret,
365 945 426 968 cur
451 934 664 968 christianos
690 938 759 968 tam
784 934 1024 978 multipliciter
1048 937 1210 968 tentaret.
1260 933 1324 974 Qui
1357 931 1560 977 respondit.
1595 938 1658 962 na-

266 1000 379 1035 turale
393 999 507 1034 odium
526 999 594 1033 sibi
620 1010 698 1034 esse
718 1004 841 1033 contra
857 1000 951 1033 viros
971 1001 1159 1042 virtuosos,
1193 1003 1227 1034 et
1245 1001 1402 1045 quamvis
1423 1007 1530 1042 saepe
1551 995 1594 1029 ab
1615 995 1659 1027 iis

268 1066 469 1109 repellatur,
494 1065 557 1099 sed
574 1069 687 1099 tamen
706 1065 883 1099 desiderio
896 1064 1087 1100 seducendi
1103 1067 1177 1110 ipse
1199 1065 1346 1100 infestus
1366 1065 1564 1118 exsistit-et,
1577 1062 1660 1106 quia

268 1130 401 1164 invidet
422 1130 553 1164 homini
580 1130 622 1164 de
651 1130 840 1166 felicitate,
880 1141 981 1176 quam
1015 1133 1090 1175 ipse
1115 1133 1251 1173 amisit,
1292 1132 1451 1176 quamvis
1486 1139 1560 1163 eam
1602 1137 1658 1161 re-

267 1205 434 1240 cuperare
458 1206 526 1229 non
552 1197 686 1239 possit,
712 1197 823 1240 ipsam
847 1200 963 1230 tamen
986 1197 1066 1230 aliis
1092 1197 1230 1231 auferre
1255 1195 1446 1231 contendit.
1493 1192 1658 1229 Addidit-

269 1272 355 1306 que,
390 1261 483 1306 quod
516 1260 681 1295 Salomon
714 1262 881 1296 infinitam
917 1262 1122 1296 daemonum
1155 1262 1407 1297 multitudinem
1442 1262 1475 1295 in
1509 1258 1658 1305 quodam

267 1337 353 1362 vase
378 1327 539 1369 inclusit,
568 1332 649 1371 post
674 1332 816 1363 mortem
843 1338 940 1362 suam
970 1339 1043 1362 cum
1070 1328 1198 1363 de'illo
1226 1338 1308 1362 vase
1334 1328 1521 1362 daemones
1541 1327 1658 1371 ignem

268 1394 446 1428 mitterent
468 1397 502 1427 et
525 1392 682 1428 homines
707 1393 837 1446 ibidem
865 1405 1026 1440 magnum
1055 1405 1134 1430 esse
1160 1394 1361 1429 thesaurum
1387 1395 1567 1438 putarent,
1596 1400 1660 1424 vas

267 1459 517 1505 confregerunt
551 1461 585 1493 et
618 1458 805 1495 daemones
839 1465 1007 1496 exeuntes
1041 1465 1157 1496 aerem
1183 1461 1423 1506 impleverunt.
1468 1458 1530 1498 His
1560 1456 1663 1490 dictis

268 1525 372 1569 virgo
398 1524 521 1569 pedem
548 1524 748 1560 sublevavit
771 1530 806 1560 et
842 1526 950 1560 dixit:
987 1527 1092 1573 suge,
1128 1529 1256 1569 miser3
1299 1531 1334 1561 et
1365 1525 1510 1560 daemon
1546 1524 1662 1558 statim

269 1591 420 1624 evanuit.
469 1590 602 1625 Secura
626 1592 735 1635 igitur
760 1591 929 1635 efficitur,
956 1595 1058 1638 quia,
1087 1603 1176 1639 quae
1203 1594 1393 1638 principem
1416 1593 1568 1628 vicerat,
1599 1590 1662 1623 mi—

268 1657 412 1690 nistrum
437 1657 556 1701 procul
582 1656 689 1691 dubio
716 1663 911 1703 superaret.
958 1659 1126 1704 Sequenti
1158 1661 1267 1705 igitur
1293 1658 1350 1694 die
1376 1656 1663 1693 convenientibus

268 1722 409 1766 populis
430 1722 543 1767 judici
568 1728 814 1767 praesentatur
838 1728 873 1760 et
897 1725 1095 1760 sacrificare
1120 1730 1342 1760 contemnens
1361 1726 1500 1760 exuitur
1517 1732 1662 1768 corpus-

269 1798 335 1831 que
360 1787 496 1822 facibus
522 1788 725 1823 ardentibus
750 1790 982 1831 comburitur,
1016 1791 1067 1823 ita
1100 1795 1138 1824 ut
1169 1792 1282 1824 cuncti
1311 1793 1539 1830 mirarentur,
1575 1799 1662 1833 quo-

268 1851 370 1885 modo
407 1857 476 1886 tam
508 1857 630 1888 tenera
663 1853 781 1898 puella
812 1857 865 1887 tot
897 1859 1019 1898 posset
1044 1859 1216 1889 tormenta
1237 1857 1421 1890 sustinere.
1467 1854 1601 1889 Deinde
1627 1856 1661 1888 in

270 1926 353 1952 vase
389 1918 492 1961 pleno
526 1928 619 1963 aqua
651 1920 762 1963 ipsam
794 1919 899 1965 ligari
931 1924 1035 1965 atque
1074 1922 1157 1965 poni
1188 1920 1290 1962 fecit,
1326 1925 1363 1954 ut
1396 1931 1438 1956 ex
1470 1930 1660 1965 poenarum

266 1984 534 2018 commutatione
560 1988 736 2019 cresceret
763 1986 815 2019 vis
841 1984 996 2026 doloris,
1030 1985 1092 2020 sed
1125 1986 1241 2020 subito
1274 1990 1371 2021 terra
1403 1987 1600 2020 concutitur
1627 1990 1661 2020 et

266 2050 398 2082 cunctis
434 2048 633 2084 videntibus
666 2052 767 2096 virgo
800 2050 928 2085 illaesa
957 2050 1149 2096 egreditur.
1196 2051 1295 2086 Tunc
1323 2051 1353 2087 V
1377 2052 1487 2086 millia
1508 2053 1659 2086 virorum

265 2113 490 2150 crediderunt
514 2118 548 2149 et
573 2125 636 2159 pro
666 2118 803 2151 nomine
831 2115 960 2150 Christi
985 2118 1171 2162 capitalem
1210 2119 1416 2153 sententiam
1441 2121 1660 2162 acceperunt,

265 2179 466 2223 praefectus
490 2184 606 2216 autem
639 2183 782 2225 timens,
815 2192 859 2218 ne
895 2183 956 2217 alii
990 2176 1293 2225 converterentur,
1333 2185 1489 2217 concitus
1520 2183 1659 2218 beatam

264 2243 505 2289 Margaretam
531 2246 700 2281 decollari
724 2250 924 2293 praecepit,
959 2249 1022 2283 illa
1046 2253 1159 2284 autem
1186 2250 1371 2294 impetrato
1396 2248 1520 2283 orandi
1543 2251 1659 2294 spatio

265 2320 330 2353 pro
357 2320 395 2345 se
423 2314 457 2346 et
481 2312 555 2346 suis
581 2313 868 2356 persecutoribus
895 2325 960 2350 nec
984 2325 1053 2349 non
1074 2318 1109 2349 et
1132 2326 1196 2360 pro
1222 2316 1298 2360 eJus
1326 2317 1524 2350 memoriam
1550 2325 1658 2360 ugen-

265 2374 359 2410 tibus
386 2380 421 2411 et
444 2387 483 2412 se
507 2378 752 2413 invocantibus
781 2379 906 2415 devote
933 2382 1066 2421 oravit,
1104 2380 1260 2422 addens,
1287 2385 1335 2424 ut,
1363 2390 1599 2427 quaecumque
1625 2380 1657 2412 in

265 2445 367 2485 partu
392 2443 596 2487 periclitans
624 2454 662 2479 se
688 2446 888 2487 invocaret,
926 2446 1085 2481 illaesam
1110 2447 1242 2492 prolem
1270 2449 1460 2487 emitteret,
1496 2446 1657 2489 factaque

264 2511 318 2540 est
343 2507 385 2542 de
409 2509 509 2543 coelo
535 2520 623 2551 vox,
657 2510 751 2556 quod
786 2513 820 2546 in
855 2513 929 2547 suis
962 2523 999 2547 se
1024 2514 1162 2548 noverit
1194 2512 1420 2558 petitionibus
1446 2509 1655 2546 exauditam.

263 2581 480 2618 surgensque
505 2574 549 2608 ab
576 2577 736 2611 oratione
764 2577 852 2611 dixit
876 2579 1104 2623 spiculatori:
1128 2578 1248 2622 frater,
1273 2579 1357 2613 tolle
1381 2576 1537 2622 gladium
1562 2580 1654 2610 tuum

332 2710 358 2740 ¹)
377 2710 434 2736 ΛΜ
454 2720 511 2738 '¹0¹¹
532 2715 608 2741 '¹¹³¹ss
628 2716 826 2747 „domumfl
846 2718 912 2745 loco
933 2718 1016 2745 vocis
1037 2717 1253 2749 „daemon”
1274 2716 1383 2748 logum.
