1742 3005
401 146 495 196 Cap.
530 145 681 184 CLXX.
746 146 804 183 De
835 150 966 182 sancto
997 145 1210 183 Clemente.
1417 143 1496 184 777

112 253 191 296 ipso
218 239 346 286 b'alneo
373 250 555 285 decollari.
605 251 713 291 Quam
739 251 934 296 spiculator
958 250 1070 284 tribus
1096 249 1223 285 ictibus
1250 251 1285 284 in
1305 249 1398 285 eollo
1417 261 1497 296 per-

111 318 243 360 cussit,
277 316 339 352 sed
366 321 477 352 tamen
502 321 606 361 eaput
630 318 706 362 ejus
731 321 912 361 amputare
943 327 1010 350 non
1042 317 1174 361 potuit,
1210 320 1244 352 et
1270 317 1351 362 quia
1375 316 1499 351 decre-

111 388 181 418 tum
214 387 311 425 erat,
357 394 400 418 ne
433 388 590 429 quartam
628 385 890 428 percussionem
926 383 1154 417 decollandus
1187 384 1385 427 acciperet,
1425 392 1499 417 eam

112 451 315 484 semivivam
340 454 503 484 eruentus
530 449 685 483 carnifex
711 449 910 493 dereliquit.
959 448 1026 482 Per
1055 448 1204 481 triduum
1236 452 1348 482 autem
1375 458 1500 493 super-

113 518 235 551 vivens
261 518 398 559 emnia,
433 525 523 560 quae
548 514 722 555 habebat,
760 512 975 557 pauperibus
1008 513 1155 547 tradidit
1181 517 1215 548 et
1239 523 1378 555 omnes,
1413 524 1501 558 quos

114 582 159 616 ad
195 582 295 616 tidem
331 583 571 621 converterat,
606 578 745 613 Urbano
777 580 946 624 episcopo
980 578 1233 613 commendavit
1266 577 1404 614 dicens:
1438 581 1502 613 tri-

114 648 250 682 duanas
282 646 365 680 mihi
396 645 554 679 inducias
588 646 781 689 postulavi,
821 649 857 679 ut
890 656 953 679 nos
984 650 1066 680 tuae
1095 645 1303 680 beatitudini
1329 656 1501 681 commen-

115 713 230 748 darem
266 716 300 746 et
334 712 424 746 hanc
460 711 597 745 domum
634 721 743 745 meam
781 712 814 745 in
846 711 1030 745 ecclesiam
1064 721 1304 747 consecrares.
1353 712 1503 747 Sanctus

113 782 227 812 autem
255 777 414 812 Urbanus
441 787 569 822 corpus
596 778 672 822 ejus
698 779 789 812 inter
812 779 999 822 episcopos
1019 778 1182 822 sepelivit
1200 782 1234 813 et
1251 778 1385 812 domum
1406 789 1503 813 suam

113 846 147 879 iu
182 844 386 885 ecelesiam,
427 848 464 878 ut
499 847 707 889 rogaverat,
745 845 977 878 consecravit.
1027 843 1137 878 Passa
1172 847 1226 878 est
1260 848 1375 878 autem
1409 846 1505 878 circa

112 921 224 945 annos
263 910 393 945 domini
431 910 484 945 CC
521 914 555 945 et
579 909 692 944 XXIII
723 914 881 952 tempore
906 910 1098 944 Alexandri
1127 911 1359 954 imperatoris,
1409 909 1505 944 Alibi

115 981 229 1011 autem
256 977 403 1023 legitur,
439 977 531 1022 quod
560 986 667 1020 passa
693 977 739 1009 sit
763 980 921 1021 tempore
944 975 1062 1012 Marci
1087 976 1243 1020 Aurelii,
1270 978 1327 1022 qui
1355 977 1501 1022 impera

117 1044 166 1078 vit
193 1044 288 1077 circa
313 1053 422 1077 annos
448 1043 576 1077 domini
605 1042 741 1077 CCXX.

556 1366 683 1433 cAP,
717 1366 873 1427 CLXX.
908 1365 1062 1429 (165.)

366 1468 473 1511 De
522 1467 790 1512 sancto
839 1466 1257 1512 Clemente.

206 1575 364 1610 Clemens
391 1575 519 1609 dicitur
543 1585 564 1609 a
587 1576 705 1617 eleos,
731 1575 824 1621 quod
851 1580 904 1610 est
929 1576 1069 1621 gloria⁷
1097 1578 1130 1609 et
1154 1585 1269 1616 mens,
1297 1576 1398 1620 quasi
1427 1576 1505 1622 glo-

117 1642 214 1675 riosa
240 1651 350 1678 mens,
399 1641 525 1675 Habuit
552 1643 640 1676 enim
674 1642 867 1688 gloriosam
894 1645 1063 1683 mentem,
1095 1641 1231 1675 seilicet
1256 1646 1438 1687 purgatam
1464 1642 1508 1676 ab

116 1708 210 1741 omni
228 1707 344 1750 sorde,
373 1711 529 1742 ornatam
557 1709 648 1742 omni
674 1709 798 1742 virtute
826 1712 859 1742 et
884 1707 1084 1742 decoratam
1108 1718 1195 1742 nune
1212 1708 1303 1741 omni
1320 1707 1508 1747 l‘elieitate3

117 1783 208 1818 quae
230 1773 380 1808 felicitas
401 1774 694 1815 consistitinhoe,
716 1773 1509 1820 sieutdieitAugustinusinliln·0detrinitate‚

117 1841 200 1884 quia
217 1839 267 1891 ibi
286 1850 365 1875 esse
386 1844 538 1874 nostrum
555 1851 622 1874 non
642 1839 787 1875 habebit
804 1844 958 1882 mortem,
986 1850 1091 1875 nosse
1106 1843 1260 1874 nostrum
1279 1850 1346 1873 non
1366 1838 1512 1874 babebit

117 1915 271 1940 errorem
285 1933 293 1948 ,
320 1915 437 1941 amare
454 1910 608 1940 nostrum
627 1917 695 1940 non
715 1905 859 1940 habebit
875 1906 1114 1941 offensionem.
1162 1905 1227 1941 Vel
1246 1905 1372 1940 dicitur
1396 1915 1416 1940 a
1437 1906 1509 1940 cle—

117 1972 267 2013 mentia,
295 1973 377 2017 quia
404 1972 555 2007 clemens
579 1977 613 2007 et
643 1973 844 2006 misericors
874 1972 974 2007 valde
1001 1972 1076 2007 suit.
1124 1971 1200 2014 Vel,
1227 1973 1316 2006 sicut
1333 1971 1460 2006 dieitur
1477 1973 1510 2005 in

118 2036 322 2081 glossario,
349 2037 507 2072 Clemens
530 2038 657 2072 dicitur
675 2038 806 2079 dulcis,
828 2039 965 2083 justus,
994 2043 1160 2079 maturus⁷
1191 2039 1282 2082 pius,
1329 2037 1451 2073 Justus
1477 2039 1511 2071 in

118 2102 268 2143 actione,
291 2100 450 2134 duleisin
464 2112 636 2143 sermone,
658 2104 856 2136 maturusin
871 2103 1152 2144 conversatione,
1168 2103 1246 2146 pius
1261 2103 1510 2136 inintentioue.

119 2165 203 2210 Ejus
224 2167 328 2201 vitam
353 2167 430 2211 ipse
451 2167 484 2200 in
506 2176 569 2200 sno
589 2168 770 2201 itinerario
796 2168 943 2202 inseruit
967 2168 1114 2201 maxime
1139 2177 1250 2212 usque
1275 2167 1319 2201 ad
1345 2167 1439 2201 illum
1458 2167 1513 2202 lo-

117 2242 207 2275 cum,
235 2233 268 2266 in
289 2243 368 2277 quo,
387 2232 538 2277 qualiter
556 2233 660 2267 beato
680 2232 782 2267 Petro
802 2234 835 2266 in
861 2232 1062 2278 pontificatu
1089 2234 1271 2276 successit,
1301 2233 1510 2268 ostenditur.

119 2298 272 2332 Caetera
298 2309 339 2332 ex
367 2299 442 2343 ejus
468 2300 603 2344 gestis,
630 2309 720 2344 quae
747 2301 972 2334 communiter
996 2298 1189 2341 habentur,
1222 2304 1412 2334 sumuntur.

211 2362 370 2398 Clemens
391 2365 578 2409 episeopus
599 2375 642 2399 ex
660 2365 768 2399 nobili
781 2365 1011 2400 Romanorum
1029 2366 1196 2410 prosapia
1207 2370 1302 2399 ortus
1317 2369 1379 2399 est.
1407 2364 1513 2400 Pater

121 2428 199 2474 ejus
220 2426 481 2473 Faustinianus,
510 2435 618 2465 mater
635 2442 718 2465 vero
735 2433 811 2476 ejus
833 2431 1038 2466 Macidiana
1057 2435 1256 2475 nuncupata
1275 2435 1341 2472 est,
1367 2430 1511 2465 babuit-

121 2506 189 2541 que
215 2495 303 2530 duos
329 2496 481 2538 fratres,
507 2507 651 2541 quorum
676 2507 763 2531 unus
788 2497 998 2539 Faustinus,
1024 2496 1115 2531 alter
1138 2496 1289 2530 Faustus
1318 2496 1511 2532 dicebatur.

123 2561 277 2607 Cumque
302 2561 505 2596 Maeidiana
530 2566 640 2597 mater
664 2564 741 2609 ejus
766 2565 855 2598 mira
879 2564 1038 2608 eorporis
1066 2561 1324 2607 pulchritudine
1350 2562 1512 2607 polleret,

123 2626 233 2662 frater
267 2628 332 2663 viri
369 2629 421 2662 sui
456 2627 646 2662 libidinoso
681 2639 799 2664 amore
824 2631 857 2663 in
886 2638 960 2663 eam
986 2627 1212 2677 vehementer
1236 2629 1379 2662 exarsit.
1429 2628 1512 2663 Cum

122 2696 237 2727 autem
268 2703 343 2729 eam
377 2693 532 2740 quotidie
567 2694 770 2730 molestaret
800 2698 835 2730 et
874 2696 952 2739 ipsa
987 2693 1058 2728 sibi
1095 2693 1293 2728 nullatenus
1337 2696 1513 2730 assentire

124 2758 232 2797 vellet
257 2761 403 2806 viroque
428 2770 491 2795 suo
518 2758 583 2794 boe
609 2760 765 2797 revelare
792 2761 948 2803 timeret,
986 2770 1028 2796 ne
1056 2760 1146 2796 inter
1171 2759 1258 2796 duos
1288 2760 1416 2796 fratres
1443 2761 1510 2795 ini-
