1742 3005
250 101 332 148 'ios
557 113 650 162 cap.
690 112 806 149 xxu.
874 114 930 150 De
962 120 1090 151 sancto
1123 114 1292 151 Fabiano

785 332 909 394 cAl’.
967 333 1109 394 xxti.

579 434 678 477 De
729 433 950 477 sancto
995 432 1299 478 Fabiano·

337 542 511 577 Fabianus
536 544 637 588 quasi
662 542 837 577 fabricans
866 540 1114 576 beatitudinem
1141 552 1346 587 supernam,
1387 542 1420 576 td
1447 545 1521 585 est,
1559 553 1632 577 eam

247 609 313 644 sibi
341 611 525 654 acquirens
560 609 687 654 triptici
707 610 809 653 jttre,
851 608 983 642 scilicet
1006 608 1227 653 adoptionis,
1270 608 1429 642 emtionis
1455 612 1489 642 et.
1514 608 1632 643 debei-

244 676 398 710 lationis.

333 739 509 774 Fabianus
544 740 630 773 ciris
664 738 836 773 Romanus
869 740 932 773 suit
967 743 1000 775 et
1032 749 1106 774 eum
1141 748 1235 783 papa
1268 738 1430 773 defuneto
1463 750 1527 784 pro
1562 740 1632 773 alio

245 805 407 851 eligendo
442 803 591 849 populus
625 805 866 845 convenisset,
915 805 1007 838 inter
1043 814 1104 838 eos
1135 807 1169 837 et
1202 805 1278 848 ipse
1312 806 1405 838 venit
1428 806 1479 839 rei
1504 806 1632 839 exitum

244 872 334 905 seire
358 870 492 905 volens.
540 868 584 904 Et
611 879 689 904 ecce
715 868 874 904 columba
898 868 1047 902 eandida
1072 869 1251 904 descendit
1277 880 1382 915 super
1406 874 1511 915 caput
1535 871 1631 915 eJus:

244 936 335 981 quod
362 946 435 970 eum
464 946 581 970 omnes
609 937 837 977 mirarentur,
864 934 908 968 ab
936 936 978 969 iis
1005 936 1038 968 in
1064 945 1191 979 papam
1215 935 1368 981 eiigitur.
1416 935 1494 977 Hit,
1523 941 1559 969 ut
1584 937 1632 969 ait

242 1003 413 1037 Damasus
448 1011 561 1047 papa,
611 1012 675 1046 per
700 1010 818 1034 omnes
844 1001 1008 1046 regiones
1033 1004 1165 1045 septem
1192 1000 1368 1045 dyaconos
1393 1002 1487 1035 misit
1512 1005 1546 1035 et
1570 1002 1630 1035 iis-

243 1068 319 1103 dem
354 1071 486 1112 septem
528 1067 771 1112 subdyaeonos
812 1066 977 1108 tradidit,
1035 1067 1093 1111 qui
1129 1068 1277 1100 omnium
1318 1070 1421 1113 gesta
1454 1069 1630 1101 martirum

213 1132 472 1179 ‘collegerunt
521 1132 601 1175 Hie,
627 1136 663 1166 ut
689 1134 738 1166 ait
763 1132 912 1177 Haymo,
952 1133 1153 1177 imperatori
1180 1131 1342 1176 Philippo
1369 1132 1497 1167 volenti
1524 1135 1631 1167 inter-

241 1210 320 1235 esse
344 1197 501 1234 Paschae
528 1199 659 1243 vigitiis
687 1201 720 1232 et
750 1199 1002 1232 communicare
1027 1199 1190 1231 misteriis
1218 1184 1345 1231 restitit
1370 1208 1451 1241 nee,
1501 1185 1628 1243 quous-

242 1276 308 1310 que
334 1268 480 1310 peccata
505 1264 726 1297 eonfiteretur
752 1266 786 1297 et
811 1264 901 1296 inter
926 1264 1144 1307 poenitentes
1178 1266 1307 1305 staret,
1354 1264 1524 1299 interesse
1548 1275 1629 1309 per-

241 1332 343 1365 misit.
392 1329 548 1364 Tandem
576 1328 795 1373 pontificatus
822 1330 875 1362 sui
902 1337 992 1362 anno
1025 1327 1213 1362 tredecimo
1239 1329 1342 1372 jussu
1374 1328 1470 1363 Decii
1503 1331 1628 1374 eapitis

241 1396 504 1430 obtruncatione
541 1395 697 1429 martirio
727 1397 924 1429 coronatur.
998 1394 1128 1429 Passus
1164 1397 1216 1429 est
1248 1398 1361 1429 autem
1386 1395 1479 1430 eirea
1503 1405 1625 1430 annum

241 1461 369 1496 domini
392 1459 537 1497 CCLIII.

767 1782 893 1844 GAP.
938 1732 1102 1844 ΧΧΙΪΙ.
1128 1823 1131 1829 -

523 1885 621 1927 De
672 1883 891 1927 saneto
938 1880 1336 1930 Sebastiano.

327 1991 558 2027 Sebastianus
584 1990 696 2024 dietus
721 1995 773 2025 est
798 2001 817 2025 a
844 2001 993 2035 sequens
1022 1994 1055 2026 et
1081 1990 1261 2025 beatitudo
1278 2019 1286 2033 ,
1321 1994 1356 2024 et
1379 1992 1500 2033 astitit,
1529 1992 1620 2036 quod

236 2061 288 2092 est
312 2059 457 2099 civitas,
493 2059 527 2091 et
552 2066 637 2099 ana,
673 2056 765 2101 quod
792 2060 845 2091 est
873 2067 1030 2099 sursum,
1069 2057 1169 2101 quasi
1197 2066 1347 2101 sequens
1373 2056 1619 2091 beatitudinem

235 2124 387 2156 civitatis
415 2132 567 2157 summae
593 2125 627 2156 et
650 2132 823 2167 supernae
847 2122 1005 2168 gloriae,
1053 2122 1120 2156 hoe
1146 2126 1221 2164 est,
1270 2132 1344 2156 eam
1377 2121 1561 2166 possidens
1588 2126 1622 2155 et

235 2189 437 2233 acquirens:
474 2192 508 2223 et
534 2188 599 2222 boe
624 2188 827 2233 quintuplici
856 2188 1000 2222 denario
1027 2187 1212 2222 secundum
1239 2187 1491 2233 Augustinum,
1534 2196 1617 2231 pau>

235 2257 370 2298 perlate
395 2263 560 2298 regnum,
601 2253 722 2287 dolore
747 2253 911 2299 gaudium
927 2280 935 2291 ,
972 2252 1094 2286 labore
1120 2254 1292 2297 requiem,
1326 2253 1518 2297 ignominia
1542 2252 1617 2297 glo—

235 2319 341 2360 riam,
394 2322 502 2352 morte
530 2319 647 2352 vitam.
704 2318 766 2353 Vel
794 2318 919 2351 dicitur
943 2317 1173 2352 Sebastianus
1198 2328 1219 2351 a
1244 2318 1358 2352 basto.
1406 2317 1490 2352 Nam
1522 2317 1619 2352 miles

236 2383 413 2426 Christus,
442 2394 550 2428 equus
577 2383 746 2426 ecelesia,
773 2383 908 2417 bastum
933 2385 1008 2418 sive
1036 2383 1126 2418 sella
1151 2383 1395 2425 Sebastianus,
1422 2393 1490 2427 quo
1510 2382 1614 2418 medi-

234 2452 313 2483 ante
340 2448 498 2483 Christus
524 2450 556 2482 in
585 2448 733 2483 ecelesia
762 2449 923 2483 militavit
946 2452 980 2483 et
1007 2448 1049 2483 de
1076 2449 1191 2483 multis
1216 2448 1416 2482 martiribus
1439 2449 1617 2483 victoriam

234 2512 390 2547 obtinuit.
425 2513 488 2549 vet
515 2514 747 2549 Sebastianus
771 2515 1021 2558 interpretatur
1043 2514 1194 2549 vallatus
1220 2514 1272 2549 vel
1297 2515 1517 2548 circumiens:
1546 2513 1612 2547 val⁴

235 2578 345 2614 nnus.
374 2581 455 2623 quia
481 2581 621 2624 sagittis
646 2582 819 2625 tamquam
849 2579 998 2614 hericius
1027 2579 1090 2614 suit
1115 2579 1364 2622 ‹tii-cunntanis,
1399 2579 1616 2621 circumiens,

235 2644 314 2686 qnia
341 2653 458 2677 omnes
486 2646 645 2679 martires
670 2645 873 2679 circumibat
897 2649 931 2680 et
958 2656 1075 2680 omnes
1103 2644 1338 2679 confortabat.

324 2711 357 2744 Ι.
388 2707 616 2744 Sebastianus
646 2711 697 2743 vir
719 2710 1048 2749 cin-istianissimus,
1083 2708 1320 2745 Narbonensis
1346 2719 1493 2753 genere.
1530 2709 1615 2743 civis
