1742 3005
238 56 321 94 ⁴36
531 57 625 105 Cap.
659 55 722 91 Cl.
779 56 838 92 De
869 62 1013 106 septem
1045 55 1331 93 dormientibus,

240 165 398 198 fecerunt
434 167 467 196 et
500 160 567 194 dno
601 160 784 195 christiani
814 160 1026 196 Theodorus
1064 166 1099 197 et
1123 161 1265 197 Rufinus
1291 172 1408 197 eorum
1438 162 1628 195 martirium

240 228 478 264 describentes
509 231 611 261 caute
645 227 737 261 inter
770 226 910 272 lapides
944 231 1146 272 posuerunt.
1194 227 1337 263 Mortuo
1375 229 1484 274 igitur
1522 227 1630 261 Decio

239 298 272 329 et
303 298 379 328 tota
410 292 474 327 illa
505 294 735 338 generatione
770 296 852 338 post
877 301 987 326 annos
1013 291 1228 327 CCCLXXII
1252 304 1342 328 anno
1366 293 1468 328 XXX
1494 293 1631 338 imperii

239 359 435 395 Theodosii
460 358 646 404 pullulavit
668 358 830 393 haeresis
857 368 996 400 eorum,
1034 359 1093 403 qui
1130 358 1310 405 negabant
1340 361 1630 394 resurrectionem

237 431 468 467 mortuorum,
505 423 597 459 unde
632 426 857 458 contristatus
885 423 1112 458 Theodosius
1139 423 1452 458 christianissimus
1477 425 1629 469 impera-

238 498 306 534 tor,
333 493 416 537 quia
440 490 541 525 fidem
566 495 634 525 tam
658 492 764 536 impie
792 491 924 535 agitari
951 489 1103 533 videbat,
1134 490 1274 525 indutus
1302 490 1418 525 cilicio
1443 489 1570 525 sedens
1595 491 1630 523 in

237 559 396 593 interiori
421 557 498 591 loco
524 567 588 602 per
614 556 773 602 singulos
798 556 873 590 dies
895 555 1013 591 ssebat.
1064 555 1164 596 Quod
1183 556 1304 591 videns
1319 558 1519 591 misericors
1537 555 1631 590 Deus

238 623 416 658 consolari
433 623 596 668 lugentes
624 626 658 656 et
682 622 887 656 confirmare
903 632 999 666 spem
1015 620 1057 656 de
1071 623 1328 657 resurrectione
1347 622 1457 657 voluit
1475 626 1629 655 mortuo-

238 700 312 723 rum
345 692 379 723 et
413 687 614 722 thesaurum
651 697 735 721 suae
770 687 913 731 pietatis
948 688 1112 732 aperiens
1147 689 1195 722 ita
1230 688 1430 733 praedictos
1467 689 1630 721 martires

238 754 432 788 suscitavit.
481 752 579 786 Misit
603 752 775 798 siquidem
800 753 835 785 in
860 761 922 785 cor
948 751 1129 797 euJusdam
1157 754 1244 787 civis
1268 753 1420 798 Ephesi,
1446 758 1483 787 ut
1508 755 1543 786 in
1571 752 1631 786 illo

239 825 352 855 monte
386 818 592 854 aedificaret
615 818 756 852 stabula
780 816 985 862 pastoribus
1021 819 1106 852 suis,
1157 817 1408 852 Caementariis
1432 819 1632 863 speluncam

237 885 478 932 aperientibus
504 888 732 919 surrexerunt
758 884 871 918 sancti
900 888 935 917 et
958 893 996 918 se
1021 885 1168 918 invicem
1189 884 1383 918 salutantes
1410 884 1580 929 putabant
1593 894 1633 917 se

236 958 367 987 tantum
394 961 464 985 una
488 955 590 985 nocte
617 950 825 984 dormivisse
862 953 896 984 et
931 949 1159 994 praedianam
1192 951 1370 984 tristitiam
1404 950 1634 985 recordantes

238 1021 544 1063 interrogaverunt
568 1015 763 1057 Malehum,
802 1017 859 1061 qui
888 1017 931 1048 iis
956 1017 1229 1058 ministraverat,
1259 1017 1341 1062 quid
1367 1016 1410 1051 de
1437 1018 1480 1051 iis
1507 1016 1634 1051 Decius

237 1085 466 1118 decrevisset.
515 1084 562 1118 At
584 1081 645 1116 ille
670 1081 872 1125 respondit,
908 1083 998 1116 sicut
1022 1082 1110 1116 dixit
1132 1084 1165 1116 in
1190 1093 1289 1117 sero:
1317 1084 1468 1128 quaesiti
1494 1082 1633 1123 suimus,

239 1155 274 1185 nt
298 1149 414 1195 ydolis
447 1148 672 1182 immolemus,
720 1146 809 1181 Ecce
836 1147 929 1192 qnod
963 1147 1006 1182 de
1033 1148 1134 1182 nobis
1162 1151 1295 1194 cogitat
1317 1150 1516 1194 imperator.
1564 1147 1632 1182 Re-

237 1215 380 1261 spondit
404 1214 658 1249 Maximianus:
688 1217 721 1247 et
746 1213 840 1247 Deus
868 1215 953 1256 scit,
983 1214 1075 1259 quod
1100 1226 1168 1249 non
1197 1215 1479 1249 sacrificabimus.
1530 1214 1634 1248 Cum-

236 1294 303 1328 que
329 1282 448 1315 socios
474 1280 724 1322 confortasset,
748 1279 858 1324 jussit
881 1278 1045 1322 Malcho,
1071 1284 1108 1314 ut
1134 1285 1285 1315 eruturus
1308 1291 1416 1325 panes
1442 1281 1485 1315 ad
1512 1280 1633 1314 urbem

236 1347 465 1383 descenderet
491 1349 524 1380 et
548 1346 665 1390 plures
693 1355 793 1391 quam
820 1344 897 1379 heri
925 1345 1078 1381 afferens
1104 1356 1233 1391 panes,
1263 1356 1353 1391 quae
1375 1347 1544 1392 jussisset
1568 1347 1631 1379 im-

234 1418 399 1459 perator,
433 1412 573 1447 rediens
606 1412 794 1445 nuntiaret.
844 1410 988 1446 Tollens
1024 1422 1110 1458 ergo
1140 1412 1284 1448 Marcus
1319 1414 1470 1458 quinque
1496 1411 1631 1446 solidos

238 1480 281 1515 de
305 1479 472 1524 spelunca
497 1479 584 1513 exiit
609 1481 643 1511 et
669 1476 790 1511 videns
813 1477 951 1522 lapides
977 1479 1122 1512 miratus
1149 1482 1222 1521 est,
1258 1478 1320 1514 sed
1347 1478 1443 1513 aliud
1469 1479 1630 1524 cogitans

234 1556 355 1590 parum
389 1544 432 1579 de
465 1543 644 1589 lapidibus
679 1545 860 1589 cogitavit.
910 1543 1061 1579 Veniens
1097 1546 1206 1590 igitur
1238 1545 1381 1579 timidus
1414 1543 1459 1578 ad
1494 1548 1631 1588 portam

234 1611 332 1646 urbis
367 1611 469 1646 valde
503 1611 648 1644 miratus
685 1614 739 1644 est
773 1609 894 1645 videns
931 1613 1151 1655 suppositum
1185 1613 1323 1657 signum
1358 1611 1493 1653 erucis,
1537 1608 1630 1644 unde

233 1688 386 1723 pergens
415 1676 461 1711 ad
494 1676 639 1710 alteram
666 1680 823 1720 portam,
859 1676 937 1710 dum
963 1677 1054 1711 idem
1081 1679 1218 1723 signum
1252 1678 1402 1719 invenit,
1434 1676 1528 1711 ultra
1555 1686 1629 1710 mo-

235 1744 314 1777 dum
349 1745 494 1777 miratus
529 1746 582 1776 est
618 1741 739 1776 videns
780 1752 900 1775 omnes
937 1747 1059 1786 portas
1102 1744 1204 1787 signo
1247 1744 1360 1777 crucis
1398 1744 1561 1787 apposito
1596 1745 1631 1775 et

234 1813 396 1842 mutatam
426 1810 620 1847 civitatem,
657 1808 873 1851 signansque
908 1818 947 1842 se
973 1807 1017 1841 ad
1046 1808 1188 1852 primam
1217 1811 1351 1852 portam
1379 1807 1482 1841 rediit
1506 1807 1628 1840 existi-

232 1885 329 1908 mans
356 1884 395 1908 se
421 1874 607 1908 somniare.
655 1871 751 1906 Unde
785 1882 823 1906 se
859 1872 1065 1907 confirmans
1104 1878 1138 1907 et
1163 1873 1291 1907 vultum
1318 1874 1481 1918 operiens
1507 1873 1627 1906 urbem

232 1940 430 1984 ingreditur
453 1943 488 1974 et
512 1940 655 1972 veniens
683 1937 726 1972 ad
754 1938 955 1973 venditores
981 1950 1106 1983 panum
1132 1940 1265 1973 audivit
1297 1939 1453 1973 homines
1481 1938 1627 1983 loquen-

232 2011 285 2040 tes
312 2006 354 2040 de
382 2005 520 2039 Christo
547 2008 581 2038 et
607 2004 754 2048 amplius
783 2004 1001 2049 stupefactus
1038 2007 1106 2039 ait:
1142 2005 1223 2051 quid
1261 2010 1330 2046 est,
1368 2006 1499 2050 inquit,
1535 2003 1627 2049 qnod

233 2072 308 2107 heri
344 2082 444 2106 nemo
483 2069 654 2104 Christum
692 2069 848 2105 audebat
870 2057 1075 2113 nominare,
1114 2075 1147 2106 et
1173 2081 1261 2105 nunc
1299 2081 1419 2104 omnes
1454 2070 1626 2122 Christum

230 2138 465 2172 confitentur?
505 2140 608 2181 puto,
645 2136 736 2181 quod
770 2135 858 2170 haec
894 2147 962 2170 non
1002 2141 1056 2171 est
1091 2135 1308 2182 Ephesornm
1354 2137 1499 2177 civitas,
1545 2137 1628 2180 qnia

230 2203 336 2237 aliter
367 2202 554 2237 aedificata
587 2206 663 2245 est,
709 2202 773 2237 sed
809 2202 911 2236 aliam
947 2203 1122 2237 civitatem
1157 2204 1275 2237 nescio
1309 2202 1425 2236 talem.
1473 2200 1518 2236 Et
1550 2212 1624 2236 (tum

230 2270 456 2315 interrogans
480 2268 687 2310 audivisset,
714 2267 804 2302 hanc
831 2278 911 2302 esse
934 2267 1122 2312 Ephesum,
1150 2277 1270 2302 errare
1296 2269 1472 2302 veraciter
1498 2278 1537 2303 se
1561 2279 1624 2312 pn-

228 2336 316 2368 tavit
348 2338 383 2369 et
415 2334 530 2369 redire
563 2333 607 2367 ad
644 2335 761 2368 socios
797 2335 988 2379 cogitavit,
1024 2335 1174 2368 accessit
1210 2338 1324 2369 tamen
1363 2333 1407 2367 ad
1444 2344 1525 2375 eos,
1566 2334 1623 2378 qni

228 2410 352 2444 panem
379 2399 595 2442 vendebant,
644 2403 678 2434 ct
701 2410 775 2434 cum
802 2403 992 2444 argenteos
1018 2399 1246 2445 protulisset,
1283 2401 1397 2433 mirati
1423 2399 1621 2433 venditores

229 2465 394 2500 dicebant
428 2465 472 2500 ad
506 2467 678 2508 invicem,
713 2465 807 2511 quod
841 2465 900 2499 ille
930 2465 1071 2510 juvenis
1096 2467 1274 2511 antiqumn
1300 2465 1500 2500 thesaurum
1524 2464 1621 2496 inve-

227 2532 348 2573 nisset,
373 2531 536 2566 Malchus
551 2542 632 2566 vero
661 2542 721 2566 eos
748 2531 793 2565 ad
822 2532 968 2566 invicem
996 2531 1180 2577 loquentes
1201 2531 1323 2567 videns
1344 2527 1500 2574 putabat,
1528 2527 1620 2572 qnod

228 2595 357 2629 vellent
381 2608 455 2630 cum
482 2596 622 2632 trahere
647 2596 691 2630 ad
720 2598 985 2641 imperatorem,
1013 2602 1047 2632 ct
1071 2599 1214 2632 territus
1241 2595 1382 2641 rogavit
1409 2603 1469 2627 cos
1486 2620 1494 2631 ,
1520 2597 1556 2626 ut
1581 2604 1620 2628 sc

226 2659 439 2694 dimitterent
473 2666 505 2695 et
540 2673 648 2706 panes
682 2667 716 2698 et
740 2667 932 2710 argenteos
959 2664 1159 2698 retinerent.
1208 2661 1254 2695 At
1279 2659 1329 2693 illi
1356 2662 1515 2694 tenentes
1543 2669 1618 2694 cum
