1742 3005
262 107 341 146 116
510 108 606 158 Cap.
637 106 771 143 XXIV.
829 106 887 143 De
918 111 1049 143 sancta
1079 107 1222 155 Agnete
1255 104 1413 155 virgine.

263 213 440 259 pulchrum
469 213 614 257 virginis
639 221 707 244 non
732 210 920 246 laeserunt.
969 209 1103 255 Corpus
1131 215 1242 246 autem
1267 209 1532 246 Emerentianae
1551 210 1654 255 juxta

264 288 390 323 corpus
429 281 570 311 sanctae
603 276 750 322 Agnetis
783 276 933 320 positum
960 278 1024 310 est.
1095 276 1248 322 Cumque
1272 280 1437 321 parentes
1463 277 1538 321 ejus
1563 275 1652 311 VIII.

263 346 319 379 die
340 345 444 389 juxta
470 342 632 376 tumulum
668 341 877 387 vigilarent,
927 341 1087 376 vIderunt
1119 341 1260 376 eliorum
1291 342 1465 386 virginum
1499 340 1653 376 vestibus

264 410 380 444 aureis
405 407 620 449 radiantem,
656 408 748 441 inter
772 416 859 452 quas
883 406 1044 441 viderunt
1068 405 1208 441 beatam
1232 407 1404 453 Agnetem
1428 406 1532 440 simili
1558 410 1654 441 veste

265 476 453 521 fulgentem
479 477 513 508 et
537 483 559 507 a
582 472 714 508 dextris
741 473 818 517 ejus
842 472 1080 507 candidiorem
1108 482 1235 518 agnum
1259 473 1338 507 nive
1365 474 1524 506 stantem.
1571 471 1652 512 Qui-

265 541 329 576 bus
354 541 431 574 illa:
482 538 618 581 videte,
666 548 708 572 ne
735 548 787 572 me
813 539 914 583 quasi
941 542 1110 573 mortuam
1134 538 1310 584 lugeatis,
1346 536 1408 572 sed
1435 536 1654 583 congaudete

265 616 395 642 mecum
420 608 454 640 et
478 603 793 650 congratulamini,
839 605 921 649 quia
948 613 1022 638 eum
1044 603 1097 638 liis
1123 603 1281 638 omnibus
1307 601 1440 637 lucidas
1466 601 1569 636 sedes
1594 611 1653 636 ae-

263 674 352 718 cepi.
400 670 549 714 Propter
574 669 663 703 lianc
688 671 855 703 visionem
880 669 1077 704 celebratur
1103 669 1225 704 festum
1250 669 1399 715 Agnetis
1418 667 1584 702 secundo.
1610 687 1652 693 —-

264 759 309 764 --
331 757 376 763 —
401 740 445 774 3.
472 735 678 769 Constantia
705 735 828 779 virgo,
867 735 940 768 tilia
964 734 1200 776 Constantini,
1237 735 1338 779 lepra
1366 735 1577 779 gravissima
1600 733 1653 767 la-

265 804 394 837 borans
419 811 493 835 cum
518 799 606 833 hanc
632 800 801 833 visionem
827 799 1009 842 audiisset,
1033 800 1197 834 tumulum
1224 801 1300 845 ejiis
1326 799 1413 833 adiit
1436 802 1470 832 et
1487 797 1548 840 ibi,
1576 798 1653 832 dum

265 872 300 903 in
325 867 483 902 oratione
510 866 738 910 persisteret,
788 852 997 899 ohdormivit
1029 864 1183 911 viditque
1216 865 1355 899 beatam
1389 863 1560 910 Agnetem
1587 863 1654 897 sibi

264 934 455 969 dicentem:
479 935 682 965 constanter
706 941 774 977 age
797 930 1015 973 Constantia,
1042 932 1071 965 si
1099 933 1132 965 in
1157 924 1546 972 Christumcredideris,
1572 939 1653 964 con-

264 1002 360 1034 tinuo
394 996 616 1032 liberaberis.
688 995 744 1030 Ad
778 995 866 1030 hane
900 1006 1020 1031 vocem
1055 997 1226 1043 evigilans
1251 996 1406 1042 perfecte
1432 1006 1470 1030 se
1496 999 1654 1031 sanatam

264 1066 418 1106 Invenit,
468 1072 558 1108 quae
591 1061 798 1106 baptismum
831 1063 1003 1106 recipiens
1035 1072 1142 1107 super
1175 1072 1300 1107 corpus
1336 1066 1479 1096 sanctae
1504 1062 1654 1108 Agnetis

265 1131 447 1166 basilicam
480 1129 562 1164 fecit
585 1131 619 1162 et
642 1127 691 1161 ibi
716 1129 750 1161 in
777 1129 977 1173 virginitate
1004 1127 1136 1173 degens
1162 1128 1286 1162 multas
1314 1127 1471 1172 exemplo
1498 1138 1561 1162 suo
1586 1128 1651 1163 ibi-

266 1198 341 1232 dem
369 1197 525 1241 virgines
551 1195 776 1239 aggregavit.
803 1214 848 1219 —-
870 1213 914 1219 —
939 1214 983 1219 -
1010 1197 1053 1230 4.
1081 1194 1226 1234 Quidam
1254 1196 1307 1229 vir
1329 1195 1466 1228 nomine
1485 1193 1666 1253 Paulinus·
1695 1223 1699 1227 .

264 1266 300 1298 in
333 1262 483 1298 ccclesia
515 1263 658 1294 sanctae
687 1259 838 1305 Agnetis
873 1259 1062 1294 sacerdotii
1097 1259 1244 1305 fungens
1280 1260 1395 1293 osticio
1428 1261 1516 1294 mira
1539 1261 1656 1304 eoepit

266 1330 381 1363 carnis
408 1327 602 1361 tentatione
629 1326 768 1367 vexari,
796 1325 858 1360 sed
885 1336 959 1359 cum
988 1325 1097 1360 Deum
1123 1325 1300 1360 offendere
1326 1325 1450 1367 nollet,
1477 1335 1499 1359 a
1524 1335 1653 1360 summo

264 1393 428 1440 pontifice
452 1392 625 1426 licentiam
652 1393 753 1436 petiit
773 1390 1011 1426 contrahendi.
1084 1391 1190 1436 Cujus
1215 1391 1404 1426 bonitatem
1432 1396 1466 1426 et
1490 1392 1655 1437 simplici--

265 1464 371 1494 tatem
406 1468 501 1503 papa
533 1456 760 1491 considerans
795 1457 955 1491 annulum
987 1458 1018 1492 ei
1048 1467 1122 1492 cum
1148 1456 1336 1503 smaragdo
1362 1456 1457 1492 dedit
1480 1461 1514 1492 et
1533 1458 1653 1503 jussit,

246 1525 302 1560 *ut
327 1525 482 1569 ,imagini
509 1524 684 1557 formosae
709 1522 835 1557 beatae
859 1523 1029 1568 Agnetis,
1078 1532 1168 1568 quae
1195 1524 1228 1555 in
1253 1532 1319 1556 sua
1342 1523 1490 1558 ecclesia
1516 1523 1654 1568 depicta

266 1595 355 1633 erat,
382 1600 425 1624 ex
450 1592 550 1634 parte
576 1598 639 1622 sua
664 1589 896 1632 praeciperet,
922 1592 959 1622 ut
985 1600 1022 1623 se
1046 1589 1262 1633 permitteret
1291 1587 1509 1632 desponsari.
1552 1589 1653 1623 Cum-

267 1667 333 1702 que
359 1655 425 1689 hoc
449 1653 615 1689 sacerdos
639 1655 794 1699 yniagini
818 1654 1025 1698 imperaret,
1067 1655 1128 1688 illa
1152 1655 1315 1688 continuo
1339 1653 1483 1699 digitum
1508 1654 1654 1689 annula-

266 1733 338 1757 rem
371 1722 558 1766 porrigens
591 1723 624 1753 ct
658 1720 785 1754 annulo
818 1724 980 1764 suscepto
1008 1720 1150 1765 digitum
1176 1719 1358 1755 retrahens
1385 1730 1517 1755 omnem
1540 1724 1654 1755 tenta-

265 1789 394 1822 tionem
420 1796 441 1820 a
468 1785 651 1820 sacerdote
678 1785 825 1831 fugavit.
892 1785 1096 1820 PraedIctus
1122 1790 1236 1819 tamen
1262 1785 1408 1819 annulus
1432 1785 1544 1819 adhuc
1569 1785 1653 1820 dici-

266 1857 322 1888 tnr
346 1855 381 1886 in
409 1853 485 1897 ejus
512 1851 623 1897 digito
649 1861 833 1895 apparere.
879 1851 974 1885 Alibi
998 1856 1113 1886 tamen
1138 1852 1289 1897 legitur,
1325 1850 1417 1895 quod
1441 1860 1516 1885 cum
1543 1850 1651 1885 eccle-

267 1921 322 1953 sia
354 1918 480 1952 beatae
509 1917 657 1962 Agnetis
691 1920 828 1959 rueret,
878 1927 971 1962 papa
1004 1916 1138 1951 cuidam
1165 1917 1341 1951 sacerdoti
1365 1916 1472 1957 dixit,
1521 1927 1559 1950 se
1587 1916 1654 1950 sibi

269 1984 358 2018 velle
387 1982 559 2028 quandam
585 1992 749 2027 sponsam
775 1982 1038 2017 custodiendam
1063 1987 1097 2018 et
1121 1981 1358 2024 nntriemlam,
1386 1982 1518 2017 scilicet
1543 1982 1653 2017 eecle-

268 2051 355 2084 siam
379 2053 521 2083 sanctae
548 2048 697 2093 Agnetis
719 2050 944 2091 connnittere,
974 2048 1130 2094 dansque
1156 2050 1187 2083 ei
1209 2048 1370 2082 annulum
1391 2048 1518 2093 jussit,
1545 2051 1580 2082 ut
1601 2047 1652 2082 di-

268 2118 357 2148 ctam
381 2115 575 2160 ymaginem
602 2113 974 2160 desponsaret,‘qnam
1000 2114 1062 2148 illa
1087 2113 1295 2149 extendente
1320 2117 1354 2149 et
1377 2113 1577 2149 retrahente
1601 2114 1653 2148 di-

268 2180 376 2225 gitum
403 2172 642 2223 desponsavit.
689 2179 739 2213 De
765 2179 830 2213 hac
854 2181 988 2225 virgine
1015 2179 1098 2214 dicit
1119 2178 1324 2213 Ambrosius
1352 2180 1386 2212 in
1409 2179 1499 2212 libro
1527 2180 1569 2214 de
1584 2182 1652 2215 vir-

268 2244 430 2290 ginibus:
471 2230 563 2277 'lianc
589 2254 713 2287 senes,
750 2244 839 2278 hanc
863 2247 1034 2291 juvenes,
1063 2244 1151 2278 lianc
1177 2245 1276 2289 pueri
1304 2249 1449 2282 canant,
1476 2256 1575 2280 nemo
1602 2251 1654 2281 est

268 2309 490 2351 laudabilior,
518 2319 618 2354 quam
646 2311 701 2354 qni
729 2309 772 2343 ab
799 2310 956 2344 omnibus
983 2310 1118 2344 laudari
1145 2314 1273 2354 potest,
1301 2314 1385 2355 quot
1409 2310 1578 2354 homInes,
1604 2315 1655 2345 tot

268 2385 482 2420 praecones,
521 2376 578 2419 qui
600 2377 775 2410 martirem
803 2375 1026 2421 praedicant,
1059 2375 1136 2410 dum
1162 2375 1360 2421 loquuntur.
1409 2370 1554 2421 Stupete
1579 2377 1653 2411 uni-

270 2442 382 2483 versi,
409 2439 502 2486 quod
524 2441 597 2485 Jam
626 2441 818 2475 divinitafis
844 2443 944 2476 testis
968 2443 1162 2483 exstiterit,
1189 2451 1279 2486 quae
1306 2441 1418 2477 adhuc
1441 2441 1576 2476 arbitra
1601 2443 1653 2476 sni

269 2516 331 2549 per
354 2509 504 2541 aetatem
533 2516 612 2541 esse
635 2517 702 2541 non
728 2511 859 2552 posset.
906 2505 1002 2541 Fecit
1021 2506 1183 2552 denique,
1211 2510 1247 2541 ut
1274 2507 1305 2541 ei
1332 2506 1374 2541 de
1396 2507 1469 2542 Deo
1494 2506 1655 2542 credere-

268 2574 334 2611 tur,
366 2572 399 2614 ¹)
425 2572 479 2604 cui
506 2571 547 2606 de
572 2571 709 2607 liomine
735 2572 846 2607 adhuc
871 2583 939 2606 non
967 2572 1185 2614 crederetur,
1215 2573 1297 2617 quia
1321 2571 1412 2616 quod
1438 2571 1529 2606 ultra
1554 2575 1652 2607 natu>

338 2716 362 2743 1)
384 2715 478 2741 ἰὀιἸιη
509 2726 567 2741 cni
590 2730 617 2736 ·-
640 2716 812 2742 vro-ivre·
827 2728 864 2743 ur
892 2717 997 2745 dosunt
1020 2717 1046 2742 ln
1069 2715 1118 2742 ΗΛ.
1141 2719 1182 2742 ''¹‘-
