1742 3005
255 118 335 158 672
532 115 627 163 Cap.
661 112 830 150 CXLIX.
888 112 946 150 De
977 119 1105 150 sancto
1136 114 1354 153 Francisco.

256 226 364 269 longa
388 219 585 255 infirmitate
610 217 790 252 consectus
816 227 923 263 super
947 217 1073 252 nudam
1099 218 1234 254 hunnum
1260 222 1342 265 poni
1368 231 1405 256 se
1432 220 1514 256 tecit
1541 219 1639 255 secit-

256 300 323 335 que
357 295 475 321 omnes
511 284 639 318 fratres
672 282 803 317 ibidem
836 284 1043 318 assistentes
1078 283 1124 318 ad
1152 294 1191 318 se
1218 286 1338 319 vocari
1363 290 1397 320 et
1423 296 1543 320 :nanus
1570 287 1640 319 siu-

254 354 347 399 gulis
373 353 555 397 imponens
582 349 742 383 omnibus
768 348 816 383 ibi
844 349 1092 394 praesentibus
1118 348 1299 384 benedixit
1327 354 1361 385 et
1384 352 1495 386 instar
1512 361 1642 387 coenae

256 419 449 452 dominicae
474 416 624 463 singulis
649 415 824 451 bucellam
849 416 950 460 panis
978 415 1110 450 divisit.
1158 414 1354 458 Invitabat,
1390 420 1427 450 ut
1458 418 1564 451 moris
1590 417 1642 450 sui

256 488 349 526 erat,
375 494 493 517 omnes
518 486 698 517 creaturas
725 481 769 516 ad
797 480 934 516 laudem
960 480 1042 524 Dei3
1069 491 1146 516 nam
1164 485 1198 516 et
1214 486 1359 516 mortem
1381 483 1492 527 ipsam
1512 483 1643 516 cunctis

255 550 447 585 terribilem
474 553 507 584 et
532 558 674 583 exosam
701 547 909 582 hortabatur
933 547 978 582 ad
1004 547 1143 583 laudem
1170 548 1272 593 eique
1296 548 1409 583 laetus
1436 548 1587 582 occurrit
1613 550 1646 581 et

255 616 300 651 ad
325 626 422 650 suum
450 614 621 649 invitabat
644 613 833 659 hospitium
860 613 999 649 dicens:
1031 614 1120 655 bene
1155 615 1274 649 veniat
1307 624 1411 650 soror
1436 624 1513 649 mea
1538 623 1642 647 mors.

256 682 309 716 Ad
353 685 539 716 extremam
583 681 692 725 igitur
723 679 845 714 horam
880 682 1021 715 veniens
1060 679 1224 713 dormivit
1256 681 1292 714 in
1327 680 1477 714 (lumino.
1537 680 1644 724 Cujus

255 749 404 781 animam
439 746 577 791 quidam
613 745 724 779 srater
754 745 842 778 vidit
875 746 910 778 in
952 745 1089 778 modum
1130 745 1256 780 stellae
1297 746 1421 780 similis
1461 744 1565 780 lunae
1610 746 1643 778 in

256 815 461 860 quantitate,
481 811 548 846 soli
566 811 600 844 in
618 809 819 854 splendore.
851 809 1017 844 Minister
1031 810 1173 844 fratrum
1192 811 1334 845 interra
1352 811 1487 845 laboris
1508 812 1644 845 nomine

255 881 474 926 Augustinus
510 878 545 910 in
578 876 667 910 hora
692 877 766 921 Jatn
798 875 920 910 ultima
954 877 1111 921 positus,
1156 886 1230 910 eum
1265 875 1324 910 diu
1360 877 1435 920 Jam
1469 877 1643 911 amisisset

256 945 453 991 loquelam,
486 943 602 978 subito
640 941 794 976 clamans
832 941 939 976 dixit:
985 946 1151 986 exspecta
1183 951 1258 985 me,
1304 946 1425 987 pater,
1459 945 1644 986 exspecta;

257 1022 339 1048 ecee
360 1012 434 1056 jam
460 1011 561 1045 venio
586 1013 711 1043 tecum.
761 1007 1016 1047 Quaerentibus
1050 1007 1239 1051 fratribus,
1275 1008 1358 1054 quid
1386 1008 1538 1050 diceret,
1575 1009 1643 1042 ait:

256 1088 324 1111 non
349 1076 476 1111 videtis
503 1079 636 1120 patrem
663 1078 818 1108 nostrum
845 1073 1086 1117 Franciscum,
1120 1076 1179 1120 qui
1214 1074 1311 1110 vadit
1336 1075 1369 1109 in
1395 1074 1556 1109 coelum?
1602 1071 1645 1108 Et

256 1144 373 1178 statim
410 1142 445 1174 in
479 1151 564 1186 pace
599 1139 812 1174 obdormivit
843 1143 877 1173 et
910 1143 1044 1184 patrem
1076 1145 1217 1175 secutus
1245 1146 1310 1176 est.
1362 1140 1445 1176 Cum
1472 1139 1643 1186 quaedam

257 1208 416 1250 domina,
450 1217 540 1252 quae
572 1206 678 1241 beato
713 1204 902 1239 Francisco
934 1204 1063 1240 devota
1087 1209 1290 1251 exstiterat,
1331 1208 1421 1242 viam
1456 1207 1643 1240 universae

258 1276 373 1310 earnis
404 1274 530 1308 suisset
556 1273 742 1318 ingressa,
779 1275 814 1305 et
844 1270 963 1305 clerici
998 1275 1032 1306 et
1065 1272 1256 1316 presbiteri
1291 1272 1422 1308 feretro
1456 1273 1643 1317 exsequias

256 1341 477 1378 celebrantes
497 1338 692 1380 adstarent,
719 1336 835 1372 subito
856 1347 895 1372 se
918 1336 1043 1372 mulier
1068 1339 1174 1383 erigit
1200 1348 1307 1382 super
1330 1337 1455 1373 lectum
1485 1342 1519 1374 et
1541 1349 1642 1372 unum

257 1409 300 1444 de
333 1405 555 1442 adstantibus
587 1402 832 1439 sacerdotibus
867 1407 969 1438 vocat
1002 1403 1140 1439 dicens:
1175 1404 1276 1447 volo,
1310 1409 1434 1449 pater,
1466 1403 1642 1443 eonfiteri;

256 1487 323 1522 ego
350 1475 461 1515 enim,
488 1477 602 1518 pater,
631 1474 768 1506 mortua
796 1469 929 1504 fueram
955 1473 989 1504 et
1016 1469 1092 1504 diro
1116 1480 1210 1505 eram
1241 1471 1375 1505 carceri
1399 1469 1642 1515 mancipanda,

256 1542 419 1587 quoniam
457 1542 655 1584 pecc-atum,
691 1536 782 1582 quod
816 1536 882 1570 tibi
914 1536 1081 1581 pandam,
1115 1536 1262 1571 necdum
1298 1536 1464 1571 consessa
1497 1536 1640 1577 sueram,

256 1607 320 1643 sed
346 1609 468 1640 orante
486 1615 549 1649 pro
569 1614 620 1638 me
647 1607 767 1637 sancto
783 1602 973 1637 Francisco
1000 1602 1045 1637 ad
1068 1613 1195 1648 corpus
1221 1602 1305 1636 mihi
1333 1602 1449 1638 redire
1473 1602 1640 1637 indultum

255 1678 325 1717 cst,
359 1677 397 1707 ut
431 1671 491 1705 illo
524 1668 680 1704 revelato
716 1672 861 1713 peccato
890 1669 1025 1704 veniam
1058 1679 1212 1712 merear;
1249 1670 1454 1715 statimque,
1487 1673 1524 1703 ut
1548 1668 1641 1702 istud

254 1739 549 1779 manifestavero,
595 1736 630 1769 in
680 1744 767 1779 pace
809 1735 1032 1770 cernentibus
1077 1736 1179 1770 vobis
1221 1736 1408 1781 quieseant.
1470 1734 1640 1769 Gont'essa

255 1807 363 1851 igitur
406 1808 440 1839 et
482 1801 705 1837 absolutione
744 1805 886 1845 recepta
919 1811 998 1835 mox
1038 1803 1071 1835 in
1104 1801 1241 1835 (lexuino
1280 1801 1503 1836 obdormivit.
1558 1799 1639 1833 Cum

255 1872 382 1905 fratres
418 1868 461 1903 de
487 1868 612 1903 Vicera
647 1867 838 1911 plaustrum
873 1866 1047 1911 quoddam
1073 1876 1094 1900 a
1122 1867 1270 1911 quodam
1296 1867 1370 1901 viro
1397 1868 1512 1898 mutuo
1540 1869 1639 1908 pete-

254 1939 350 1977 rent,
385 1934 444 1968 ille
477 1932 678 1978 indignatus
715 1930 918 1975 respondit:
958 1941 1025 1975 ego
1067 1932 1184 1975 potius
1226 1931 1314 1964 duos
1354 1941 1397 1965 ex
1431 1930 1532 1963 vobis
1565 1941 1638 1964 eum

254 2006 376 2037 sancto
402 1999 589 2034 Francisco
617 1998 851 2038 excoriarem,
887 2006 987 2041 quam
1022 1995 1216 2040 plaustrum
1240 2007 1350 2031 meum
1376 1995 1476 2030 vobis
1502 2005 1637 2030 accom-

254 2067 442 2102 modarem.
491 2063 561 2098 Sed
581 2065 613 2097 in
631 2073 669 2097 se
685 2071 847 2097 reversus
867 2065 976 2095 semet
999 2062 1110 2106 ipsum
1136 2061 1322 2107 redarguit
1345 2065 1379 2096 et
1402 2060 1641 2105 blasphemiae

255 2133 427 2179 poenituit
452 2132 538 2165 iram
568 2128 632 2163 Dei
658 2126 870 2169 formidans,
905 2136 1055 2172 moxque
1088 2127 1179 2161 lilius
1210 2129 1287 2173 ejus
1319 2126 1510 2162 infirmatur
1537 2132 1571 2162 et
1595 2127 1640 2162 ad

254 2204 410 2235 extrema
443 2196 639 2232 deducitur.
689 2194 754 2234 Qui
788 2193 895 2227 lilium
928 2192 1124 2227 defunctum
1156 2192 1278 2228 videns
1310 2194 1346 2227 in
1377 2197 1472 2228 terra
1504 2193 1641 2228 voluta-

254 2266 358 2300 batur
395 2268 430 2298 et
461 2262 546 2297 ssens
582 2264 617 2296 et
641 2264 797 2294 sanetum
821 2258 1044 2293 Franciscum
1070 2259 1237 2293 invocans
1263 2258 1419 2294 dicebat:
1453 2270 1520 2304 ego
1551 2268 1638 2302 sum,

255 2332 313 2377 qui
346 2330 508 2375 peceavi,
540 2337 593 2361 me
628 2325 810 2371 flagellare
845 2324 1016 2366 debuisti;
1059 2324 1187 2367 redde,
1228 2330 1369 2367 sancte,
1409 2325 1483 2370 jam
1515 2324 1640 2360 devote

226 2398 433 2442 vprecanti,
477 2404 566 2440 quae
608 2392 786 2426 abstulisti
828 2392 931 2434 impie
971 2389 1241 2434 blasphemanti.
1302 2390 1387 2426 Mox
1431 2390 1521 2425 filius
1564 2391 1640 2436 ejus

256 2463 409 2497 surrexit
441 2465 475 2496 et
500 2460 673 2505 planctum
708 2456 898 2502 prohibens
924 2458 992 2490 ait:
1028 2466 1102 2490 cum
1138 2460 1292 2490 mortuns
1331 2467 1463 2499 esseni,
1497 2460 1637 2491 sanctus

257 2529 464 2563 Franciscus
497 2537 559 2570 per
591 2523 761 2570 quandam
799 2524 889 2557 viam
923 2522 1063 2568 longam
1099 2525 1133 2557 et
1166 2521 1350 2556 obscuram
1374 2533 1426 2557 ine
1452 2521 1578 2555 ducens
1604 2521 1637 2553 in

259 2594 407 2638 quodam
432 2591 570 2626 tandem
596 2602 648 2625 me
675 2589 842 2625 viridario
869 2587 1100 2633 pulcherrimo
1127 2588 1313 2623 collocavit
1339 2597 1381 2622 ac
1406 2585 1532 2620 deinde
1551 2584 1638 2619 dixit

259 2658 360 2691 mihi:
390 2663 564 2692 revertere
589 2656 633 2690 ad
660 2659 792 2700 patrem
820 2659 924 2696 tuum,
955 2654 1035 2688 nolo
1063 2658 1096 2689 te
1122 2654 1268 2698 amplius
1295 2652 1462 2686 detinere.
1501 2650 1638 2695 Pauper

259 2721 395 2767 «puidam
423 2722 555 2755 cuidam
583 2722 681 2757 diviti
708 2720 837 2756 debens
857 2720 1028 2766 quandam
1049 2720 1219 2765 pecuniae
1238 2718 1463 2762 quantitatem
1484 2718 1634 2762 rogavit,
