1742 3005
266 115 347 156 764
533 115 630 164 Cap.
659 112 857 150 CLXVIII.
916 111 976 149 De
1005 115 1137 148 sancta
1166 110 1378 150 Elizabetli.

265 222 437 254 vanitates
462 217 598 260 aliquas
625 224 803 250 exercere.
852 214 1072 260 Interrogata
1107 224 1189 248 vero
1216 215 1333 258 puella
1358 225 1379 249 a
1403 214 1509 250 beata
1532 211 1647 246 Eliza-

264 284 368 326 beth,
404 286 514 316 utrum
548 280 737 325 aliquando
770 280 924 314 salubris
953 281 1047 315 vitae
1072 280 1289 324 propositum
1315 281 1555 324 concepisset,
1591 288 1648 312 re-

263 347 428 393 spondit,
463 346 555 391 quod
585 345 719 390 jamdiu
751 345 907 380 habitum
942 346 1126 391 religionis
1162 345 1408 386 assumsisset,
1451 346 1519 378 nisi
1552 347 1650 378 tanta

264 415 390 449 suisset
416 415 452 447 in
477 423 520 447 ea
545 411 733 447 delectatio
760 412 793 445 in
819 411 969 456 capillis.
1018 410 1060 446 Et
1086 410 1166 444 illa:
1199 411 1316 444 carius
1343 414 1397 444 est
1421 409 1523 451 mihi,
1557 408 1650 454 quod

265 480 414 525 capillos
434 478 644 524 perdideris,
666 487 766 523 quam
788 479 817 511 si
835 477 926 511 iilius
945 487 1040 511 meus
1057 476 1182 510 fnisset
1196 477 1228 510 in
1242 477 1420 520 imperinm
1431 474 1650 509 sublimatus.

264 545 436 580 Continuo
463 546 572 590 igitur
599 543 718 588 puella
745 542 899 577 habitum
929 542 1114 588 religionis
1136 542 1248 576 induit
1268 543 1355 576 etin
1380 539 1548 585 hospitali
1576 549 1650 573 cum

264 612 368 646 beata
379 608 563 644 Elizabetli
580 609 713 655 degens
725 608 937 643 laudabilem
952 609 1055 642 vitam
1073 607 1182 642 duxit.
1212 607 1294 642 Cum
1312 606 1482 653 quaedam
1498 615 1651 650 pauper-

263 676 342 711 cula
363 676 466 709 tiliam
487 676 698 719 peperisset,
720 674 826 708 beata
843 673 1029 708 Elizabeth
1048 673 1152 707 filiam
1173 673 1216 708 de
1237 683 1338 707 sacro
1361 673 1456 706 sonte
1471 671 1600 706 levavit
1618 673 1653 704 et

263 752 387 776 nomen
410 751 520 781 suum,
548 740 724 784 ¹)seilicet
743 738 936 780 Elizabeth,
965 739 1076 773 eidem
1096 740 1260 783 imposuit
1276 742 1310 773 et
1329 740 1429 772 matri
1451 738 1651 772 necessaria

264 807 486 848 ministravit,
512 807 562 839 ita
581 808 618 838 ut
634 803 676 838 de
696 803 836 848 pellicio
858 803 1008 838 ancillae
1025 813 1110 838 suae
1124 805 1278 838 manicas
1291 803 1453 838 auferens
1472 803 1515 837 ad
1537 802 1650 837 invol-

264 871 409 907 vendum
436 871 585 916 puellam
620 869 689 905 sibi
721 870 895 903 tribueret
925 873 960 903 et
991 869 1130 903 calceos
1158 870 1323 913 proprios
1348 869 1460 903 eidem
1492 869 1650 903 donaret.

263 937 348 973 Post
370 941 443 972 tres
469 940 582 971 autem
609 936 822 980 septimanas
849 935 972 969 mulier
997 935 1141 969 dimissa
1167 935 1284 979 puella
1309 934 1460 969 latenter
1485 944 1558 968 cnm
1577 935 1651 968 viro

264 1014 328 1038 suo
363 1002 512 1048 aufugit.
563 1001 660 1042 Quod
695 1011 769 1034 cum
811 1004 952 1034 sanctae
984 1000 1167 1035 Elizabetli
1200 1003 1392 1035 nuntiatum
1428 999 1574 1042 fnisset,
1617 1000 1652 1034 in

264 1070 458 1103 orationem
485 1077 524 1101 se
549 1067 645 1101 dedit
670 1070 705 1100 et
734 1067 786 1099 vir
814 1070 847 1100 et
871 1066 994 1100 muller
1023 1066 1116 1100 ultra
1141 1066 1310 1112 progredi
1327 1077 1395 1100 non
1421 1066 1578 1101 valentes
1606 1065 1651 1100 ad

264 1136 375 1179 ipsam
409 1134 523 1167 coacti
558 1133 737 1166 redierunt
770 1136 804 1166 et
837 1131 879 1165 ab
913 1141 955 1166 ea
990 1133 1125 1166 veniam
1166 1132 1398 1176 postulantes.
1459 1131 1572 1173 Quos,
1615 1135 1653 1165 ut

259 1201 391 1246 justum
418 1202 514 1240 erat,
549 1198 592 1233 de
618 1197 872 1243 ingratitudine
898 1196 1134 1242 redarguens,
1171 1199 1222 1231 eis
1251 1197 1400 1241 puellam
1434 1196 1650 1231 nutriendam

263 1265 409 1300 tradidit
443 1268 477 1299 ct
506 1264 548 1298 dc
574 1264 788 1298 necessariis
822 1264 865 1296 iis
901 1262 1065 1307 providit.
1116 1263 1429 1307 Appropinquante
1455 1273 1537 1296 vero
1564 1267 1651 1297 tem-

263 1342 362 1378 pore,
383 1342 450 1376 quo
465 1330 624 1364 dominns
635 1329 796 1363 dilectam
813 1338 909 1362 suam
927 1328 969 1363 de
987 1327 1101 1362 mnndi
1121 1328 1302 1374 ergastulo
1320 1338 1446 1362 vocare
1463 1327 1651 1372 disposuit,

262 1402 319 1440 ut,
358 1407 447 1443 quae
472 1399 706 1431 contemserat
731 1405 875 1440 regnum
901 1394 1117 1436 mortalium,
1147 1404 1291 1440 regnum
1317 1395 1515 1438 perciperet
1541 1404 1649 1440 ange-

263 1463 388 1505 lorum,
416 1465 449 1506 ²)
464 1462 624 1497 Christus
650 1461 729 1495 sibi-
746 1461 912 1505 apparuit
936 1460 1080 1494 dicens:
1107 1461 1199 1503 veni⁷
1228 1459 1358 1494 dilecta
1376 1469 1462 1502 mea,
1490 1461 1524 1493 in
1548 1469 1652 1504 prac—

263 1533 390 1574 parata
416 1528 480 1562 tibi
506 1532 651 1562 aeterna
676 1526 916 1561 tabernacula.
967 1526 1052 1560 Dum
1079 1526 1186 1571 igitur
1212 1525 1311 1560 febre
1334 1529 1496 1570 correpta
1515 1525 1653 1560 decum-

265 1594 366 1628 beret
385 1597 419 1628 et
436 1592 479 1627 ad
499 1595 667 1637 parietem
689 1593 812 1627 faeiem
834 1602 968 1626 versam
988 1596 1144 1633 teneret,
1170 1591 1290 1626 audita
1315 1595 1368 1625 est
1387 1601 1407 1625 a
1426 1592 1652 1625 circumstan-

264 1659 359 1693 tibus
385 1658 621 1692 dulcissimam
648 1668 808 1702 promere
827 1658 1022 1693 melodiam.
1071 1658 1168 1697 Quae
1195 1668 1268 1692 cum
1288 1657 1331 1690 ab
1354 1667 1421 1691 nna
1439 1657 1653 1699 ancillarum,

265 1724 429 1770 quidnam
452 1723 517 1757 lioc
533 1727 638 1764 esset,
655 1727 880 1767 percunctata
901 1722 1038 1764 suisset,
1067 1723 1128 1756 illa
1154 1723 1353 1767 respondit:
1380 1722 1520 1757 avicula
1544 1732 1651 1767 quac-

266 1790 343 1824 dam
365 1791 524 1824 interme
541 1792 575 1822 et
592 1789 758 1833 parietem
780 1798 819 1821 se
837 1798 968 1832 ponens
984 1792 1052 1821 tam
1075 1789 1230 1821 suaviter
1250 1789 1394 1830 cecinit,
1423 1788 1515 1833 quod
1536 1799 1588 1823 me
1608 1787 1653 1821 ad

265 1854 455 1889 canendum
475 1854 637 1888 similiter
654 1855 871 1898 provocavit.
906 1852 942 1887 In
961 1854 1039 1897 ipsa
1062 1858 1173 1887 autem
1198 1855 1252 1887 sui
1272 1853 1493 1898 aegritudine
1515 1863 1654 1897 semper

265 1919 390 1954 hilaris
408 1921 543 1954 exstitit
562 1923 780 1963 etnunquam
800 1918 843 1952 ab
869 1920 1026 1952 oratione
1045 1920 1210 1961 cessavit,
1236 1918 1357 1952 ultima
1383 1929 1464 1952 vero
1489 1918 1546 1953 ‹lic
1572 1923 1653 1953 ante

268 1986 344 2030 ejus
364 1986 544 2018 transitum
564 1984 651 2018 dixit
670 1986 731 2018 iis:
759 1984 840 2028 quid
862 1988 1002 2018 acturae
1021 1985 1161 2026 essetis,
1187 1985 1217 2018 si
1245 1983 1416 2028 dyabolus
1435 1983 1479 2017 ad
1502 1995 1563 2018 vos
1589 1984 1653 2018 ad-

268 2051 429 2084 veniret?
477 2048 561 2083 Post
586 2049 761 2093 paululum
787 2060 871 2092 vero
898 2049 971 2083 alta
997 2059 1081 2083 voce
1107 2050 1208 2094 quasi
1238 2048 1423 2094 dyabolum
1451 2048 1653 2084 licentians:

269 2115 374 2161 suge,
404 2114 517 2148 tribus
542 2113 675 2148 vicibus
703 2115 921 2149 exclamavit.
971 2113 1103 2149 Deinde
1139 2114 1246 2148 dixit:
1280 2124 1362 2149 ecce
1396 2116 1655 2160 appropinquat

267 2180 384 2215 media
408 2190 497 2220 nox,
532 2180 566 2213 in
602 2189 672 2224 qua
703 2179 791 2213 liora
816 2180 976 2213 Christus
1003 2181 1099 2213 nasci
1132 2179 1241 2213 voluit
1267 2183 1300 2213 et
1325 2181 1359 2213 in
1384 2182 1571 2225 praesepio
1598 2192 1654 2216 rc-

269 2247 412 2291 quievit.
461 2244 777 2289 Appropinqnante
810 2255 892 2279 vero
926 2244 1014 2278 hora
1045 2246 1098 2278 sui
1126 2245 1295 2278 transitus
1322 2246 1391 2278 ait:
1420 2246 1493 2289 jam
1518 2250 1654 2291 tempus

269 2313 396 2353 instat,
428 2312 461 2343 in
489 2309 581 2355 qued
609 2312 830 2354 omnipotens
856 2310 948 2344 Deus
975 2320 1049 2353 cos,
1078 2311 1137 2356 qui
1165 2311 1265 2344 amici
1292 2314 1382 2352 sunt,
1409 2310 1452 2344 ad
1480 2312 1654 2347 coelestes

268 2378 410 2422 nuptias
437 2376 609 2410 evocavit.
658 2374 742 2409 Post
773 2376 948 2420 paululum
986 2386 1067 2410 vero
1099 2386 1190 2410 anno
1219 2375 1347 2409 domini
1372 2375 1584 2413 MCCXXVI
1608 2377 1653 2412 ad

269 2446 457 2477 extremam
483 2439 603 2474 horam
630 2441 771 2475 veniens
798 2440 962 2475 dormivit
988 2442 1020 2474 in
1049 2450 1147 2485 pace.
1196 2440 1295 2476 Licet
1314 2445 1426 2476 antem
1445 2443 1521 2487 ejus
1549 2452 1652 2477 vene-

269 2507 381 2541 rabile
414 2516 540 2550 corpus
576 2505 787 2540 inhumatum
823 2510 973 2551 quatuor
1007 2506 1131 2540 diebus
1163 2507 1355 2551 Jacuisset,
1390 2507 1505 2541 nullus
1539 2511 1651 2541 tamen

270 2572 386 2606 foetor
411 2582 453 2606 ex
479 2582 520 2606 eo
547 2571 724 2615 prodibat,
751 2572 812 2606 sed
839 2572 976 2617 quidam
1001 2572 1089 2606 odor
1107 2574 1317 2607 aromaticus
1336 2576 1475 2606 cunctos
1494 2571 1653 2608 reficiens

338 2668 602 2700 1)1-;d.1·r.l‹·;;it:
635 2678 739 2696 suum
764 2669 960 2697 eeclesiae
988 2671 1071 2704 imp.
1100 2669 1342 2705 -proprios
1367 2667 1555 2697 ecclesiae
1587 2670 1656 2698 do·

271 2715 391 2739 naret.
496 2714 524 2743 Ξ)
545 2713 594 2740 1-:‹l.
617 2717 660 2741 I’r.
680 2714 790 2742 omittit
811 2715 918 2742 verba:
948 2714 1128 2742 Christus
1147 2730 1181 2735 —-
1199 2715 1341 2741 tabern
1353 2713 1470 2740 ucula.
