1742 3005
359 99 455 149 Cap.
486 98 653 136 CXXIX.
712 99 770 135 De
809 105 940 136 sancto
970 99 1205 136 Mamertino.
1388 98 1465 137 581

85 204 297 250 Peregrinus
335 208 370 238 et
407 207 550 238 sanctus
582 204 727 238 Amator
761 214 834 236 cum
862 204 941 238 aliis
967 206 1142 250 episcopis
1168 203 1356 239 faciebant.
1407 205 1468 239 Cui

86 269 145 304 ille
169 269 212 304 de
236 270 366 303 tumulo
392 269 594 313 respondit:
629 279 696 302 non
721 279 860 314 possum
890 271 990 304 niodo
1014 272 1153 312 venire,
1189 271 1271 315 quia
1295 269 1467 314 hospitem

86 335 257 380 quendam
283 345 335 369 me
360 335 537 369 custodire
561 338 720 379 oportet,
746 346 788 368 ne
816 344 835 368 a
861 336 1104 380 serpentibus,
1132 337 1189 380 qni
1215 335 1272 368 liic
1297 334 1467 376 habitant,

84 400 275 434 occidatur.
324 400 455 434 Abiens
482 399 560 441 ille,
601 410 690 445 quae
715 399 899 441 audierat,
938 402 1108 433 :nuntiavit
1141 410 1374 444 reversusque
1401 402 1467 434 ait:

84 469 203 499 sancte
236 465 499 506 Concordiane,
541 475 665 509 surge,
703 465 780 496 veni
818 468 851 497 et
883 463 997 497 adduc
1028 468 1140 498 tet-uni
1175 464 1356 498 vivianum
1383 466 1466 498 sub-

84 530 273 576 dyaconum
300 534 333 564 et
347 529 529 564 Junianum
549 528 725 569 acolitum,
752 532 788 561 ut
805 527 955 562 officium
977 540 1072 563 sunm
1102 529 1244 569 saciant,
1268 529 1468 563 Alexander

83 600 197 631 autem
234 595 405 638 hospitem
439 598 532 627 tuum
568 592 753 647 custodiet.
801 593 989 639 Visumque
1024 598 1077 629 est
1112 595 1219 639 igitur
1245 592 1466 631 Mamertino,

82 661 175 707 quod
208 663 347 694 sanctus
379 657 641 692 Concor-dianus
677 657 898 702 apprehensa
931 670 1032 693 manu
1066 659 1208 694 duceret
1240 670 1315 694 enm
1338 670 1466 701 seomn,

81 737 224 771 cumque
258 725 301 759 ad
334 733 395 759 eos
432 724 608 764 venisset,
642 723 729 756 dixit
753 724 796 756 iis
822 728 962 758 sanctus
988 725 1147 759 Amator:
1189 726 1265 769 quis
1301 728 1354 758 est
1388 725 1466 762 iste,

82 793 139 838 qni
163 796 277 826 tecum
301 791 483 836 ingressus
512 790 594 823 est?
643 788 706 827 Qui
733 790 797 823 ait:
830 789 961 834 hospes
979 801 1085 832 ,meus
1111 795 1175 826 est.
1225 789 1266 824 Et
1290 790 1368 824 ille:
1406 801 1465 824 ex-

81 857 173 902 pelle
207 867 302 898 eum,
337 856 419 900 quia
450 854 605 899 pollutus
640 858 692 888 est
728 859 761 888 et
794 855 971 888 nobiscum
1005 866 1072 889 non
1110 859 1227 899 potest
1260 865 1352 889 esse.
1401 856 1467 894 Qui

80 933 155 956 eum
188 921 445 967 expelleretur,
490 923 687 964 prostratus
729 930 843 953 coram
880 921 922 953 iis
958 922 1070 954 sancti
1102 920 1279 954 Amatoris
1316 921 1466 966 gratiam

82 988 298 1032 impetravit,
331 988 388 1032 qui
416 987 526 1032 jussit
554 986 606 1026 ei,
643 989 679 1018 nt
704 985 746 1018 ad
775 989 928 1019 sanctum
958 985 1162 1020 Germanum
1190 996 1338 1031 pergere
1366 986 1464 1019 sesti-

81 1057 193 1089 naret.
240 1051 421 1098 Evigilans
454 1052 561 1096 igitur
595 1050 640 1084 ad
672 1054 826 1085 sanctum
859 1050 1063 1085 Germanum
1100 1053 1193 1085 venit
1225 1055 1257 1085 et
1280 1061 1394 1084 coram
1423 1061 1464 1085 eo

81 1122 277 1163 prostratus
307 1118 441 1152 veniam
468 1115 682 1161 postulabat.
733 1116 797 1156 Qui
824 1127 896 1150 cum
925 1127 988 1155 ea,
1025 1127 1113 1162 qnae
1140 1116 1207 1150 sibi
1233 1117 1463 1160 contigerant,

80 1187 284 1226 enarraret,
320 1185 549 1227 perrexerunt
580 1181 681 1214 ambo
717 1181 759 1214 ad
794 1182 944 1215 tumbam
972 1181 1065 1216 beati
1093 1181 1325 1215 Concordiani
1351 1185 1385 1215 et
1410 1191 1464 1215 re-

81 1253 171 1283 moto
197 1248 313 1293 lapide
342 1247 501 1281 viderunt
527 1247 644 1292 plures
672 1251 878 1292 serpenteS,
921 1249 979 1293 qui
1013 1247 1130 1281 deceni
1158 1246 1281 1290 pedum
1308 1247 1462 1292 longitu-

80 1314 192 1348 dinem
226 1313 465 1355 excedebant,
501 1322 645 1357 cunique
679 1324 795 1347 omnes
830 1313 1062 1358 diffugerent,
1110 1312 1233 1346 beatus
1272 1311 1463 1345 Germanus

80 1381 124 1413 iis
150 1380 355 1424 imperavit,
393 1383 430 1412 ut
462 1377 504 1411 ad
539 1377 642 1412 talem
670 1378 781 1412 locum
809 1382 981 1424 pergant,
1016 1380 1074 1412 ubi
1103 1377 1144 1412 de
1171 1381 1311 1412 caetero
1337 1378 1464 1411 nemini

78 1447 302 1489 praesumant
333 1454 472 1477 nocere.
522 1442 648 1487 Sicque
678 1443 905 1479 Mamertinus
939 1444 1139 1489 baptizatus
1176 1447 1229 1478 est
1263 1447 1296 1477 et
1320 1446 1463 1477 sanatus

79 1510 265 1554 factusque
281 1512 334 1543 est
351 1508 538 1543 monachus
558 1511 761 1543 monasterii
789 1512 899 1544 sancti
920 1510 1093 1552 Germani,
1119 1509 1178 1543 ubi
1204 1512 1283 1553 post
1308 1511 1463 1541 sanctum

83 1575 301 1619 ยน)Allodium
327 1575 438 1609 abbas
466 1575 539 1608 suit.
588 1574 697 1619 Hujus
729 1578 885 1619 tempore
923 1577 955 1608 in
985 1576 1060 1620 ejus
1086 1575 1298 1608 monasterio
1322 1576 1464 1606 sanctus

78 1640 238 1676 Marinus
273 1642 424 1683 exstitit,
469 1641 566 1684 cnjus
607 1639 839 1673 obedientiam
879 1644 1019 1674 sanetus
1052 1640 1280 1674 Mamertinus
1313 1637 1464 1683 probare

79 1706 198 1741 volens
226 1705 328 1740 vilius
355 1704 505 1740 officium
530 1706 734 1739 monasterii
759 1706 791 1739 ei
817 1707 999 1746 commisit,
1026 1711 1201 1750 pastorem
1232 1705 1367 1738 scilicet
1388 1713 1462 1737 eum

79 1772 211 1806 faciens
235 1771 453 1806 bubalorum.
504 1770 586 1805 Cum
620 1772 730 1816 igitur
763 1772 798 1804 iu
831 1771 921 1805 silva
953 1772 1099 1817 quadam
1137 1771 1245 1805 hoves
1278 1773 1312 1803 et
1337 1778 1463 1802 vaccas

78 1836 228 1871 libenter
251 1835 465 1878 custodiret,
498 1840 596 1870 tanta
621 1838 809 1871 sanctitate
836 1837 1009 1881 pollebat,
1043 1836 1135 1882 quod
1163 1838 1266 1871 etiam
1293 1845 1374 1869 aves
1401 1834 1463 1868 sil-

79 1906 213 1937 vestres
246 1901 292 1936 ad
325 1912 364 1936 se
397 1902 575 1936 venientes
611 1912 714 1936 manu
747 1904 891 1948 propria
922 1903 1109 1937 nutriebat.
1158 1902 1243 1937 Nam
1269 1905 1303 1935 et
1330 1910 1463 1945 aprum,

79 1968 138 2011 qui
171 1967 215 2000 ad
244 1967 366 2001 cellam
403 1968 480 2011 ejus
514 1967 742 2013 confugerat,
783 1978 803 2001 a
831 1968 976 2001 canibus
1009 1969 1136 2012 eripuit
1169 1972 1203 2001 et
1235 1967 1333 2000 abire
1371 1966 1463 1999 fecit.

78 2031 252 2065 Latrones
283 2031 422 2074 quidam
455 2042 530 2065 cum
564 2042 638 2066 eum
665 2033 926 2076 exspoliassent
951 2037 984 2066 et
1014 2037 1142 2066 vestem
1169 2033 1244 2075 ejus
1270 2041 1385 2064 secum
1413 2030 1465 2063 se-

80 2100 196 2130 rentes
221 2095 378 2136 abirent,
405 2094 514 2128 solum
541 2097 572 2129 ei
601 2096 780 2139 palliolum
806 2096 1028 2136 dimiserunt,
1069 2097 1125 2140 qui
1152 2097 1265 2128 statim
1294 2098 1373 2138 post
1404 2105 1463 2127 eos

79 2161 242 2196 clamavit
269 2159 406 2194 dicens:
434 2162 666 2202 revertimini,
694 2160 821 2194 domini
849 2162 926 2202 mei,
953 2170 1033 2195 ecce
1060 2160 1238 2194 denarium
1262 2159 1464 2204 colligatum

79 2229 115 2260 in
140 2225 254 2260 medio
287 2225 395 2270 pallio
422 2226 558 2267 inveni,
602 2227 659 2270 qui
696 2227 798 2261 vobis
830 2226 976 2259 forsitan
1018 2227 1238 2260 necessarius
1274 2226 1350 2259 erit.
1401 2224 1465 2263 Qui

79 2293 238 2337 protinus
272 2295 489 2325 revertentes
523 2290 701 2335 palliolum
736 2301 810 2325 cum
844 2291 989 2326 denario
1021 2291 1239 2325 abstulerunt
1276 2294 1309 2324 et
1340 2289 1463 2323 nudum

80 2358 217 2401 penitus
243 2356 468 2399 dimiserunt,
504 2356 566 2391 sed
592 2366 666 2390 cum
693 2356 900 2391 festinanter
926 2356 971 2391 ad
999 2366 1082 2390 suas
1108 2356 1265 2390 latebras
1295 2365 1465 2400 propera<

81 2426 178 2465 rent,
211 2426 287 2456 tota
321 2425 423 2455 nocte
460 2425 582 2456 euntes
619 2423 655 2455 in
687 2424 764 2466 ipso
797 2423 1006 2467 crepusculo
1031 2421 1076 2455 ad
1102 2422 1177 2466 ejus
1203 2420 1361 2455 cellulam
1388 2423 1467 2452 sunt

79 2488 224 2532 reperti.
273 2487 368 2527 Quos
392 2486 452 2522 ille-
481 2487 637 2521 salutans
662 2489 695 2521 in
723 2487 813 2522 cella
846 2497 909 2522 sua
938 2487 1088 2532 benigne
1121 2487 1254 2530 recepit
1288 2484 1466 2530 pedesque

80 2563 198 2588 corum
223 2552 345 2588 lavans
371 2554 590 2593 necessaria,
627 2562 715 2597 quae
749 2553 880 2597 potuit,
918 2553 1137 2586 ministravit.
1189 2550 1252 2590 Qui
1279 2549 1465 2593 stupefacti

150 2698 175 2730 l)
196 2696 246 2723 Ed.
267 2700 308 2724 Pr.
329 2696 368 2723 Ol
384 2696 530 2723 lodium
552 2695 631 2728 legit.
