1742 3005
423 117 518 168 Cap.
550 118 668 155 XVII.
732 117 788 154 De
819 124 948 155 sancto
983 117 1141 155 Hilario.
1424 120 1478 157 99

87 226 214 259 beatae
249 224 363 269 Apiae
398 224 626 258 considerans
660 224 860 268 episcopum
895 223 1057 268 rogavit,
1109 226 1145 256 ut
1175 222 1263 265 sibi,
1317 224 1408 269 quod
1446 230 1478 259 et

87 290 202 332 tiliae,
247 290 465 334 impetraret.
539 289 639 329 Quod
672 294 707 324 et
746 288 827 323 feeit
852 292 887 323 et
916 289 1027 334 ipsam
1052 289 1211 322 oratione
1236 298 1301 322 sua
1323 289 1369 323 ad
1396 300 1475 335 reg-

85 365 165 389 num
189 356 383 400 praemisit.
451 354 501 389 Eo
530 358 686 400 tempore
711 354 784 389 Leo
824 363 919 399 papa
955 352 1212 388 haeretieorum
1246 355 1392 400 pertidia
1415 357 1475 393 de-

88 424 255 465 pravatus
294 421 441 455 omnium
478 422 721 466 episcoporum
756 419 937 454 consilium
970 420 1197 457 convocavit,
1234 420 1360 464 quibus
1395 432 1476 457 eon,

87 487 222 520 voeatis
257 485 410 520 Hilarius
444 497 512 520 non
549 489 692 519 vocatus
726 484 879 519 advenit.
952 482 1052 523 Quod
1085 483 1231 519 audiens
1256 496 1351 531 papa
1375 498 1477 533 prae-

87 553 201 596 cepit,
247 561 291 586 ne
321 551 450 596 aliquis
489 550 558 585 sibi
590 554 795 596 assurgeret
819 559 883 584 nee
907 549 1058 594 aliquem
1083 549 1195 583 locum
1221 550 1332 586 daret.
1393 556 1476 589 (lum

87 627 174 663 ergo
206 618 387 662 ingressus
421 615 564 658 fuisset,
610 615 698 649 dixit
729 615 773 650 ad
810 625 885 650 eum
919 625 1032 660 papa:
1080 619 1180 649 tues
1215 615 1367 652 Hilarius
1393 618 1476 653 Gal*

87 682 170 717 lus?
215 680 261 716 Et
284 680 363 716 ille:
398 692 467 716 non
492 690 566 715 sum
591 679 732 723 Gallus,
776 680 838 716 sed
863 681 906 716 de
932 680 1047 715 Gallia
1078 682 1109 723 ¹)
1133 680 1167 715 id
1194 686 1269 724 est,
1310 694 1376 717 non
1402 695 1475 719 sum

87 749 122 781 in
153 745 270 783 Gallia
304 751 406 781 natus
442 747 504 782 sed
530 746 572 782 de
599 745 715 781 Gallia
741 748 938 792 episeopus.
1012 746 1075 782 Cui
1100 756 1213 792 papa:
1260 754 1293 783 et
1320 750 1349 783 si
1377 754 1413 783 tu
1439 762 1476 786 es

88 812 239 847 Hilarius
272 813 314 848 de
348 812 466 848 Gallia
502 817 536 848 et
571 822 638 858 ego
672 822 744 846 sum
778 813 873 854 Leo,
926 822 1090 847 romanae
1127 812 1222 847 sedis
1262 816 1478 860 apostola-us

87 883 121 913 et
141 878 262 924 Judex.
312 879 375 913 Cui
400 878 572 913 Hilarius:
598 882 631 913 et
658 879 687 912 si
713 879 762 912 sis
787 878 874 920 Leo,
902 889 971 912 non
997 877 1038 912 de
1065 877 1157 912 tribu
1183 879 1287 922 Juda,
1316 885 1349 915 et
1374 883 1475 927 siJu-

88 945 208 979 dicans
236 943 391 986 resides,
441 943 503 978 sed
528 954 595 978 non
622 945 655 977 in
681 943 764 978 sede
791 944 1000 989 maJestatis.
1073 943 1170 977 Tune
1204 955 1297 990 papa
1324 956 1397 980 eum
1423 950 1474 982 in-

87 1010 292 1056 dignatione
318 1011 470 1044 surrexit
496 1009 634 1044 dicens:
659 1008 828 1043 modicum
856 1008 1099 1053 praestolare,
1129 1008 1239 1044 donee
1262 1011 1414 1055 redeam,
1443 1020 1475 1049 et

85 1074 169 1118 tibi,
207 1074 290 1120 quid
314 1076 480 1117 mereris,
519 1075 672 1110 reddam.
745 1074 807 1109 Cui
832 1074 1004 1109 HilarIus:
1041 1075 1070 1108 si
1097 1085 1164 1108 non
1190 1076 1356 1119 redieris,
1398 1081 1474 1124 quis

87 1139 169 1175 mihi
194 1152 257 1186 pro
281 1145 316 1175 te
342 1150 575 1185 responsurus
602 1141 696 1176 erit?
743 1139 787 1175 Et
811 1140 888 1175 ille:
912 1141 1066 1174 contritus
1092 1140 1213 1175 redibo
1239 1147 1273 1177 et
1298 1147 1390 1178 tuam
1417 1156 1474 1180 su-

86 1205 244 1251 perbiam
274 1204 477 1240 humiliabo.
549 1206 632 1241 Cum
667 1217 752 1253 ergo
783 1205 828 1240 ad
861 1210 998 1241 secreta
1040 1216 1125 1241 suae
1157 1211 1304 1243 naturae
1340 1211 1474 1253 ivisset,

85 1271 298 1307 dissenteria
322 1273 427 1317 periit
454 1275 489 1306 et
514 1273 630 1306 omnia
655 1273 821 1306 intestina
846 1271 973 1306 ibidem
1000 1272 1190 1316 projiciens
1228 1274 1475 1310 miserabiliter

87 1338 193 1371 vitam
216 1337 338 1373 finivit.
384 1337 501 1372 Intera
525 1337 647 1372 videns
672 1337 824 1371 Hilarius
839 1365 847 1379 ,
900 1335 993 1382 quod
1026 1336 1140 1370 nullus
1167 1337 1235 1371 sibi
1257 1345 1474 1386 assurgeret,

86 1404 262 1447 patienter
285 1403 402 1438 serens
423 1404 458 1437 in
481 1406 610 1437 terram
636 1413 673 1437 se
700 1403 816 1447 posuit
842 1402 979 1437 dicens:
1007 1401 1137 1436 domini
1163 1407 1216 1437 est
1240 1407 1346 1440 terra.
1393 1406 1474 1441 Sta-

85 1470 216 1513 timque
240 1472 325 1502 nutu
348 1468 413 1503 Dei
438 1472 554 1510 terra,
581 1477 682 1513 quam
702 1468 738 1512 ²)
763 1467 954 1510 insederat,
980 1478 1113 1502 sursum
1128 1479 1166 1503 se
1180 1470 1304 1504 extulit
1316 1475 1350 1505 et
1364 1482 1474 1517 usque

87 1533 133 1568 ad
156 1534 405 1579 aequalitatem
430 1533 577 1567 aliorum
602 1534 846 1578 episcoporum
872 1543 909 1567 se
935 1533 1077 1568 levavit.
1142 1534 1224 1568 Cum
1249 1536 1357 1579 igitur
1382 1547 1475 1582 papa

87 1599 335 1634 miserabiliter
357 1599 574 1647 nuntiaretur
598 1597 802 1640 defunc-tim,
839 1608 1030 1644 assurgens
1056 1599 1208 1633 Hilarius
1236 1611 1354 1636 omnes
1381 1604 1475 1647 epis-

86 1675 195 1710 copos
220 1666 257 1699 in
281 1664 348 1700 fide
372 1663 546 1699 catholiea
579 1663 795 1699 confirmavit
820 1667 855 1698 et
878 1664 1100 1699 confirmatos
1128 1665 1173 1699 ad
1201 1668 1347 1711 propria
1374 1670 1478 1702 remi·

87 1732 144 1765 sit.
193 1730 264 1765 Hoc
289 1733 404 1765 autem
426 1730 628 1764 miraculum
655 1729 697 1764 de
722 1733 832 1764 morte
856 1729 988 1765 Leonis
1012 1740 1127 1776 papae
1145 1730 1395 1767 dubitationem
1411 1733 1473 1768 ha-

87 1795 165 1838 bet,
214 1799 284 1830 tum
310 1797 391 1842 quia
419 1795 578 1841 hystoria
608 1795 849 1830 ecclesiastica
873 1796 928 1830 vel
951 1797 1131 1841 tripartita
1155 1796 1240 1831 nihil
1265 1797 1308 1832 de
1333 1797 1398 1833 hoe
1422 1799 1473 1834 lo-

87 1862 224 1907 quitur,
257 1865 329 1896 tum
355 1863 438 1908 quia
464 1861 615 1907 aliquem
638 1871 766 1907 papam
791 1861 874 1895 talis
900 1863 1049 1897 nominis
1072 1866 1153 1897 tunc
1178 1862 1288 1898 fuisse
1312 1863 1477 1899 chronica

86 1937 155 1961 non
180 1930 351 1971 testatur,
396 1931 466 1962 tum
493 1928 577 1973 quia
602 1927 829 1972 Hieronymus
854 1927 955 1961 dicit:
1007 1932 1131 1963 saneta
1155 1939 1300 1964 romana
1325 1930 1476 1965 ecelesia

87 1976 225 2037 semper
249 1992 470 2028 immaculata
494 1994 684 2038 permansit
709 1997 744 2028 et
768 1994 801 2027 in
827 1993 944 2028 futuro
971 1994 1124 2030 manebit
1150 1996 1224 2030 sine
1252 1995 1325 2030 ulla
1348 1995 1473 2031 haere-

86 2058 232 2092 tieorum
258 2058 494 2094 insultatione.
562 2058 689 2094 Posset
719 2063 835 2094 tamen
868 2059 958 2101 diei,
1007 2059 1101 2104 quod
1124 2064 1203 2094 tune
1229 2064 1324 2095 esset
1346 2061 1475 2106 aliquis

87 2132 182 2168 papa
206 2124 257 2158 sie
282 2127 446 2167 vocatus,
489 2134 558 2158 non
586 2124 724 2170 quidem
745 2126 912 2160 canonice
938 2125 1091 2168 electus,
1129 2125 1192 2160 sed
1215 2128 1395 2171 tyrannice
1420 2128 1473 2161 in-

85 2192 223 2232 trusus3
249 2188 305 2224 vel
330 2188 422 2224 forte
443 2189 608 2225 Liberius
634 2200 747 2236 papa,
774 2191 834 2236 qui
859 2190 1087 2225 Constantino
1113 2191 1292 2226 haeretico
1317 2191 1473 2234 favebat,

87 2253 158 2287 alio
179 2255 316 2289 nomine
337 2254 449 2289 dietus
466 2259 520 2290 est
534 2256 621 2291 Leo.
649 2255 806 2290 Tandem
828 2256 944 2291 multis
971 2257 1147 2291 miraculis
1164 2259 1377 2301 perpetratis
1399 2267 1473 2291 eum

85 2317 210 2352 beatus
221 2317 374 2354 Hilarius
390 2320 582 2356 infirmatus
601 2318 732 2356 obitum
746 2331 821 2356 sum
840 2323 1017 2357 imminere
1034 2326 1276 2368 cognosceret,
1290 2322 1474 2357 Leontium

85 2381 339 2428 presbyterum,
365 2395 465 2429 quem
491 2387 640 2421 maxime
662 2386 855 2433 diligebat,
883 2387 928 2421 ad
953 2397 991 2422 se
1018 2388 1156 2421 vocavit
1180 2390 1215 2420 et
1239 2390 1340 2420 noete
1364 2387 1474 2420 immi-

84 2451 209 2491 nente,
233 2451 271 2482 ut
296 2448 393 2483 foras
417 2455 533 2493 exeat,
558 2450 756 2495 admonuit,
786 2456 821 2486 et
847 2453 877 2486 si
905 2451 988 2496 quid
1013 2451 1163 2493 audiret,
1189 2452 1384 2494 renuntiet,
1410 2453 1472 2485 ini-

84 2515 231 2559 peravit.
300 2513 363 2549 Ille
389 2516 493 2559 J'ussa
524 2515 700 2560 complens
728 2527 831 2552 voces
856 2515 969 2550 adhue
992 2516 1144 2550 civitatis
1170 2516 1410 2553 tumultuantis
1436 2528 1473 2552 se

166 2682 195 2714 1)
214 2681 314 2709 Verba
331 2680 370 2708 id
392 2695 421 2700 —
442 2681 572 2708 Gallia
592 2679 704 2709 desunt
723 2682 752 2708 in
772 2680 824 2708 Ed.
846 2684 889 2708 Pr.
994 2683 1022 2715 2)
1048 2683 1116 2708 Rec.
1145 2682 1222 2709 male
1242 2682 1471 2710 intenderat

83 2724 194 2757 legunt.

1143 2780 1194 2813 7*
