1742 3005
355 108 454 158 Cap.
487 108 696 146 CCXVIII.
753 109 812 147 De
845 122 964 147 coena
994 110 1151 149 domini.
1370 113 1452 153 929

63 212 139 240 sicut
164 211 258 240 Maria
280 212 459 246 Magdalena
484 219 514 241 et
539 219 672 242 caeterae
699 213 855 247 mulieres,
885 223 961 247 quae
994 216 1076 249 juxta
1109 224 1226 243 crucem
1252 217 1448 251 corporaliter

62 261 224 290 steterant,
250 257 305 284 sed
327 262 429 285 tamen
452 257 545 286 fidem
568 258 740 286 amiserunt.
775 258 836 286 Alii
859 257 998 292 sugerunt
1024 269 1165 295 corpore,
1189 259 1245 287 sed
1269 268 1329 288 non
1348 261 1448 295 corde,

61 302 140 329 sicut
165 302 297 329 creditur
318 302 357 329 de
381 304 497 330 Jacobo
523 303 615 331 fratre
641 303 766 331 domini.
801 307 844 331 De
871 313 930 337 quo
955 304 1152 338 Hieronymus
1170 304 1202 331 in
1220 304 1298 332 libro
1318 305 1355 332 de
1372 305 1447 335 viris

61 346 245 380 illustribus,
272 347 355 380 quod
377 348 409 374 in
433 347 575 382 passione
594 353 698 376 votum
716 349 816 381 vovit,
840 357 901 376 non
919 357 951 376 se
972 354 1189 381 comesturum,
1215 349 1312 376 donec
1330 349 1448 379 videret

61 392 211 427 Christum
234 396 445 425 resurgentem.
480 392 543 419 Alii
568 398 653 426 sunt,
686 393 738 427 qui
762 403 817 420 nec
843 393 933 420 corde
958 403 1015 421 nec
1037 402 1162 428 corpore
1184 393 1336 427 sugerunt,
1371 396 1448 424 sicut

61 432 146 469 virgo
164 437 269 470 beata,
295 446 372 471 quae
394 439 477 471 juxta
495 447 611 464 crucem
631 438 713 465 stetit
732 443 761 465 et
780 438 870 465 fidem
897 438 1030 465 servavit
1049 439 1242 471 integraliter.
1278 440 1448 468 Secundum

60 481 144 515 quod
169 481 202 508 in
227 481 284 508 ista
308 481 502 517 processione
521 481 706 513 ostenditur,
732 486 778 508 est
806 491 910 514 magua
929 483 959 510 111
978 484 1100 511 Judaeis
1118 483 1282 511 voluntatis
1301 485 1448 520 multipli-

61 526 146 554 citas.
181 530 215 553 111
239 527 335 561 prima
358 526 438 554 enim
463 527 656 561 processione
682 526 789 553 Judaei
806 525 941 554 fecerunt
962 528 1077 555 Christo
1096 537 1149 555 sex
1167 537 1290 560 magnos
1309 529 1448 562 honores,

60 572 92 598 in
118 571 249 599 secunda
274 580 348 599 vero
372 581 425 598 sex
449 580 556 603 magna
581 571 741 605 vituperia.
775 574 810 597 ln
835 571 930 605 prima
954 581 1022 599 cum
1039 582 1145 605 magna
1162 573 1262 607 ipsum
1281 574 1448 602 reverentia

62 624 153 650 super
170 616 297 643 asellum
316 619 480 650 posuerunt
499 620 529 642 et
546 615 577 642 in
594 615 644 642 via
657 614 837 642 vestimenta
851 620 1031 645 straverunt.
1067 620 1102 643 In
1118 617 1248 644 secunda
1264 627 1331 644 011111
1342 627 1448 650 magna

61 660 224 692 ignominia
248 660 349 695 ipsum
373 660 405 686 in
429 659 567 692 patibulo
588 659 808 694 suspenderunt
826 664 857 686 et
875 659 975 695 ipsum
993 660 1054 688 suis
1074 662 1213 689 vestibus
1232 662 1448 697 spoliaverunt,

60 705 92 731 in
109 705 207 740 prima
224 713 323 731 ramos
341 703 509 738 palmariun
527 708 557 731 et
575 704 725 731 olivarum
743 704 803 731 sibi
821 709 1033 739 portaverunt.
1057 706 1088 732 in
1106 706 1238 734 secunda
1257 707 1360 742 spinas
1379 717 1450 736 acue.

60 749 192 782 tissimas
211 748 303 784 capiti
321 748 381 775 sibi
399 748 568 776 affixerunt.
604 752 638 775 Ι11
664 749 761 783 prima
777 758 878 781 regem
904 758 971 776 011111
990 750 1236 785 appellaverunt,
1260 752 1292 779 in
1318 752 1450 780 secunda

60 793 160 829 ipsum
179 797 381 826 negaverim,
406 793 438 820 111
454 793 551 827 prima
569 793 798 828 appellaverunt
817 803 885 821 eum
904 795 1086 823 salvatorem
1112 796 1246 824 dicentes
1265 806 1390 830 osanna,
1416 797 1449 825 id

59 843 123 867 est:
142 839 244 872 salva,
263 839 400 866 obsecro.
435 842 470 864 111
488 837 620 864 secunda
642 843 828 871 negaverunt
852 838 952 874 ipsum
971 840 1152 868 salvatorem
1171 842 1321 869 dieentes:
1348 842 1449 869 salvos

59 883 137 910 alios
154 882 243 915 fecit,
270 892 301 909 se
329 882 429 917 ipsum
452 882 569 909 salvum
592 882 691 911 facere
716 892 776 910 11011
795 888 908 918 potest.
944 887 978 911 111
996 885 1092 919 prima
1112 886 1252 913 dixerunt
1270 895 1338 914 eum
1356 887 1449 914 bene-

59 927 174 955 dictum
192 928 223 955 in
241 928 363 954 nomine
381 927 512 960 domini,
530 927 558 954 in
579 928 711 955 secunda
728 927 910 955 maledicmn
929 932 958 955 et
977 929 1201 958 malefactorem
1221 940 1287 958 esse
1306 936 1334 958 et
1354 932 1448 959 crucis

61 972 197 1007 patibulo
217 981 285 1000 011111
303 972 454 1004 figendum
475 972 625 1000 dicentes:
646 971 733 1005 tolle,
752 972 845 1005 10110,
865 972 1003 1004 crucifige
1023 978 1079 1000 010.

463 1246 591 1307 (ἈΡ.
627 1247 693 1307 CC
701 1246 853 1308 xvffl.
894 1246 1049 1308 (215.)

270 1347 398 1390 De
454 1355 771 1390 coena
829 1343 1242 1390 domini.

162 1457 259 1482 Coena
274 1452 363 1486 sacta,
382 1462 447 1480 cum
467 1452 615 1487 dyabolus
633 1452 765 1479 misisset
785 1452 815 1478 in
834 1460 893 1485 cor,
912 1457 943 1479 ut
962 1456 1094 1479 traderet
1113 1462 1180 1481 enm
1196 1453 1289 1481 Judas
1303 1452 1446 1481 Scariotli,

57 1499 186 1528 surrexit
212 1508 229 1525 a
255 1507 349 1526 coena
374 1502 404 1525 et
427 1498 529 1533 posuit
551 1498 732 1526 vestimenta
757 1506 820 1526 sua.
856 1497 923 1525 soh.
950 1500 1035 1525 XIII:
1064 1498 1204 1525 videmus
1231 1497 1327 1530 enim,
1355 1497 1447 1530 quod,

57 1544 180 1580 quando
199 1544 286 1571 amici
305 1548 482 1577 separantur
499 1544 537 1570 ab
556 1543 706 1575 invicem,
733 1542 830 1569 solent
854 1542 951 1576 primo
971 1542 1101 1569 invicem
1120 1543 1245 1578 epulari.
1283 1542 1331 1570 Sic
1350 1542 1448 1569 sciens

59 1589 208 1622 Clu-istus,
227 1588 311 1622 quod
328 1588 388 1616 cito
407 1589 445 1615 ab
466 1587 614 1623 apostolis
634 1587 695 1614 suis
714 1585 847 1621 separari
865 1585 1008 1619 deberet,
1035 1587 1117 1622 prius
1141 1597 1208 1614 cum
1226 1586 1301 1622 ipsis
1321 1595 1447 1614 coenare

58 1635 167 1662 voluit.
201 1633 287 1660 Unde
305 1637 376 1660 Luc.
393 1635 495 1660 XXII:
515 1632 666 1660 desiderio
687 1630 860 1658 desideravi
879 1630 934 1658 11οο
954 1631 1065 1665 pascha
1082 1632 1263 1659 manducare
1278 1631 1446 1665 vobiscum,

59 1684 220 1713 antequam
239 1683 324 1713 pater
343 1682 401 1705 etc.
435 1681 469 1704 In
487 1678 543 1705 hac
562 1686 631 1710 ergo
651 1686 744 1704 coena
764 1676 895 1704 Christus
915 1676 1056 1703 assumsit
1075 1686 1235 1711 personam
1253 1675 1355 1709 amici,
1378 1685 1448 1711 per-

59 1733 164 1752 sonam
179 1723 268 1756 servi,
286 1731 445 1758 personam
464 1722 610 1758 episcopi.
644 1726 804 1749 Personam
823 1720 973 1754 siquidem
992 1720 1080 1748 amici
1099 1721 1215 1756 accepit
1233 1721 1263 1748 in
1281 1721 1347 1752 hoc,
1367 1720 1449 1754 quod

58 1774 121 1797 tam
138 1768 326 1796 familiariter
344 1767 485 1796 comedit.
520 1771 555 1794 In
573 1767 628 1794 hac
647 1776 741 1793 coena
759 1766 890 1793 comedit
917 1774 1024 1797 agnum
1049 1766 1239 1801 paschalem,
1266 1770 1295 1792 et
1321 1764 1450 1798 qualiter

59 1813 178 1841 comedi
203 1812 330 1846 debeat,
362 1813 491 1839 liabetur
515 1811 610 1839 Exod.
635 1815 709 1839 XII:
742 1820 804 1838 non
831 1810 1006 1839 comedetis.
1023 1819 1059 1837 ex
1085 1819 1120 1837 eo
1147 1810 1271 1837 crudum
1296 1809 1370 1843 quid
1394 1819 1451 1838 nec

59 1863 177 1886 coctum
195 1867 288 1892 aqua,
315 1857 370 1885 sed
394 1861 511 1884 tantum
537 1866 638 1884 assum
655 1857 726 1889 igni.
762 1857 816 1883 Hic
835 1856 935 1889 aliqua
954 1855 1166 1890 prohibentur,
1193 1855 1309 1882 scilicet
1333 1859 1366 1881 ut
1389 1864 1450 1882 non

58 1903 232 1931 comedatur
253 1901 362 1930 crudus
380 1911 435 1929 1100
461 1911 538 1936 aqua
557 1899 676 1935 coetus,
696 1906 724 1928 et
743 1901 826 1935 quod
845 1900 884 1928 sit
902 1901 969 1933 igne
989 1904 1116 1927 assatus.
1153 1902 1226 1926 Caro
1254 1899 1333 1926 enim
1359 1900 1451 1927 cruda

58 1957 119 1976 non
138 1952 184 1976 est
202 1947 269 1980 igne
288 1951 389 1980 cocta,
407 1955 476 1974 caro
493 1955 570 1974 vero
589 1946 682 1978 elixa,
701 1945 773 1972 licet
791 1945 831 1973 sit
851 1950 951 1977 cocta,
976 1953 1035 1971 non
1055 1948 1101 1971 est
1119 1948 1220 1971 tamen
1238 1944 1314 1971 adeo
1334 1944 1450 1980 sapida.

58 1993 109 2021 lIIi
126 2001 196 2025 ergo
213 1991 376 2019 comedunt
395 1991 536 2023 crudum,
563 1991 614 2024 qui
640 1990 753 2016 liabent
779 1998 830 2016 cor
856 1990 996 2022 crudum,
1022 1989 1055 2015 id
1082 1993 1127 2015 est
1153 1997 1215 2015 non
1241 1993 1359 2015 coctum
1382 1989 1450 2022 igne

60 2036 187 2068 amoris,
205 2035 253 2062 illi
270 2035 432 2062 comedunt
451 2035 576 2068 elixum,
596 2034 649 2068 qui
666 2042 726 2060 non
743 2034 856 2060 habent
874 2033 906 2061 in
925 2033 1015 2061 corde
1034 2042 1173 2067 saporem
1191 2033 1381 2065 devotionis,
1404 2033 1451 2060 illi

59 2081 223 2110 comedunt
241 2083 373 2107 assatum
391 2078 477 2111 igne,
501 2078 553 2112 qui
576 2079 690 2105 habent
714 2087 766 2105 cor
790 2083 907 2105 coctum
934 2078 1000 2109 igne
1026 2077 1136 2103 amoris
1162 2080 1192 2103 et
1211 2076 1360 2111 sapidum.
1396 2079 1450 2104 Se-

60 2126 159 2154 cundo
178 2125 271 2152 debet
288 2122 409 2150 comedi
425 2123 488 2157 ejus
507 2127 597 2156 caput
616 2132 683 2150 cnm
701 2123 831 2157 pedibus
851 2127 880 2149 et
900 2119 1066 2151 intestini53
1095 2124 1185 2154 caput
1210 2119 1297 2147 istius
1317 2120 1386 2153 agni
1403 2126 1449 2149 est

60 2174 124 2207 ejus
143 2168 297 2197 divinitas.
331 2166 418 2194 Unde
436 2169 458 2193 1.
479 2169 543 2194 cor.
560 2169 617 2193 XI:
645 2171 735 2202 caput
754 2168 817 2201 ejus
836 2170 916 2193 Deus
935 2169 994 2197 est,
1014 2173 1067 2199 pes
1086 2165 1149 2198 ejus
1168 2164 1352 2197 humanitas,
1371 2175 1448 2199 quae

61 2221 107 2245 est
125 2214 241 2242 infirma
259 2213 291 2240 in
309 2216 423 2244 natura,
443 2210 585 2238 intestina
605 2215 673 2238 sunt
692 2213 755 2246 ejus
770 2210 877 2238 anima.
915 2209 1020 2237 Omnia
1038 2209 1096 2236 ista
1115 2208 1261 2236 debemus
1280 2209 1448 2237 comedere.

60 2264 190 2289 Fuerunt
208 2257 331 2293 qnidam
348 2255 507 2289 haeretici,
532 2255 584 2290 qui
601 2255 757 2289 dixerunt,
785 2255 932 2283 Christum
957 2263 1018 2282 11011
1044 2262 1110 2281 0550
1136 2262 1241 2280 verum
1258 2256 1370 2288 Deum,
1395 2254 1448 2282 isti

61 2309 153 2341 capnt
178 2313 239 2332 non
265 2301 474 2330 comedebant.
519 2300 580 2328 Alii
606 2300 746 2328 dixerunt
778 2309 846 2327 011111
879 2308 939 2327 11011
973 2308 1039 2327 0550
1072 2308 1177 2326 verum
1206 2298 1360 2326 hominem
1393 2309 1449 2327 nec

62 2352 173 2378 habere
214 2357 319 2375 veram
361 2355 496 2378 carnem,
541 2345 595 2375 sed
637 2345 873 2381 phantasticam3
915 2344 967 2372 isti
1009 2344 1103 2379 pedes
1144 2352 1204 2370 non
1240 2344 1449 2374 comedebant.

62 2395 124 2423 Alii
163 2393 322 2424 dicebant,
366 2400 434 2418 eum
473 2399 536 2418 non
574 2391 718 2418 habuisse
751 2389 881 2417 animam
912 2388 1104 2422 rationalem,
1139 2388 1194 2416 sed
1228 2388 1296 2415 loco
1332 2388 1449 2416 animae

63 2439 160 2468 solum
180 2436 386 2469 divinitatem,
418 2436 470 2463 isti
495 2435 639 2463 intestina
663 2444 724 2463 non
748 2434 957 2463 comedebant.
992 2436 1051 2461 Nos
1075 2441 1145 2466 ergo
1169 2432 1277 2462 fideles
1305 2439 1396 2469 caput
1419 2439 1449 2462 et

62 2483 158 2520 pedes
177 2492 244 2510 cum
261 2480 412 2508 intestinis
431 2481 642 2512 comedamus,
670 2484 703 2506 ut
727 2479 765 2506 de
784 2481 847 2514 ejus
871 2478 1048 2511 divinitate,
1083 2478 1181 2505 anima
1205 2482 1236 2505 et
1260 2488 1347 2506 carne
1373 2479 1449 2506 fide-

63 2529 132 2558 liter
157 2527 331 2555 sentiamus·
383 2526 487 2553 Tertio
513 2525 604 2553 debet
630 2523 750 2552 comedi
773 2533 839 2551 011111
867 2523 992 2550 lactucis
1025 2523 1210 2556 agrestibus,
1239 2522 1273 2549 id
1303 2528 1349 2551 est
1382 2533 1449 2552 cum

64 2571 262 2602 amaritudine
288 2570 419 2598 dolendo
447 2570 485 2597 de
517 2569 650 2605 peccatis
681 2569 832 2597 omnibus.
883 2568 1071 2601 Notandum,
1105 2567 1188 2602 quod
1219 2567 1343 2601 quidam
1370 2573 1449 2603 sunt,

64 2618 117 2652 qui
141 2616 304 2645 comedunt
327 2615 401 2643 istas
426 2615 558 2643 lactucas
581 2615 727 2647 integras,
753 2613 875 2647 quidam
893 2613 1054 2645 contritas,
1082 2611 1206 2646 quidam
1224 2621 1344 2640 succum
1366 2612 1449 2649 ipsa-

64 2672 140 2690 rum.
176 2663 250 2689 Sunt
276 2660 356 2688 euim
381 2659 518 2694 quidam,
543 2659 595 2693 qui
620 2659 733 2686 habent
758 2658 795 2686 de
821 2657 953 2693 peccatis
980 2657 1041 2684 suis
1066 2656 1285 2692 superficialem
1305 2657 1449 2691 dolorem,

67 2716 141 2741 quae
161 2705 274 2733 attritio
292 2709 393 2742 potest
414 2704 490 2738 dici,
517 2704 567 2731 isti
593 2708 714 2732 sumunt
740 2703 813 2730 istas
833 2703 964 2731 lactucas
982 2701 1122 2734 integras.
1158 2700 1241 2728 Talis
1259 2701 1372 2729 attritio
1391 2711 1449 2730 non

1131 2756 1176 2789 59
