1742 3005
287 58 383 109 Cap.
416 57 572 95 CXVH.
632 57 689 96 De
721 64 850 95 saneto
881 57 1087 95 Laurentio
1118 58 1282 95 martire·
1395 57 1477 98 499

94 165 220 199 tortori
251 172 317 198 suo
352 165 386 197 et
418 161 674 207 triumphanter
706 164 782 208 ejus
819 163 961 209 ignibus
985 163 1099 198 laetus
1126 162 1300 199 illuderet.
1350 163 1483 205 Quarto

94 229 158 264 fuit
190 228 486 264 excellentissima
518 229 552 261 in
586 228 739 262 mirabili
774 239 892 274 pugna
924 233 957 263 et
990 228 1093 263 modo
1123 230 1305 266 victoriae.
1352 229 1483 265 Beatus

92 304 240 340 namque
274 293 508 335 Laurentius,
545 295 635 328 sicut
668 305 709 328 ex
746 294 863 328 verbis
899 294 994 328 beati
1034 294 1180 329 Maximi
1223 298 1257 329 et
1294 294 1484 341 Augustini

95 359 297 405 colligitur,
328 361 479 404 quinque
504 360 604 405 ignes
632 361 827 394 exteriores
857 358 1110 403 quodammodo
1136 358 1277 401 habuit,
1314 371 1402 405 quos
1427 365 1482 396 ta-

94 435 172 459 men
205 425 387 469 superavit
415 424 556 458 sortiter
589 428 624 458 et
660 425 839 459 exstinxit.
888 423 1022 457 Primus
1055 423 1120 456 suit
1153 424 1245 468 ignis
1283 423 1483 469 Gehennae,

93 489 267 524 secundus
293 490 385 534 ignis
411 488 602 522 materialis
628 488 803 529 flammae,
835 489 960 522 tertius
987 488 1139 522 carnalis
1166 490 1483 533 concupiscentiae,

93 560 240 601 quartus
263 553 419 588 ardentis
439 554 622 595 avaritiae,
650 554 790 598 quintus
809 552 956 587 surenfis
972 554 1145 587 insaniae.
1181 552 1231 588 De
1250 555 1483 590 exstinctione

93 621 194 665 primi
218 619 331 664 ignis,
358 617 495 652 scilicet
520 616 727 659 Gehennae,
754 619 804 652 sic
832 618 916 652 dicit
942 618 1137 654 Maximus:
1168 620 1333 665 numquid
1358 620 1483 656 cedere

90 688 231 730 poterat
248 687 509 718 momentaneae
529 684 688 728 corporis
712 683 848 725 ultioni,
874 685 972 729 cujus
989 683 1074 719 fides
1095 689 1275 719 aeternum
1295 685 1482 722 Gehennae

92 747 341 795 exstinguebat
359 747 550 784 ardorem?
587 747 690 783 Item:
715 751 855 783 transiit
873 760 936 794 per
954 751 1069 795 ignem
1085 755 1358 785 momentaneum
1377 756 1483 798 atquc

89 819 287 855 terrenum,
321 813 383 848 sed
419 813 589 848 flammam
625 813 814 849 Gehennae
847 819 1016 859 perpetuo
1049 817 1227 850 exurentis
1257 818 1382 852 evasit.
1430 817 1481 853 Dc

89 880 320 914 exstinctione
347 878 491 913 secundi
518 880 624 925 ignis,
653 879 789 914 scilicet
814 879 1007 914 materialis
1032 879 1201 922 flammae,
1228 882 1278 915 sic
1297 883 1347 915 ait
1365 881 1482 917 Maxi-

90 955 165 980 mus
200 944 254 979 vel
284 943 491 978 Ambrosius
526 944 715 978 secundum
751 943 920 989 quosdam
953 943 1084 978 libros:
1123 946 1300 989 corporali
1342 947 1483 983 laborat

90 1010 272 1051 incendio,
307 1009 371 1043 sed
406 1008 543 1043 divinus
575 1009 682 1044 ardor
707 1010 922 1045 materialem
949 1011 1129 1044 restrinxit
1155 1010 1329 1046 ardorem.
1376 1013 1481 1050 Item:

90 1077 247 1122 quamvis
273 1085 336 1109 rex
359 1074 540 1120 improbus
564 1074 663 1120 ligna
688 1075 891 1121 subjiceret,
918 1075 1079 1109 incendia
1100 1076 1235 1120 majora
1252 1084 1479 1121 supponeret,

87 1147 202 1176 tamen
226 1140 351 1176 beatus
376 1141 588 1176 Laurentius
613 1139 678 1174 has
702 1140 857 1175 flammas
883 1140 965 1175 fidei
992 1141 1110 1175 calore
1132 1151 1201 1175 non
1227 1143 1347 1176 sensit.
1396 1142 1479 1179 Item

86 1207 326 1253 Augustinus:
367 1207 529 1251 superari
554 1207 684 1240 caritas
712 1206 843 1240 Christi
870 1206 1005 1240 flamma
1028 1218 1097 1240 non
1125 1208 1238 1252 potuit
1275 1212 1308 1242 et
1334 1210 1480 1254 segnior

87 1273 154 1307 suit
178 1273 283 1319 ignis,
310 1273 369 1317 qui
397 1272 483 1306 soris
510 1273 612 1313 ussit,
639 1281 740 1316 quam
766 1273 823 1316 qui
847 1273 938 1305 intus
956 1272 1126 1307 accendit.
1176 1272 1226 1307 De
1245 1275 1478 1310 exstinctione

84 1340 181 1374 tertii
208 1339 313 1383 ignis,
339 1337 474 1372 scilicet
490 1337 642 1371 carnalis
664 1338 981 1381 concupiscentiae,
1008 1338 1058 1371 sic
1079 1337 1162 1371 dicit
1180 1338 1372 1374 Maximus:
1399 1351 1479 1376 ecce

86 1403 212 1438 beatus
249 1403 462 1437 Laurentius
491 1403 634 1436 transiit
665 1412 729 1446 per
761 1403 895 1447 ignem,
929 1413 997 1448 quo
1031 1413 1097 1436 non
1123 1403 1269 1438 adustus
1294 1405 1477 1447 inhorruit,

85 1468 150 1504 sed
167 1468 380 1502 illuminatus
402 1467 548 1502 effulsit:
572 1469 672 1508 arsit,
697 1477 740 1501 ne
766 1467 926 1508 arderet,
953 1471 987 1502 et
1011 1478 1053 1502 ne
1079 1473 1258 1511 ureretur,
1287 1474 1386 1504 ustus
1413 1476 1476 1505 est.

86 1535 138 1570 De
158 1535 389 1569 exstinctione
410 1534 525 1578 quarti
548 1534 653 1578 ignis,
680 1532 815 1566 scilicet
839 1534 1028 1567 avaritiae:
1054 1534 1205 1578 qualiter
1229 1537 1368 1570 evanuit
1391 1546 1476 1571 ava-

88 1602 170 1634 ritia
192 1600 348 1641 illorum,
387 1599 446 1644 qui
469 1597 656 1643 thesauros
685 1597 890 1642 cupiebant⁷
926 1601 960 1632 et
997 1598 1165 1633 frustrata
1199 1605 1272 1642 est,
1306 1603 1359 1636 sic
1393 1601 1478 1636 dicit

85 1649 321 1711 Augustinus:
348 1668 502 1698 armatur
526 1664 666 1709 gemina
686 1662 762 1698 face
786 1662 888 1697 homo
915 1663 1062 1709 cupidus
1090 1666 1261 1709 pecuniae
1287 1671 1322 1700 et
1348 1669 1477 1702 verita-

86 1732 131 1765 tis
154 1731 312 1764 inimicus
333 1731 497 1772 avaritia,
515 1734 552 1763 ut
571 1731 686 1774 rapiat
705 1739 839 1771 aurum,
860 1730 1053 1774 impietate,
1073 1734 1110 1764 ut
1127 1730 1266 1766 auferat
1283 1732 1475 1768 Christum:

84 1795 171 1830 nihil
197 1795 348 1837 obtines,
372 1792 460 1829 nihil
490 1793 643 1839 proficiS,
669 1794 820 1829 humana
844 1795 1046 1837 crudelitas,
1079 1796 1298 1832 subtrahitur
1324 1800 1475 1834 inventis

84 1862 154 1896 tuis
163 1862 310 1896 materia
327 1860 486 1895 mortalis
507 1861 741 1896 etLaurentio
759 1862 793 1895 in
816 1861 948 1895 coelum
970 1860 1120 1896 abeunte
1137 1867 1173 1897 tu
1193 1863 1311 1899 deficis
1330 1864 1476 1900 flammis

83 1927 166 1961 tuis.
212 1925 265 1961 De
290 1928 522 1962 exstinctione
552 1927 662 1972 quinti
695 1928 806 1972 ignis,
842 1927 978 1962 scilicet
1004 1927 1152 1963 furentis
1176 1930 1357 1971 insaniae,
1387 1940 1474 1976 qua-

84 1990 167 2026 liter
190 1990 356 2025 videlicet
380 1992 521 2025 insania
546 1992 831 2036 persequentium
858 1991 1027 2026 frustrata
1052 1998 1107 2028 est
1131 1998 1166 2028 et
1189 1994 1399 2036 annihilata,
1425 1997 1476 2029 sic

87 2055 171 2089 dicit
182 2054 374 2089 Maximus:
392 2056 569 2099 superatis
583 2055 794 2089 flammarum
811 2057 978 2090 ministris
1003 2058 1259 2100 ¹)omniin0dae
1274 2058 1476 2093 inundantis

85 2121 247 2155 insaniae
273 2121 455 2154 restrinxit
478 2118 688 2154 incendium.
724 2119 780 2154 Ad
805 2119 871 2154 hoc
895 2131 1006 2166 usque
1035 2121 1220 2166 dyabolica
1245 2124 1396 2168 profecit
1421 2126 1474 2159 in-

84 2187 216 2227 tentio,
242 2188 280 2220 ut
303 2186 357 2219 vir
376 2184 491 2219 fidelis
519 2184 565 2219 ad
590 2184 763 2219 dominum
788 2195 886 2219 suum
911 2186 1090 2232 gloriosus
1119 2187 1313 2223 adscendat
1337 2193 1371 2224 et
1395 2199 1474 2224 cru-

85 2250 213 2286 delitas
238 2252 521 2296 persequentium
544 2259 619 2284 cum
644 2252 718 2284 suis
744 2251 886 2296 ignibus
903 2251 1049 2296 perfusa
1065 2257 1218 2298 torpeat.
1266 2253 1366 2294 Quod
1386 2255 1475 2289 enim

83 2316 367 2361 persequentium
393 2316 532 2349 insania
555 2316 651 2361 ignis
679 2315 798 2358 fuerit,
825 2317 991 2357 ostendit,
1018 2328 1092 2352 cum
1116 2320 1184 2352 ait:
1214 2319 1311 2353 furor
1331 2319 1475 2364 gentilis

83 2390 253 2416 accensus
272 2379 473 2415 craticulam
493 2385 684 2426 praeparat
703 2383 862 2428 ignitam,
883 2387 921 2417 ut
939 2382 1195 2429 indignationis
1215 2393 1300 2419 suae
1319 2384 1475 2419 flammas

82 2446 225 2492 ignibus
259 2445 467 2484 vindicaret.
515 2444 586 2480 Nec
619 2447 762 2490 mirum,
799 2449 831 2481 si
863 2447 928 2483 hos
966 2450 1118 2494 quinque
1152 2450 1253 2494 ignes
1280 2451 1474 2485 exteriores

84 2512 284 2557 superavit,
312 2512 474 2557 quoniam
501 2522 542 2546 ex
568 2511 684 2547 verbis
711 2513 885 2558 praedicti
909 2513 1056 2549 Maximi
1079 2513 1254 2549 habentur
1275 2516 1345 2550 tria
1370 2515 1475 2550 refri-

83 2577 206 2622 geria,
242 2586 333 2622 quae
367 2578 459 2611 intus
484 2576 626 2619 habuit,
662 2581 696 2612 et
721 2583 794 2613 tres
826 2580 927 2625 ignes
960 2581 995 2614 in
1021 2579 1174 2625 ²)corde
1205 2582 1376 2625 portavit,
1411 2591 1474 2626 per

146 2638 180 2688 ¹1)
197 2654 274 2683 Alii:
293 2663 311 2684 o
319 2665 349 2683 ιιι
357 2665 377 2682 ιι
386 2664 402 2682 e
421 2665 449 2683 ιιι
460 2665 478 2682 ιι
487 2666 507 2683 ιι
516 2655 536 2682 d
546 2665 563 2682 a
572 2665 591 2683 n
600 2665 617 2683 a
626 2663 642 2683 e
651 2675 658 2689 ,
677 2653 756 2683 forte
776 2656 893 2685 rectius.
997 2658 1026 2692 2)
1044 2657 1100 2688 Ed.
1117 2661 1162 2686 Pr.
1181 2667 1197 2686 c
1206 2666 1223 2687 o
1232 2668 1273 2695 rp
1283 2667 1301 2686 ο
1309 2667 1323 2686 r
1331 2667 1357 2686 e.

1122 2712 1167 2748 32
1176 2712 1195 2734 *
