1742 3005
261 100 343 140 856
470 102 567 147 Cap.
599 95 826 132 CLXXXM.
885 95 942 130 De
974 93 1214 129 dedicatione
1245 93 1442 130 ecclesiae.

266 206 376 240 sancti
402 204 484 243 viri,
520 205 556 235 ut
590 201 674 234 dicit
701 199 912 243 Gregorius,
947 198 1069 231 dolore
1102 197 1254 231 afficitur
1280 197 1558 237 considerando,
1593 196 1649 229 ubi

266 270 348 309 l'uit,
375 268 433 301 ubi
461 268 543 307 erit,
571 266 631 300 ubi
658 270 711 299 est
735 269 769 299 et
793 265 851 298 ubi
880 275 947 297 non
972 267 1038 297 est.
1088 262 1153 297 Ubi
1177 262 1253 303 suit,
1281 263 1406 306 inquit:
1434 264 1466 295 in
1487 266 1651 306 peccato,

267 334 326 367 ubi
356 334 439 367 erit:
476 336 509 365 iu
530 331 686 377 judici03
731 330 789 364 ubi
814 334 882 364 est:
919 331 952 363 in
981 329 1138 369 miseria3
1180 327 1238 360 ubi
1266 337 1333 360 non
1361 331 1430 361 est:
1467 328 1499 360 in
1525 328 1653 372 gloria.

269 398 415 439 Quando
439 408 525 443 ergo
553 398 739 431 interiores
766 396 818 430 vel
839 396 1033 429 exteriores
1055 394 1224 437 lacrymas
1245 392 1370 433 l'undit,
1397 391 1654 426 considerando

269 464 421 505 scilicet,
447 464 529 508 quia
557 463 621 496 suit
647 464 679 496 in
706 466 862 507 peccato,
890 465 923 495 et
946 460 987 494 de
1013 461 1089 503 ipso
1117 460 1285 492 rationem
1312 457 1434 491 reddet
1458 456 1655 501 inJudicio,

268 534 350 563 tune
391 528 483 562 istud
516 527 679 572 templum
713 528 787 572 jam
823 526 929 560 semel
962 536 1053 570 aqua
1091 525 1305 569 aspergitur.
1362 522 1508 562 Quando
1543 527 1656 557 autem

270 606 334 640 pro
370 595 532 636 miseria,
574 597 607 627 in
640 603 708 638 qua
743 596 815 634 est,
853 592 897 625 ad
934 592 1047 625 [letum
1085 591 1349 634 compungitur,
1388 593 1468 622 tuuc
1503 588 1658 622 secundo

270 661 451 705 irrigatur.
502 659 648 698 Quando
684 669 746 702 pro
783 659 918 703 gloria,
955 659 988 690 in
1026 666 1094 701 qua
1127 666 1194 689 non
1227 659 1300 697 est,
1336 655 1506 698 lacrymas
1536 654 1659 696 fundit,

272 730 352 758 tunc
379 726 518 758 tertiam
546 733 670 768 aquam
698 724 846 767 spargit.
896 722 980 755 lluic
1005 726 1119 754 autem
1146 730 1257 764 aquae
1278 720 1513 754 admiscentur
1532 721 1660 761 vinum,

273 790 326 824 sal
347 794 381 824 et
396 791 545 831 cineres,
567 790 649 834 quia
671 799 744 822 cum
762 787 817 821 his
840 788 1001 832 lacrymis
1022 785 1188 819 debemus
1210 784 1341 819 habere
1363 787 1474 819 vinum
1494 786 1660 829 spiritua-

272 856 317 889 lis
353 855 620 895 exsultationis,
664 854 717 887 sal
759 858 915 887 maturae
960 851 1183 885 discretionis
1229 854 1263 884 et
1295 852 1430 884 cineres
1466 850 1661 895 profundae

275 920 542 956 humiliationis.
606 919 670 954 Vel
718 929 781 963 per
823 919 937 951 vinum
980 916 1190 961 lymphatum
1234 916 1443 960 intelligitur
1486 915 1663 949 humilitas

277 985 419 1027 Christi,
447 995 546 1030 quam
575 983 698 1018 habuit
723 986 757 1017 in
779 985 893 1017 carnis
914 983 1149 1026 susceptione.
1198 981 1322 1016 Vinum
1344 982 1431 1015 enim
1454 980 1664 1025 lymphatum

277 1055 331 1086 est
365 1050 504 1084 verbum
536 1049 779 1089 humanatum,
813 1060 876 1093 per
911 1048 965 1081 sal
998 1046 1206 1093 intelligitur
1239 1049 1407 1082 sanctitas
1439 1056 1525 1081 suae
1559 1047 1664 1087 vitae,

278 1127 368 1161 quam
395 1120 448 1150 est
474 1114 632 1149 omnibus
659 1114 911 1148 corulimeutum
939 1114 1136 1159 religionis.
1191 1112 1257 1147 Per
1281 1114 1429 1147 cinerem
1457 1112 1666 1157 intelligitur

278 1184 355 1228 ejus
389 1184 525 1227 passio.
573 1180 631 1214 llis
664 1181 771 1225 igitur
807 1180 919 1213 trihus
955 1189 1015 1212 cor
1055 1183 1210 1212 nostrum
1254 1178 1419 1212 debemus
1460 1188 1665 1222 aspergere,

278 1249 417 1282 scilicet
443 1246 612 1282 beneficio
640 1245 913 1286 iucarnationis,
947 1255 1009 1289 per
1041 1243 1135 1289 quod
1161 1254 1391 1288 provocemur
1419 1243 1463 1277 ad
1489 1243 1665 1276 hinuilita»

279 1319 370 1355 tem,
396 1313 555 1357 exemplo
582 1322 667 1346 suae
696 1311 999 1352 conversationis,
1027 1321 1090 1354 per
1116 1308 1207 1354 quod
1231 1310 1453 1343 informemur
1472 1308 1515 1342 ad
1535 1310 1665 1342 sancti<

281 1383 408 1420 tatem,
445 1383 478 1413 et
510 1379 677 1412 memoria
714 1377 915 1421 passionis,
956 1386 1020 1420 per
1055 1374 1147 1420 quod
1187 1376 1369 1408 incitemur
1404 1374 1446 1407 ad
1475 1374 1667 1407 caritatem.

283 1446 415 1484 Quarto
442 1444 607 1478 scribitur
632 1445 665 1477 in
693 1442 759 1477 hoc
784 1442 912 1486 templo
941 1441 1059 1475 cordis
1085 1441 1269 1484 spirituale
1295 1439 1531 1484 alphabetum,
1559 1439 1594 1472 id
1619 1443 1672 1473 cst

284 1510 480 1554 spiritualis
512 1511 697 1554 scriptura.
748 1507 839 1542 llaec
874 1512 987 1541 autem
1023 1507 1222 1550 scriptura,
1269 1516 1357 1551 quae
1404 1505 1453 1538 ibi
1496 1503 1671 1544 scribitur,

284 1575 413 1619 triplex
445 1579 518 1610 est,
556 1576 690 1609 scilicet
724 1574 910 1607 dictamina
946 1571 1205 1613 faciendorum,
1246 1572 1448 1606 testimonia
1480 1570 1673 1605 divinorum

285 1639 550 1682 beneficiorum,
579 1641 757 1674 accusatio
784 1640 1003 1683 propriorum
1030 1637 1245 1672 delictorum.
1294 1637 1343 1672 De
1368 1636 1424 1670 his
1449 1635 1562 1670 tribus
1577 1634 1673 1670 Rom.

288 1706 333 1739 ll:
361 1716 435 1739 cum
461 1708 550 1740 enim
579 1709 722 1751 gentes,
748 1714 837 1749 quae
865 1703 976 1748 legem
1003 1713 1071 1736 nou
1095 1702 1237 1744 habent,
1264 1703 1472 1736 naturaliter
1497 1711 1559 1743 ea,
1586 1710 1675 1746 quae

287 1772 378 1816 legis
413 1775 512 1813 sunt,
552 1771 700 1811 faciunt,
736 1768 908 1814 ejusmodi
941 1768 1054 1813 legem
1089 1779 1157 1801 non
1191 1767 1362 1802 habentes
1395 1769 1463 1812 ipsi
1496 1766 1565 1800 sibi
1598 1769 1677 1799 sunt

287 1837 365 1877 lex,
394 1837 451 1880 qui
477 1835 665 1870 ostendunt
689 1845 777 1879 opus
804 1834 895 1879 legis
921 1835 1086 1877 scriptum
1116 1834 1149 1866 in
1172 1832 1335 1866 cordibus
1354 1833 1439 1866 suis.
1489 1830 1577 1865 Ecce
1604 1831 1676 1873 pri-

289 1911 376 1934 mum
402 1901 637 1934 testimonium
661 1899 828 1934 reddente
856 1899 924 1931 illis
948 1898 1164 1931 conscientia
1184 1898 1356 1940 ipsorum,
1383 1906 1465 1931 ecce
1490 1895 1677 1930 secuudum

290 1970 325 2000 et
358 1966 447 2000 iuter
477 1966 622 1999 invicem
649 1975 687 1999 se
719 1954 968 2009 cogitationem
1005 1963 1241 1996 accusantium
1277 1962 1329 1996 vel
1356 1963 1458 1995 etiam
1487 1960 1676 1995 defenden-

290 2033 396 2072 tium,
433 2040 515 2064 ecce
541 2031 691 2064 tertium.
743 2029 868 2068 Quinto
907 2028 1035 2062 debent
1070 2028 1168 2072 pingi
1204 2031 1346 2068 cruces,
1393 2027 1428 2060 id
1463 2030 1518 2061 est
1551 2028 1681 2059 assumi

291 2095 528 2139 poenitentiae
561 2096 806 2135 austeritates,
856 2093 993 2128 scilicet
1039 2102 1128 2137 quae
1162 2091 1298 2137 quidem
1335 2091 1463 2126 debent
1497 2091 1617 2135 inungi
1649 2094 1683 2124 et

293 2162 374 2206 igne
400 2160 583 2201 illustrari,
612 2161 694 2205 quia
718 2170 786 2193 non
812 2159 923 2193 solum
951 2157 1116 2192 serendae
1141 2161 1221 2191 sunt
1246 2158 1444 2201 patienter,
1481 2156 1542 2190 sed
1579 2156 1683 2189 etiam

292 2225 462 2267 libenter,
498 2224 591 2269 quod
618 2224 836 2270 significatur
860 2234 923 2268 per
947 2224 1154 2265 unctionem,
1182 2226 1216 2256 et
1243 2222 1418 2265 ardenter,
1451 2221 1545 2266 quod
1571 2222 1682 2265 signi-

293 2291 415 2324 ficatur
440 2291 645 2335 perignem.
695 2289 792 2324 Unde
810 2288 1028 2324 Bernartlus:
1056 2290 1113 2333 qui
1139 2292 1292 2322 moratur
1317 2289 1350 2321 in
1375 2289 1516 2329 timore,
1550 2295 1683 2319 erucem

295 2355 426 2390 Christi
453 2358 570 2399 portat
597 2356 792 2398 patienter,
829 2356 887 2399 qui
916 2353 1053 2398 proiicit
1078 2355 1112 2386 in
1139 2363 1221 2397 spe,
1260 2356 1378 2397 portat
1409 2352 1579 2392 libenter,
1623 2349 1683 2383 sed

297 2422 356 2465 qui
381 2423 638 2454 consummatur
663 2421 696 2453 in
722 2421 882 2462 caritate,
910 2419 1131 2463 amplectitur
1146 2419 1219 2463 jam
1239 2417 1412 2452 ardenter.
1462 2416 1562 2450 Item:
1589 2415 1684 2449 multi

297 2485 418 2520 vident
450 2495 572 2519 eruces
607 2488 769 2526 nostras,
811 2484 874 2518 sed
915 2495 983 2518 non
1024 2483 1141 2518 vident
1182 2484 1362 2517 unctiones
1407 2485 1560 2516 nostras.
1620 2479 1684 2518 Qui

299 2561 385 2595 ergo
413 2551 447 2584 in
471 2561 509 2585 se
535 2550 622 2584 haec
647 2549 811 2591 habebit,
847 2560 927 2584 vere
953 2548 1114 2593 templum
1140 2547 1183 2582 ad
1212 2547 1378 2582 honorem
1405 2547 1466 2581 Dei
1493 2545 1684 2580 dedicatum

299 2616 374 2647 erit.
426 2615 559 2660 Dignus
587 2615 714 2659 plane,
750 2617 782 2648 in
817 2625 884 2660 quo
913 2614 1073 2649 Christus
1100 2612 1233 2648 habitet
1258 2624 1320 2658 per
1344 2613 1511 2658 gratiam,
1547 2614 1581 2644 ut
1608 2613 1683 2644 tan>
