1742 3005
328 109 424 159 Cap.
454 109 499 144 V.
559 107 617 145 De
647 114 778 144 sancto
811 107 959 144 Thoma
991 110 1178 158 apostolo.
1398 113 1448 149 33

65 212 151 247 illud
179 211 271 258 quod
297 212 403 253 dixit,
446 221 520 246 cnm
548 213 755 247 certificatus
782 212 946 247 credidit:
990 213 1146 249 dominus
1178 226 1273 250 meus
1302 220 1335 251 et
1359 217 1448 253 Deus

64 288 168 313 meus.

150 347 188 380 1.
215 342 368 377 Thomas
394 343 576 387 apostolus
600 353 675 376 cum
700 347 793 378 esset
827 344 919 388 apud
945 345 1154 380 Caesaream
1170 374 1177 388 ‚
1227 349 1389 391 apparuit
1417 352 1448 383 ei

4 447 15 450 ,
63 409 221 442 dominus
252 409 388 443 dicens:
434 419 496 443 rex
529 408 647 442 Indiae
685 408 905 443 Gundoserus
937 411 1030 443 misit
1066 412 1303 454 praepositum
1330 412 1440 448 Abba

64 485 139 509 nem
164 484 333 519 quaerere
369 473 538 508 hominem
567 473 813 507 architectoria
839 478 914 507 arte
940 474 1122 508 eruditum.
1171 475 1257 509 Veni
1285 479 1392 522 igitur
1416 486 1448 513 et

64 542 194 574 mittam
219 545 252 574 te
277 539 321 573 ad
348 549 434 574 eum.
463 538 525 573 Cui
551 537 722 571 Thomas:
750 537 899 579 domine,
925 549 992 583 quo
1012 541 1062 573 vis
1089 541 1184 574 mitte
1210 552 1261 575 me
1288 548 1389 586 pater
1405 546 1449 579 ad

63 605 177 639 Indos.
227 605 290 639 Cui
309 603 422 638 Deus:
450 604 538 638 vade
565 613 706 646 secure⁷
735 605 817 648 quia
843 614 902 638 ero
929 608 1046 638 eustos
1070 606 1132 639 tui.
1169 606 1321 652 Cumque
1345 608 1447 642 Indos

63 671 296 706 converteris,
333 669 377 703 ad
406 679 458 704 me
484 679 558 703 cum
582 669 699 714 palma
724 669 873 702 martirii
898 670 1028 704 venies.
1089 670 1151 704 (lui
1178 670 1351 706 Thomas:
1387 675 1429 708 d«,

63 737 172 769 minus
197 746 292 770 meus
319 745 356 770 es
373 739 407 770 et
433 746 500 781 ego
526 745 648 770 servus
672 740 769 769 tuus:
796 735 855 767 liat
879 735 1039 768 voluntas
1066 740 1137 770 tua.
1167 736 1320 782 Cumque
1348 749 1430 783 prae

63 803 199 845 positus
227 812 290 846 per
313 800 423 834 sorum
449 800 655 841 ambularet,
682 800 769 834 dixit
795 801 826 834 ei
851 799 1027 834 dominus:
1055 801 1137 845 quid
1164 812 1367 847 comparare
1385 807 1447 844 ris,

59 868 228 911 jiivenis‘?
285 866 348 901 Cui
376 867 452 901 ille:
479 866 636 900 dominus
662 876 757 900 meus
786 866 877 899 misit
903 876 967 901 me.
994 870 1030 899 ut
1053 867 1240 901 conducam
1266 879 1387 904 servos
1414 874 1446 904 in

63 936 139 966 arte
164 931 409 966 architectoria
422 932 590 973 eruditos,
618 935 652 964 nt
668 941 809 965 romano
826 942 932 975 opere
947 930 1013 964 sibi
1028 932 1195 976 palatium
1212 939 1433 969 construatur

64 996 160 1030 Tune
174 997 330 1032 dominus
345 997 489 1031 tradidit
509 999 541 1032 ei
557 996 723 1031 Tliomam
741 1007 904 1031 asserens
929 1007 1003 1030 eum
1025 997 1205 1042 plurimum
1227 1000 1260 1032 in
1286 1000 1346 1034 tali
1374 1007 1447 1036 arte

61 1063 219 1106 peritum.
267 1062 482 1109 Navigantes
508 1066 621 1097 autem
648 1062 692 1096 ad
718 1062 889 1107 quandam
915 1064 1088 1097 civitatem
1116 1070 1294 1101 venerunt.
1323 1068 1355 1099 in
1381 1079 1446 1112 qua

60 1137 122 1161 rex
150 1127 240 1162 tiliae
265 1138 349 1163 suae
376 1130 514 1173 nuptias
538 1127 751 1163 celebrabat.
822 1127 892 1161 Hoc
922 1138 996 1162 cum
1030 1131 1269 1173 praeconisari
1295 1132 1447 1170 fecisset,

62 1197 98 1227 ut
123 1196 394 1242 omnesjinptiis
420 1196 642 1237 interessent,
669 1194 757 1228 alias
783 1204 900 1239 regem
926 1194 1154 1232 offenderent,
1182 1199 1328 1242 contigit
1354 1198 1447 1232 illum

61 1258 239 1298 Ahhanem
265 1263 300 1294 et
334 1259 529 1305 apostolum
565 1262 719 1294 introire.
791 1259 913 1294 Puella
937 1263 1050 1293 autem
1077 1259 1270 1295 Hebraeum
1299 1262 1446 1297 fistulam

62 1325 95 1357 in
122 1334 224 1358 manu
247 1335 374 1370 gerens
397 1335 671 1369 unumquemque
695 1325 799 1359 laude
824 1325 943 1369 aliqua
968 1324 1231 1359 commendabat
1257 1327 1447 1373 vidensque

62 1390 257 1433 apostolum
284 1390 466 1431 intellexit,
491 1389 579 1423 hunc·
605 1400 683 1424 esse
698 1389 903 1431 Hebraeum,
929 1399 970 1423 eo
999 1390 1089 1434 qnod
1115 1400 1183 1424 non
1212 1392 1446 1431 manducaret,

63 1454 124 1488 sed
152 1455 271 1488 oculos
297 1454 341 1488 ad
366 1455 498 1489 coelum
523 1455 610 1488 fixos
636 1454 792 1489 haberet.
852 1455 1003 1499 Cumque
1030 1455 1147 1499 puella
1174 1466 1289 1490 eoram
1317 1468 1358 1491 eo
1385 1457 1441 1493 he-

62 1519 180 1554 braice
202 1524 343 1554 caneret
367 1519 506 1553 dicens:
533 1531 619 1553 unus
647 1524 700 1554 est
715 1520 806 1554 Deus
833 1519 1081 1560 Hebraeorum,
1111 1522 1167 1564 qui
1184 1523 1317 1555 creavit
1334 1525 1447 1556 onmia

63 1588 97 1618 et
123 1584 281 1619 fundavit
305 1586 435 1626 maria,
471 1585 652 1629 apostolus
677 1587 756 1629 ipsa
778 1584 865 1619 llaec
890 1585 1011 1619 eadem
1038 1585 1144 1619 verba
1166 1590 1325 1630 repetere
1351 1593 1442 1623 salar

62 1649 180 1695 gebat.
229 1649 358 1685 Videns
386 1654 499 1684 autem
524 1652 706 1695 pincerna,
746 1650 838 1694 quod
865 1660 932 1683 non
961 1650 1185 1684 manducaret
1209 1662 1271 1685 nec
1298 1652 1443 1689 biberet.

62 1715 124 1750 sed
150 1720 279 1749 tantum
304 1715 423 1749 oculos
449 1715 536 1749 lixos
562 1715 606 1749 ad
635 1716 767 1750 coelum
795 1715 952 1758 liaberet,
979 1717 1174 1761 apostolum
1192 1716 1254 1750 Dei
1277 1719 1309 1751 in
1326 1721 1427 1753 maxil

61 1780 128 1814 lam
155 1782 335 1825 percussit.
386 1781 448 1815 Cui
476 1782 677 1826 apostolus:
712 1782 834 1816 melius
863 1787 934 1823 est,
965 1786 1000 1815 ut
1026 1784 1059 1815 in
1086 1782 1202 1816 suturo
1229 1783 1445 1829 indulgentia

62 1830 124 1880 tilii
148 1845 306 1880 tradatur
330 1850 364 1881 et
390 1845 445 1880 hic
470 1848 675 1881 transitoria
708 1847 817 1893 plaga
852 1847 1037 1883 reddatur:
1086 1859 1154 1882 non
1186 1847 1264 1882 hinc
1291 1860 1443 1895 surgam.

62 1912 172 1946 donec
197 1921 338 1954 manus,
373 1922 462 1957 quae
488 1914 682 1956 percussit,
718 1912 781 1947 hue
808 1924 829 1948 a
853 1913 996 1948 canibus
1024 1913 1200 1947 afferatur.
1250 1914 1311 1949 Hic
1339 1917 1446 1961 igitur

62 1977 106 2011 ad
138 1976 363 2012 hauriendam
395 1987 520 2023 aqua-m
551 1977 638 2011 abiit
671 1982 705 2013 et
734 1979 789 2014 leo
818 1981 928 2024 ipsum
954 1978 1115 2013 occidens
1140 1980 1342 2023 sanguinem
1369 1983 1444 2025 ejus

61 2042 159 2077 bibit.
230 2042 482 2077 Lacerantihus
507 2048 619 2078 autem
645 2045 789 2079 canibus
815 2046 890 2090 eJus
914 2055 1061 2089 corpuS,
1112 2055 1197 2078 unus
1222 2046 1324 2090 niger
1351 2049 1445 2080 canis

63 2117 195 2142 manum
231 2108 306 2152 ejus
342 2107 499 2142 dextram
531 2111 565 2142 in
598 2109 744 2145 medinm
777 2112 971 2144 convIvium
1006 2111 1227 2154 apportavit,
1276 2121 1343 2155 quo
1370 2114 1444 2146 viso

62 2175 171 2207 omnis
195 2173 298 2206 turha
322 2172 502 2218 obstupuit
526 2179 559 2209 et
585 2175 703 2219 puella
728 2177 804 2221 ejus
836 2175 944 2210 verba
969 2176 1124 2210 reserens
1149 2176 1306 2220 projecta
1332 2176 1446 2211 fistula

63 2238 108 2272 ad
132 2238 239 2283 pedes
264 2239 417 2282 apostoli
443 2250 481 2274 se
508 2243 668 2286 projecit.
726 2241 834 2286 Hujus
859 2245 973 2275 antem
994 2241 1157 2274 ultionem
1184 2240 1351 2284 reprobat
1374 2243 1445 2275 Aur-

62 2304 222 2347 gustinus
247 2305 281 2337 in
306 2303 396 2338 libro
423 2311 545 2340 eontra
570 2305 731 2341 Faustum
757 2311 791 2341 et
816 2308 957 2347 asserit,
983 2316 1003 2340 a
1029 2306 1161 2350 pseudo
1187 2305 1252 2339 lioc
1270 2306 1377 2340 fuisse
1394 2309 1445 2340 in-

63 2371 203 2409 sertum,
231 2367 319 2401 unde
347 2373 381 2402 et
405 2370 556 2415 legenda
581 2371 667 2406 liaeo
693 2383 761 2417 quo
786 2372 831 2406 ad
857 2372 958 2416 plura
982 2375 1145 2414 suspecta
1172 2370 1330 2405 habetur.
1360 2370 1442 2404 Pus>

62 2436 115 2466 set
137 2436 253 2467 tamen
278 2431 363 2475 dici,
409 2435 502 2479 quod
527 2447 594 2470 non
619 2438 732 2471 animo
758 2435 965 2481 impetrandi
1000 2436 1030 2477 ¹)
1047 2462 1054 2475 ,
1092 2434 1152 2467 sed
1180 2434 1279 2468 modo
1304 2436 1444 2479 praedi—

60 2497 158 2532 cendi
184 2497 309 2531 dietum
334 2500 390 2533 sit.
448 2500 484 2533 Si
508 2503 622 2535 tamen
648 2502 834 2546 Augustini
862 2500 970 2535 verba
994 2500 1181 2544 diligenter
1204 2500 1443 2543 inspiciantun

0 2574 7 2579 ·
60 2573 129 2609 non
152 2564 289 2607 penitus
314 2563 504 2607 reprobare
528 2566 596 2597 ista
621 2566 792 2599 videntur.
859 2566 915 2599 Ait
941 2566 1028 2598 enim
1055 2566 1104 2597 sie
1130 2566 1162 2596 in
1189 2563 1308 2597 eodem
1332 2565 1442 2598 libro:

129 2708 151 2733 J*
174 2707 378 2733 Revexili'·›1··³<:
407 2709 450 2733 in:
464 2719 481 2742 p
493 2718 504 2733 1*
516 2720 551 2728 ’ψ
563 2719 576 2733 a
590 2719 603 2733 ,η
622 2708 661 2733 λ’,ἷμ
685 2717 740 2733 inm
764 2709 837 2733 :rial-³
