1742 3005
577 365 1046 441 PRAErArlo.

125 689 198 762 Si
231 720 316 772 quis
345 721 662 772 unquam'medii
696 723 777 762 aevi
810 729 945 762 auctor
970 733 1090 773 opere
1109 733 1180 760 suo
1201 720 1365 771 gloriam
1387 727 1502 773 atque

124 791 421 833 admirationem
449 790 524 829 sibi
556 790 793 837 conciliavit,
830 791 1009 842 profecto
1039 790 1207 828 Jacobus
1236 790 1301 828 ille
1332 803 1351 828 a
1381 790 1503 829 Vora—

124 861 232 910 gine,
264 870 379 910 quem
408 863 633 897 sanctorum
661 857 757 897 vitas
787 857 1022 908 compilasse
1049 862 1209 903 constat,
1242 870 1314 908 per
1331 857 1403 896 tria
1421 858 1506 896 sere

125 932 163 964 et
203 925 307 976 quod
346 923 497 963 excedit
536 924 689 963 saecula
727 937 821 975 prae
858 923 1041 962 omnibus
1081 924 1257 975 ejusdem
1286 923 1503 974 argumenti

122 990 382 1043 scriptoribus
421 1002 591 1029 summas
632 997 866 1030 consecutus
906 997 964 1030 est
1002 991 1152 1030 laudes.
1212 991 1315 1030 Sane
1348 990 1505 1042 quidem

122 1058 372 1110 potissimum
420 1056 511 1096 inde
561 1070 582 1096 a
631 1058 788 1096 saeculo
845 1058 980 1109 quinto
1031 1057 1183 1096 decimo
1234 1056 1335 1095 haud
1391 1057 1504 1108 pauci

124 1124 324 1171 exstitere,
367 1123 432 1174 qui
478 1136 567 1162 eum
608 1124 847 1164 credulitatis
890 1131 1005 1176 atque
1046 1124 1224 1163 vanitatis
1264 1130 1504 1168 accusarent,

123 1192 228 1230 unde
260 1192 441 1230 effectum
472 1196 550 1238 est,
583 1197 625 1230 ut
655 1191 944 1242 quodammodo
977 1191 1243 1242 negligeretur
1275 1196 1390 1241 atque
1422 1192 1505 1230 sere

123 1259 164 1297 in
195 1258 433 1297 oblivionem
462 1257 632 1296 cederet.
690 1258 804 1308 Atqui
834 1259 1033 1296 recentior
1054 1263 1158 1296 aetas
1180 1262 1286 1294 recte
1304 1257 1505 1305 intellexit,

125 1338 240 1377 quam
270 1325 401 1374 largus
431 1323 520 1361 fons
552 1323 855 1362 christianorum
885 1325 1106 1375 mytborum
1136 1322 1435 1375 fabularumque
1465 1324 1507 1364 in

123 1405 170 1430 eo
202 1392 335 1436 lateat,
377 1403 454 1440 quo
487 1390 533 1429 ad
563 1390 880 1441 interpretandos
921 1390 1113 1441 plurimos
1144 1388 1263 1426 medii
1293 1390 1375 1428 aevi
1406 1403 1505 1441 poe-

122 1463 248 1496 tarum
303 1462 416 1506 atque
476 1469 611 1494 rerum
656 1457 894 1506 scriptorum
942 1456 1195 1494 obscuriores
1246 1456 1356 1495 locos
1402 1457 1506 1496 bene

120 1523 261 1570 utaris,
305 1522 537 1573 praesertim
582 1535 702 1573 quum
751 1523 809 1560 vel
859 1522 943 1572 ipse
982 1522 1151 1561 Jacobus
1196 1529 1352 1570 noster,
1399 1524 1506 1574 quod

121 1590 258 1629 attinet
287 1588 333 1628 ad
364 1588 573 1635 fabulosas,
601 1601 695 1640 quas
726 1589 923 1627 interdum
946 1588 1091 1635 retulit,
1121 1588 1361 1636 liistoriolas,
1392 1590 1505 1628 dum—

121 1656 238 1695 modo
269 1654 486 1694 accuratius
517 1655 601 1706 ejus
631 1655 749 1695 verba
777 1655 1079 1707 perpendamus,
1111 1657 1337 1707 neutiquam
1363 1657 1504 1704 omnia,

122 1735 220 1773 quae
250 1721 387 1769 tradit,
418 1735 491 1773 pro
526 1722 628 1761 veris
657 1722 793 1761 baberi
825 1723 937 1769 velit,
968 1722 1038 1760 sed
1068 1722 1283 1761 identidem
1312 1736 1353 1762 se
1384 1724 1504 1763 relata

120 1794 268 1828 tantum
295 1789 447 1828 referre
477 1802 561 1837 nec⁷
591 1802 685 1828 num
713 1802 852 1828 revera
880 1803 944 1828 res
976 1790 1027 1828 ita
1051 1803 1093 1829 se
1118 1790 1340 1837 habuerint,
1371 1791 1503 1830 testari

118 1867 237 1908 posse
267 1854 424 1895 disertis
454 1856 585 1896 verbis
615 1861 785 1896 moneat.
847 1858 929 1904 Qua
962 1857 1009 1895 de
1035 1870 1078 1896 re
1100 1858 1202 1896 haud
1222 1858 1359 1896 inutile
1379 1858 1505 1897 visum

103 1925 197 1970 est,
236 1935 335 1973 opus
373 1922 488 1970 illud,
541 1922 647 1974 quod
682 1923 853 1974 majores
882 1924 1007 1962 nostri
1047 1937 1210 1963 aureum
1240 1924 1503 1972 nominarunt,

120 2002 167 2028 ex
196 1989 370 2028 tenebris
402 1995 439 2028 et
468 1989 665 2038 sordibus,
695 1989 836 2041 quibus
866 1990 1069 2045 hucusque
1102 1991 1313 2030 obductum
1336 1991 1503 2042 J'acebat,

118 2069 258 2096 rursus
298 2055 339 2094 in
377 2056 506 2095 lucem
542 2057 726 2107 proferre
763 2062 899 2107 atque,
939 2058 1068 2108 quoad
1106 2058 1189 2109 ejus
1228 2058 1313 2096 fieri
1355 2064 1502 2109 posset,

120 2122 368 2162 emendatum
396 2128 511 2174 atque
541 2129 762 2162 correctum
790 2125 901 2175 prelo
928 2124 1171 2163 submittere.
1233 2126 1319 2173 Quo
1342 2138 1502 2164 accura-

119 2189 197 2228 tior
236 2194 365 2228 autem
405 2195 443 2228 et
479 2189 705 2240 diligentior
740 2203 840 2229 nova
874 2191 992 2242 hujus
1022 2192 1277 2241 legendarum
1314 2191 1502 2242 compila-

119 2254 238 2294 tionis
286 2256 466 2295 recensio
508 2256 708 2303 existeret,
751 2257 864 2308 plura
904 2258 951 2296 de
992 2258 1194 2297 codicibus
1234 2266 1349 2310 atque
1391 2258 1503 2297 libris

120 2320 234 2359 editis
275 2320 358 2371 ejus
381 2313 645 2372 *praemittere
685 2323 726 2362 in
766 2324 896 2363 animo
928 2330 1028 2371 erat,
1067 2325 1262 2375 simulque
1302 2325 1418 2364 etiam
1455 2325 1504 2364 de

118 2386 314 2433 sontibus,
354 2387 495 2438 quibus
533 2389 702 2429 Jacobus
732 2396 868 2429 noster
897 2403 992 2429 usus
1023 2396 1102 2437 est,
1143 2396 1258 2441 atque
1288 2391 1336 2430 de
1366 2391 1502 2442 singu-

118 2454 245 2493 larum
269 2454 525 2504 legendarum
553 2455 851 2507 fabularumque
870 2456 918 2495 iis
937 2456 1173 2495 insertarum
1201 2457 1353 2508 origine
1379 2471 1501 2509 pauca

118 2533 303 2568 monere,
361 2520 477 2559 vitam
524 2520 640 2559 etiam
686 2523 856 2561 auctoris
905 2528 943 2561 et
979 2522 1300 2573 chroiiologicum
1335 2524 1501 2564 vitarum

118 2592 343 2626 sanctorum
372 2586 542 2625 indicem
571 2587 729 2626 addere.
788 2587 836 2627 At
865 2589 1049 2640 quoniam
1073 2590 1198 2629 moles
1218 2590 1337 2629 totius
1365 2592 1499 2642 operis

119 2653 235 2693 nimis
265 2658 375 2693 aucta
397 2658 512 2711 esset,
542 2666 661 2705 quum
692 2659 729 2693 et
756 2654 950 2706 legendas*
971 2656 1018 2695 ab
1045 2656 1129 2696 aliis
1150 2657 1343 2708 genuinae
1363 2657 1496 2697 Jacohi
