1742 3005
318 114 414 163 Cap.
446 112 508 150 Li.
566 113 623 149 De
655 111 944 147 annuntiatione
975 109 1180 146 dominica.
1372 106 1453 146 219

64 217 221 252 ordinem
247 217 401 264 quaerit,
435 216 496 251 ille
532 226 622 262 quae
645 215 740 250 Deus
777 215 849 249 vult
876 214 970 257 fieri,
1006 224 1077 248 non
1101 221 1208 259 posse
1232 212 1455 257 praescribit.

63 283 126 318 lile
150 282 409 328 impellentibus
429 281 596 327 exemplis
610 292 679 316 non
696 280 881 316 adscendit
897 280 942 315 ad
963 279 1076 321 iidem,
1101 276 1190 313 haec
1204 279 1280 313 sine
1297 277 1455 323 exemplo

64 349 260 394 praecurrit
282 348 327 383 ad
351 348 464 384 fidem.
511 347 605 382 Haec
631 348 776 381 miratur
809 346 853 381 de
878 350 979 390 partu
1003 345 1172 390 virginis,
1208 344 1269 379 ille
1302 343 1345 378 dc
1372 354 1455 378 con-

66 418 169 459 ceptu
191 413 347 459 disputat
372 414 562 460 conjugali.
621 412 701 447 Non
725 422 810 457 ergo
839 410 976 444 dubitat
1010 409 1053 444 de
1080 400 1195 453 sacto,
1230 409 1295 444 sed
1318 409 1457 444 modum

67 480 205 525 quaerit
231 483 265 514 et
287 478 463 521 ordinem,
490 489 569 513 nam
597 488 671 512 cum
694 477 823 521 triplex
848 477 896 510 sit
918 474 1041 510 modus
1068 476 1328 520 conceptionis,
1355 480 1458 510 natu-

67 545 164 587 ralis,
190 544 384 590 spiritualis
411 548 446 578 et
470 543 652 585 mirabilis,
679 554 746 589 quo
773 543 918 576 istorum
945 542 1132 585 concipiat,
1159 542 1372 576 sciscitatur.
1415 540 1458 576 Et

68 610 287 655 respondens
312 609 458 655 angelus
484 609 573 643 dixit
599 610 649 643 ei:
676 609 821 654 spiritus
845 611 987 642 sanctus
1011 607 1235 652 superveniet
1258 607 1294 640 in
1319 610 1374 649 te,
1402 608 1461 653 qui

70 677 146 721 ipse
170 680 264 709 tuum
299 679 503 720 conceptum
541 674 681 710 efficiet.
735 673 832 709 Unde
867 677 901 709 et
935 673 1063 707 dicitur
1098 672 1142 707 de
1180 673 1306 717 spiritu
1337 676 1460 706 sancto

70 744 258 785 conceptus
285 744 318 775 et
342 740 409 775 hoc
443 745 588 786 propter
617 745 767 786 quatuor
799 740 965 774 rationes.
1021 738 1136 774 Primo
1170 742 1317 783 propter
1341 742 1460 772 osten-

59 794 203 841 'sionem
228 807 376 840 eximiae
401 808 571 849 caritatis,
600 811 638 840 ut
661 806 800 840 scilicet
821 805 1046 847 ostendatur,
1082 802 1176 850 quod
1203 802 1375 838 ineffabili
1398 802 1462 837 Dei

71 873 217 907 caritate
242 871 385 906 verbnm
404 871 470 906 Dei
496 881 577 906 caro
605 871 733 906 sactum
755 875 818 906 est.
866 871 1036 906 Johannis
1059 869 1121 904 111:
1149 871 1201 903 sic
1219 869 1314 904 Deus
1340 868 1466 902 dilexit

71 937 232 971 mundum
267 941 331 972 etc.
391 936 434 972 Et
463 938 551 972 haec
583 938 673 971 ratio
712 941 765 971 est
791 936 956 982 Magistri
991 936 1250 970 sententiarum.
1301 933 1463 968 Secundo

72 1007 218 1048 propter
245 1004 481 1038 ostensionem
507 1004 645 1049 gratiae
669 1003 803 1048 absque
829 1003 974 1044 meritis,
999 1006 1038 1036 ut
1063 1012 1126 1046 per
1149 1001 1228 1044 hoc,
1254 1001 1348 1046 quod
1375 1000 1464 1034 dici-

72 1073 139 1111 tur,
168 1072 358 1113 conceptus
378 1069 421 1103 de
441 1070 565 1114 spiritu
591 1073 712 1103 sancto
737 1068 953 1110 ostendatur,
979 1068 1071 1114 quod
1097 1069 1143 1102 sit
1169 1077 1210 1101 ex
1236 1067 1314 1101 sola
1338 1067 1466 1111 gratia,

74 1144 176 1180 quam
199 1133 296 1168 nulla
328 1134 501 1169 hominum
526 1139 796 1180 praecesserunt
825 1135 959 1169 merita.
1016 1133 1059 1169 Et
1086 1133 1175 1168 haee
1200 1137 1253 1168 est
1277 1134 1366 1166 ratio
1392 1132 1465 1166 Au-

74 1201 219 1246 gustini.
267 1200 390 1235 Tertio
415 1205 561 1246 propter
582 1202 743 1235 virtutem
781 1201 1017 1245 operationis,
1061 1201 1144 1245 quia
1175 1199 1313 1233 scilicet
1338 1207 1466 1242 opera-

75 1267 170 1300 tione
198 1270 232 1300 ct
257 1266 382 1300 virtute
411 1267 555 1311 spiritus
580 1268 693 1301 sancti
719 1271 908 1312 conceptus
934 1270 999 1308 est,
1024 1270 1057 1301 et
1084 1266 1172 1300 haec
1198 1269 1252 1300 est
1281 1264 1467 1299 ratioAm-

77 1331 200 1366 brosii.
250 1331 381 1372 Quarto
416 1336 562 1377 propter
589 1334 753 1366 motivum
790 1333 1049 1376 conceptionis,
1093 1335 1128 1364 et
1160 1330 1247 1365 haec
1290 1335 1344 1365 est
1376 1332 1467 1364 ratio

76 1396 234 1443 Hugonis
259 1397 303 1431 de
326 1402 447 1431 sancto
468 1397 620 1432 Victore.
677 1397 864 1440 Mutuum,
889 1402 926 1431 ut
951 1398 1021 1439 ait,
1048 1396 1092 1431 ad
1119 1397 1380 1441 conceptionem
1405 1405 1469 1430 na-

76 1463 246 1505 turalem,
287 1467 342 1497 est
372 1472 470 1497 amor
505 1464 569 1497 viri
607 1465 640 1497 iu
678 1463 854 1497 mulierem
891 1467 925 1497 et
959 1473 1058 1497 amor
1089 1463 1245 1497 inulIeris
1280 1464 1314 1496 in
1347 1463 1469 1496 virum.

78 1528 136 1562 Sic
160 1530 195 1562 in
222 1529 368 1573 virgine,
395 1529 529 1573 inquit,
558 1529 641 1573 quia
664 1530 699 1562 in
733 1530 809 1574 ejus
835 1528 941 1563 corde
966 1538 1064 1562 amor
1091 1529 1236 1573 spiritus
1265 1530 1375 1562 saneti
1400 1530 1471 1562 sin-

77 1594 251 1640 gulariter
274 1592 444 1636 ardebat,
475 1593 554 1628 ideo
581 1595 615 1627 in
640 1603 744 1628 carne
771 1595 847 1639 ejus
871 1604 970 1628 amor
992 1595 1136 1639 spiritus
1161 1595 1273 1627 sancti
1298 1593 1474 1628 mirabilia

79 1659 244 1694 faciebat.
292 1658 336 1693 Et
359 1661 470 1694 virtus
493 1659 654 1694 altissimi
680 1659 905 1694 obumbrabit
928 1659 1003 1694 tibi.
1053 1659 1125 1694 Hoc
1151 1659 1339 1694 secundum
1370 1659 1472 1694 (ilos-

80 1734 154 1759 sam
180 1726 231 1759 sic
249 1725 453 1769 exponitur:
481 1724 604 1759 umbra
626 1735 648 1759 a
674 1725 801 1760 lumine
827 1729 862 1761 et
884 1736 1033 1771 corpore
1057 1725 1197 1771 objecto
1214 1726 1305 1760 solet
1330 1726 1474 1760 formari

81 1794 115 1825 et
140 1792 266 1836 virgo,
293 1791 382 1824 sicut
407 1794 442 1825 et
467 1801 575 1836 purus
601 1791 704 1826 homo
721 1819 729 1833 ,
764 1791 1013 1836 plenitudinem
1038 1791 1232 1826 divinitatis
1256 1801 1385 1836 capere
1412 1802 1473 1826 ne-

83 1856 227 1902 quibat,
267 1855 331 1891 sed
353 1857 463 1890 virtus
489 1857 651 1891 altissimi
681 1856 904 1891 obumbrabit
930 1857 1007 1900 tibi,
1034 1857 1113 1892 duni
1138 1858 1173 1891 in
1199 1867 1242 1892 ea
1266 1859 1477 1903 incorporea

82 1923 142 1956 lux
167 1922 362 1958 divinitatis
385 1933 514 1969 corpus
540 1924 697 1968 suscepit
714 1922 952 1966 humanitatis,
980 1927 1018 1957 ut
1042 1925 1094 1958 sic
1119 1927 1241 1968 posset
1263 1923 1370 1958 Deum
1388 1925 1473 1968 pati.

84 1987 179 2022 Hanc
203 1990 458 2033 expositionem
484 1988 621 2024 videtur
643 1993 791 2034 tangere
820 1989 1042 2031 Bernartius,
1090 1990 1174 2034 quia
1207 1990 1259 2023 sic
1293 1991 1361 2023 ait:
1395 1991 1478 2034 quia

84 2052 179 2088 Deus
204 2054 350 2098 spiritus
375 2058 448 2095 est,
483 2064 549 2089 nos
575 2065 659 2090 vero
682 2054 804 2089 umbra
825 2057 986 2100 corporis
1012 2056 1064 2089 sui
1080 2083 1088 2098 ‚
1118 2057 1327 2099 temperavit
1351 2065 1389 2089 se
1414 2065 1477 2089 no-

85 2118 211 2164 bis1),
251 2122 290 2153 ut
315 2129 377 2164 per
400 2119 576 2164 objectum
598 2120 757 2154 vivificae
785 2122 900 2154 carnis
924 2121 1105 2155 videamus
1130 2120 1272 2155 verbum
1297 2122 1331 2154 in
1361 2130 1478 2163 earne,

87 2184 196 2219 solem
220 2185 255 2218 in
280 2183 386 2228 nube,
411 2185 525 2220 lumen
549 2187 584 2219 in
609 2189 724 2228 testa,
750 2196 886 2221 cereum
914 2187 951 2220 in
976 2186 1124 2221 laterna.
1173 2185 1367 2220 Secundum
1390 2185 1477 2221 Ber—

88 2248 232 2283 nardum
258 2251 309 2284 sic
343 2252 546 2295 exponitur,
584 2253 686 2297 quasi
713 2252 824 2286 dicat:
857 2251 952 2285 illum
978 2251 1136 2296 modum,
1172 2262 1241 2298 quo
1275 2251 1318 2287 de
1352 2253 1479 2297 spiritu

89 2317 211 2348 sancto
238 2316 436 2359 concipies,
476 2316 542 2351 Dei
578 2318 688 2352 virtus
714 2317 873 2352 Christus
910 2319 943 2350 in
969 2327 1033 2352 suo
1068 2319 1304 2353 secretissimo
1332 2317 1480 2351 consilio

90 2377 329 2413 obumbrando
355 2380 566 2424 occultabit,
591 2386 629 2416 ut
654 2382 724 2417 sibi
750 2387 884 2417 tantum
909 2386 1026 2417 notum
1052 2383 1224 2418 habeatur
1248 2386 1282 2417 et
1306 2382 1381 2416 tibi.
1429 2382 1482 2416 Ac

92 2445 123 2479 si
143 2444 255 2478 dieat:
279 2443 362 2490 quid
378 2454 466 2480 ame
487 2448 640 2491 quaeris,
668 2447 761 2492 quod
784 2450 819 2481 in
843 2452 879 2482 te
904 2459 984 2482 mox
1009 2450 1231 2493 experieris?
1255 2448 1365 2491 Scies,
1392 2449 1482 2483 scies

92 2513 128 2544 et
150 2508 301 2544 feliciter
325 2510 429 2552 scies,
456 2510 518 2545 sed
544 2511 604 2545 illo
630 2511 773 2547 doctore
794 2523 862 2557 quo
882 2516 1037 2547 auctore.
1073 2511 1150 2557 Ego
1168 2515 1328 2549 nuntiare
1355 2515 1481 2548 missus

93 2584 166 2608 sum
187 2575 397 2621 virginalem
421 2579 636 2621 conceptum,
663 2587 866 2612 nonereare.
907 2576 965 2612 Vel
989 2577 1224 2622 obumbrabit,
1252 2579 1285 2613 id
1312 2584 1378 2623 est,
1406 2583 1440 2615 te
1463 2590 1484 2614 a

161 2719 191 2752 1)
209 2719 269 2746 Alii
286 2720 365 2748 male
382 2720 484 2753 legunt
504 2722 615 2755 nube,
643 2731 717 2755 quae
737 2722 826 2750 lectio
845 2722 979 2758 prosecta
1000 2723 1119 2752 videtur
1137 2733 1173 2752 ex
1192 2725 1399 2759 sequentibus.
