1742 3005
242 139 324 180 650
411 141 508 189 Cap.
541 136 687 175 CXLV.
748 136 806 172 De
839 140 968 171 sancto
1001 134 1189 171 Michaele
1222 131 1462 181 archangelo.

242 251 353 281 turum
379 254 421 277 ne
448 243 524 283 liat,
558 241 623 275 hoc
659 241 833 285 signatum
871 242 925 273 est
950 237 1088 274 Numer.
1114 235 1211 270 XXII
1238 238 1271 269 in
1294 236 1435 270 Balaam
1452 264 1459 277 ,
1494 236 1550 280 qui
1586 234 1630 268 ad

242 307 512 346 maledicendum
539 306 649 340 Israel
675 315 827 351 pergens
854 303 897 338 ab
924 303 1052 349 angelo
1077 302 1265 346 impeditus
1293 305 1363 343 est3
1398 300 1549 335 seeundo
1577 301 1629 333 in-

245 373 421 420 crepando
458 373 705 418 praeteritum,
738 374 775 404 ut
810 369 853 404 ab
887 381 927 405 eo
963 370 1040 414 quis
1074 367 1237 409 recedat,
1277 365 1344 400 hoe
1379 366 1552 410 signatum
1580 368 1632 400 est

238 441 318 477 Jud.
343 439 394 482 II,
431 439 513 482 ubi,
551 449 624 473 eum
661 436 810 482 angelus
844 435 937 469 tilios
971 433 1080 468 Israel
1116 433 1159 466 de
1193 432 1494 477 praevaricatione
1521 431 1630 465 incre-

240 510 373 552 passet,
401 506 469 550 ipsi
495 504 721 539 elevaverunt
750 512 867 536 vocem
893 504 927 535 et
953 501 1142 541 lleveruut3
1169 499 1273 533 tertio
1304 496 1502 531 violentiam
1530 497 1630 541 quasi

239 571 436 612 inferendo,
458 574 495 604 ut
513 580 533 604 a
549 570 724 614 praesenti
742 571 885 612 peceato
906 568 1044 611 eripiat,
1073 565 1139 599 hoe
1157 566 1332 610 signatum
1353 566 1405 596 est
1427 562 1459 595 in
1480 561 1633 595 violenta

241 637 424 673 eductione
443 635 536 670 Loth
562 639 596 669 et
622 635 741 668 uxoris
770 634 846 678 ejus
865 632 906 667 de
933 631 1109 672 Sodomis,
1138 630 1171 664 id
1200 633 1254 664 est
1279 630 1417 674 peecati
1444 631 1630 662 eonsuetu-

239 702 331 736 dine.
361 702 504 736 Tertius
525 700 669 735 effeetus
691 703 756 742 est,
776 699 805 732 si
825 697 939 740 cadat,
968 696 1059 742 quod
1079 694 1298 741 postmodum
1320 697 1496 739 resurgat,
1519 697 1552 728 et
1566 692 1631 727 hoc

239 768 324 801 fauit
356 765 505 811 angelus
537 764 651 799 trihus
688 763 819 797 modis:
853 764 964 806 primo
999 761 1169 795 movendo
1196 760 1241 794 ad
1269 761 1532 801 contritionem,
1564 758 1630 793 lioe

237 833 413 877 signatum
433 834 486 865 est
507 829 600 864 Tol).
624 828 686 872 XI,
713 827 773 862 ubi
799 827 843 862 ad
864 827 1101 861 documentum
1124 826 1242 870 augeli
1263 826 1306 859 de
1328 826 1422 867 selle,
1449 836 1512 870 per
1537 825 1630 871 quod

237 897 449 943 intelligitur
481 897 667 938 contritio,
702 895 815 928 linivit
848 894 939 938 patri
966 892 1110 933 oculos,
1145 890 1280 925 scilieet
1305 890 1440 932 cordis3
1477 891 1629 925 seeundo

237 962 422 1009 purgando
442 962 537 996 labia
562 960 607 994 ad
632 960 903 1001 consessionem,
931 958 1025 1004 quod
1051 958 1225 1003 signatum
1253 960 1307 991 est
1332 955 1461 990 Ysaiae
1485 955 1543 998 vl,
1571 955 1631 990 ubi

236 1040 301 1074 per
334 1028 497 1073 angelum
529 1026 626 1060 labia
661 1025 790 1060 Ysaiae
828 1029 1041 1070 purgantur3
1079 1025 1184 1058 tertio
1217 1021 1404 1069 gaudendo
1442 1022 1486 1056 ad
1521 1023 1628 1056 satis-

237 1094 460 1135 faciendum,
496 1093 581 1126 Luc.
609 1091 682 1126 XV.
713 1090 859 1132 dieitur,
889 1089 992 1135 'quod
1025 1091 1138 1134 majus
1173 1088 1339 1134 gaudium
1372 1092 1426 1122 est
1460 1089 1495 1122 iu
1528 1087 1629 1122 eoelo

237 1170 344 1204 super
368 1168 437 1192 uno
465 1160 653 1202 peccatore
679 1160 745 1191 etc.
797 1156 947 1195 Quartus
985 1155 1128 1190 effectus
1155 1160 1227 1196 est,
1261 1165 1304 1189 ne
1341 1156 1470 1189 totiens
1506 1153 1559 1188 vel
1596 1155 1628 1187 in

236 1229 289 1260 tot
312 1224 404 1258 mala
430 1222 554 1265 cadat,
582 1223 744 1268 quotiens
774 1222 826 1256 vel
853 1221 897 1255 ad
924 1226 1008 1266 quot
1034 1220 1204 1265 dyabolus
1232 1221 1367 1262 incitat,
1395 1224 1429 1255 et
1455 1219 1520 1254 hoc
1547 1219 1630 1253 sae-it

235 1291 348 1326 tribus
374 1289 499 1331 modis,
527 1288 665 1323 scilieet
690 1291 901 1332 potestatem
925 1287 1106 1321 daemonis
1127 1285 1352 1327 refrenando,
1378 1287 1628 1330 concupiscen-

236 1359 318 1392 tiam
339 1354 579 1397 debilitando,
615 1358 648 1388 et
666 1355 864 1388 memoriam
886 1353 1082 1386 dominicae
1104 1352 1281 1396 passionis
1300 1352 1431 1385 nostris
1455 1351 1627 1385 mentibus

236 1421 487 1468 imprimend03
527 1420 570 1455 de
605 1420 730 1465 quibus
765 1429 873 1464 supra
905 1418 1033 1452 dietum
1069 1423 1135 1456 est,
1184 1417 1345 1453 Secundo
1373 1416 1538 1451 debemus
1565 1426 1626 1451 eos

236 1488 430 1529 honorare,
459 1488 541 1532 quia
567 1490 647 1521 sunt
670 1484 928 1520 ministratores
957 1485 1081 1527 nostri,
1110 1494 1228 1518 omnes
1257 1484 1358 1524 enim,
1386 1484 1477 1517 sieut·
1502 1482 1628 1516 dieitur

236 1553 340 1588 Hebr.
365 1552 412 1594 I.,
449 1556 530 1586 suut
568 1551 861 1586 administratorii
897 1552 1052 1596 spiritus.
1101 1549 1227 1589 Omnes
1262 1551 1351 1584 enini
1384 1552 1529 1593 propter
1563 1558 1627 1582 nos

237 1621 440 1660 nfittuntur,
482 1619 564 1662 quia
595 1619 797 1662 superiores
831 1618 876 1651 ad
908 1617 1064 1659 medios,
1103 1615 1206 1650 medii
1240 1615 1285 1649 ad
1318 1612 1472 1657 intimos,
1522 1612 1627 1648 infimi

236 1686 417 1720 mittuntur
447 1682 493 1717 ad
520 1693 604 1717 nos:
635 1682 722 1717 haee
756 1684 845 1716 enim
878 1684 1000 1716 missio
1027 1683 1193 1727 competit
1219 1681 1368 1715 bonitati
1397 1681 1548 1715 (livinae.
1590 1679 1627 1713 Iu

237 1751 301 1785 lioc
340 1750 429 1784 enim
462 1748 707 1783 manifestatur
738 1747 858 1781 divina
890 1748 1052 1789 bouitas,
1091 1751 1255 1792 quantum
1288 1751 1443 1781 nostram
1479 1746 1625 1780 salutem

236 1816 384 1861 diligat,
412 1814 490 1848 dum
514 1814 754 1848 nobilissimos
781 1814 937 1857 spiritus,
963 1814 1020 1857 qui
1048 1813 1081 1846 ei
1108 1813 1228 1846 intima
1252 1813 1399 1845 caritate
1420 1812 1625 1862 junguntur,

236 1883 361 1927 dirigit
397 1884 432 1915 et
464 1881 667 1913 transmittit
700 1880 745 1913 ad
776 1877 1031 1923 procurandum
1065 1877 1211 1911 salutem
1246 1880 1414 1910 nostram.
1464 1875 1624 1910 Secundo

235 1949 377 1984 caritati
405 1946 610 1991 angelieae3
637 1955 711 1979 eum
737 1945 826 1979 euim
853 1944 1010 1977 caritatis
1036 1943 1193 1977 ardentis
1220 1943 1282 1983 sit,
1309 1942 1456 1976 maxime
1483 1940 1623 1976 deside-

236 2024 316 2048 rare
345 2013 491 2047 aliorum
518 2011 687 2051 salutem,
722 2010 766 2044 ol)
793 2019 894 2054 quam
922 2011 1024 2043 etiam
1050 2009 1138 2042 dixit
1161 2007 1307 2042 Ysaias:
1340 2017 1420 2042 ecce
1446 2017 1528 2052 ego,
1562 2005 1625 2039 do-

235 2081 348 2121 mine,
375 2079 471 2112 mitte
498 2087 574 2118 me,
599 2080 632 2110 et
657 2075 775 2121 angeli
803 2079 952 2119 possunt
977 2084 1042 2108 nos
1062 2075 1188 2119 juvare
1214 2084 1277 2118 pro
1303 2083 1362 2115 ee,
1390 2071 1482 2117 quod
1509 2071 1627 2105 vident

235 2155 298 2179 nos
318 2153 382 2178 suo
406 2143 532 2177 exsilio
553 2141 714 2187 indigere
735 2144 769 2175 et
788 2140 898 2174 malos
920 2139 1069 2186 angelos
1096 2150 1159 2173 nos
1186 2140 1404 2184 impugnare,
1432 2137 1512 2172 ideo
1534 2136 1625 2182 quod

235 2209 281 2244 ad
298 2219 362 2243 nos
381 2209 573 2250 mittuntur,
599 2207 656 2242 lex
674 2208 785 2252 exigit
803 2206 989 2251 angelicae
1011 2206 1180 2239 caritatis.
1231 2204 1354 2238 Tertio
1377 2203 1548 2238 hnmanae
1570 2204 1623 2236 in-

236 2275 437 2321 digentiam
465 2274 647 2307 mittuntur
673 2273 761 2307 euim
781 2265 1004 2317 honi'angeli
1029 2271 1073 2305 ad
1090 2269 1368 2304 inflammandum
1395 2269 1554 2304 affectum
1581 2268 1624 2302 ad

236 2350 401 2381 amorem,
430 2338 519 2372 unde
537 2340 570 2372 in
589 2338 733 2383 liguram
756 2338 858 2382 liujus
879 2337 1044 2383 leguntur
1066 2337 1161 2370 missi
1185 2336 1295 2370 fuisse
1326 2337 1358 2369 in
1384 2345 1485 2369 curru
1507 2336 1621 2380 igneo.

235 2404 397 2442 Secundo
423 2404 467 2439 ad
490 2402 750 2438 illuminandum
778 2403 991 2438 intellectum
1018 2402 1061 2436 ad
1090 2403 1337 2448 coguitionem,
1366 2401 1433 2435 lioe
1450 2403 1623 2447 signatum

238 2477 291 2508 est
317 2471 464 2517 Apocal.
489 2470 532 2504 X.
565 2471 599 2503 in
635 2468 785 2516 angelo,
822 2470 881 2515 qui
918 2468 1074 2504 habebat
1108 2468 1232 2502 librum
1267 2471 1424 2512 apertum
1458 2468 1491 2500 in
1523 2475 1622 2500 mauu

237 2548 311 2572 sua.
361 2537 485 2572 Tertio
519 2535 564 2570 ad
601 2535 898 2570 corroborandum
935 2536 968 2569 in
994 2535 1096 2569 nobis
1125 2545 1224 2568 omne
1249 2532 1487 2578 imperfectum
1513 2540 1621 2575 usque

238 2605 270 2636 iu
307 2602 428 2645 linem,
466 2602 532 2636 hoe
568 2603 742 2647 signatum
781 2605 834 2635 est
867 2600 921 2635 lll.
950 2601 1036 2647 Reg.
1067 2600 1170 2638 xlx,
1213 2599 1272 2633 ubi
1299 2598 1443 2644 augelus
1469 2596 1621 2641 portavit

238 2667 358 2701 lleliae
383 2677 506 2711 panem
535 2667 802 2702 subcinericium
839 2671 872 2701 et
906 2678 967 2701 vas
1000 2676 1112 2712 aquae
1141 2671 1174 2701 et
1201 2664 1349 2700 comedit
1374 2666 1407 2697 et
1431 2660 1619 2695 ambulavit

240 2736 271 2767 in
300 2731 502 2766 fortitudine
529 2733 595 2766 cibi
627 2733 718 2768 illius
745 2744 853 2778 usque
878 2733 920 2767 ad
949 2736 1095 2767 montem
1118 2732 1180 2766 llei
1207 2730 1310 2765 Oroi».
1362 2727 1484 2762 'Fufi-tio
1508 2726 1615 2760 liono-
