<?xml version="1.0" encoding="UTF-8"?>
<!DOCTYPE html PUBLIC "-//W3C//DTD XHTML 1.0 Transitional//EN"
    "http://www.w3.org/TR/xhtml1/DTD/xhtml1-transitional.dtd">
<html xmlns="http://www.w3.org/1999/xhtml" xml:lang="en" lang="en">
 <head>
  <title>
</title>
<meta http-equiv="Content-Type" content="text/html;charset=utf-8" />
  <meta name='ocr-system' content='tesseract 3.04.00' />
  <meta name='ocr-capabilities' content='ocr_page ocr_carea ocr_par ocr_line ocrx_word'/>
</head>
<body>
  <div class='ocr_page' id='page_1' title='image "./legendaaureavulg00jacouoft_0974.png"; bbox 0 0 1742 3005; ppageno 0'>
   <div class='ocr_carea' id='block_1_1' title="bbox 274 95 1661 149">
    <p class='ocr_par' dir='ltr' id='par_1_1' title="bbox 274 95 1661 149">
     <span class='ocr_line' id='line_1_1' title="bbox 274 95 1661 149; baseline -0.001 -11"><span class='ocrx_word' id='word_1_1' title='bbox 274 99 355 138; x_wconf 71' lang='lat'>932</span> <span class='ocrx_word' id='word_1_2' title='bbox 415 101 511 148; x_wconf 84' lang='lat' dir='ltr'>Cap.</span> <span class='ocrx_word' id='word_1_3' title='bbox 538 97 686 133; x_wconf 81' lang='lat' dir='ltr'>CCXX.</span> <span class='ocrx_word' id='word_1_4' title='bbox 731 97 789 133; x_wconf 81' lang='lat' dir='ltr'>De</span> <span class='ocrx_word' id='word_1_5' title='bbox 810 109 840 131; x_wconf 84' lang='lat' dir='ltr'>s.</span> <span class='ocrx_word' id='word_1_6' title='bbox 865 95 1133 133; x_wconf 81' lang='lat' dir='ltr'>Bonuventura</span> <span class='ocrx_word' id='word_1_7' title='bbox 1158 99 1342 149; x_wconf 83' lang='lat' dir='ltr'>episcopo</span> <span class='ocrx_word' id='word_1_8' title='bbox 1365 106 1402 136; x_wconf 82' lang='lat' dir='ltr'>et</span> <span class='ocrx_word' id='word_1_9' title='bbox 1427 100 1661 137; x_wconf 71' lang='lat' dir='ltr'>consessore.</span> 
     </span>
    </p>
   </div>
   <div class='ocr_carea' id='block_1_2' title="bbox 276 199 1678 1717">
    <p class='ocr_par' dir='ltr' id='par_1_2' title="bbox 276 199 1678 1717">
     <span class='ocr_line' id='line_1_2' title="bbox 278 199 1664 237; baseline -0.001 -7"><span class='ocrx_word' id='word_1_10' title='bbox 278 203 426 231; x_wconf 76' lang='lat' dir='ltr'>defunctis</span> <span class='ocrx_word' id='word_1_11' title='bbox 445 200 554 234; x_wconf 83' lang='lat' dir='ltr'>reliqui</span> <span class='ocrx_word' id='word_1_12' title='bbox 572 199 611 227; x_wconf 82' lang='lat' dir='ltr'>ad</span> <span class='ocrx_word' id='word_1_13' title='bbox 629 203 770 235; x_wconf 75' lang='lat' dir='ltr'>paternas</span> <span class='ocrx_word' id='word_1_14' title='bbox 789 199 897 228; x_wconf 85' lang='lat' dir='ltr'>domos</span> <span class='ocrx_word' id='word_1_15' title='bbox 917 204 1099 234; x_wconf 85' lang='lat' dir='ltr'>remearunt,</span> <span class='ocrx_word' id='word_1_16' title='bbox 1125 200 1207 234; x_wconf 84' lang='lat' dir='ltr'>quod</span> <span class='ocrx_word' id='word_1_17' title='bbox 1230 201 1304 229; x_wconf 75' lang='lat' dir='ltr'>fecit</span> <span class='ocrx_word' id='word_1_18' title='bbox 1321 206 1351 229; x_wconf 81' lang='lat' dir='ltr'>et</span> <span class='ocrx_word' id='word_1_19' title='bbox 1368 203 1586 236; x_wconf 83' lang='lat' dir='ltr'>Bernardiuus,</span> <span class='ocrx_word' id='word_1_20' title='bbox 1613 204 1664 237; x_wconf 84' lang='lat' dir='ltr'>qui</span> 
     </span>
     <span class='ocr_line' id='line_1_3' title="bbox 277 245 1664 284; baseline 0.001 -10"><span class='ocrx_word' id='word_1_21' title='bbox 277 247 377 275; x_wconf 74' lang='lat' dir='ltr'>statim</span> <span class='ocrx_word' id='word_1_22' title='bbox 395 246 480 273; x_wconf 78' lang='lat' dir='ltr'>febre</span> <span class='ocrx_word' id='word_1_23' title='bbox 500 254 661 273; x_wconf 85' lang='lat' dir='ltr'>concussus</span> <span class='ocrx_word' id='word_1_24' title='bbox 681 249 710 271; x_wconf 79' lang='lat' dir='ltr'>et</span> <span class='ocrx_word' id='word_1_25' title='bbox 729 253 789 272; x_wconf 87' lang='lat' dir='ltr'>nou</span> <span class='ocrx_word' id='word_1_26' title='bbox 806 245 901 272; x_wconf 85' lang='lat' dir='ltr'>multo</span> <span class='ocrx_word' id='word_1_27' title='bbox 920 250 990 281; x_wconf 84' lang='lat' dir='ltr'>post</span> <span class='ocrx_word' id='word_1_28' title='bbox 1009 246 1099 273; x_wconf 84' lang='lat' dir='ltr'>saluti</span> <span class='ocrx_word' id='word_1_29' title='bbox 1117 245 1274 274; x_wconf 86' lang='lat' dir='ltr'>restitutus</span> <span class='ocrx_word' id='word_1_30' title='bbox 1301 247 1401 282; x_wconf 85' lang='lat' dir='ltr'>ampla</span> <span class='ocrx_word' id='word_1_31' title='bbox 1424 248 1569 276; x_wconf 77' lang='lat' dir='ltr'>facultate</span> <span class='ocrx_word' id='word_1_32' title='bbox 1588 258 1664 284; x_wconf 84' lang='lat' dir='ltr'>pau-</span> 
     </span>
     <span class='ocr_line' id='line_1_4' title="bbox 276 289 1666 327; baseline 0.002 -10"><span class='ocrx_word' id='word_1_33' title='bbox 276 291 398 327; x_wconf 86' lang='lat' dir='ltr'>peribus</span> <span class='ocrx_word' id='word_1_34' title='bbox 418 295 538 323; x_wconf 83' lang='lat' dir='ltr'>erogata</span> <span class='ocrx_word' id='word_1_35' title='bbox 557 290 606 317; x_wconf 89' lang='lat' dir='ltr'>‹lie</span> <span class='ocrx_word' id='word_1_36' title='bbox 624 289 794 317; x_wconf 85' lang='lat' dir='ltr'>nativitatis</span> <span class='ocrx_word' id='word_1_37' title='bbox 819 289 931 317; x_wconf 82' lang='lat' dir='ltr'>Mariae</span> <span class='ocrx_word' id='word_1_38' title='bbox 954 290 1096 324; x_wconf 83' lang='lat' dir='ltr'>virginis,</span> <span class='ocrx_word' id='word_1_39' title='bbox 1123 292 1206 323; x_wconf 78' lang='lat' dir='ltr'>cuius</span> <span class='ocrx_word' id='word_1_40' title='bbox 1231 291 1325 323; x_wconf 79' lang='lat' dir='ltr'>gratia</span> <span class='ocrx_word' id='word_1_41' title='bbox 1351 301 1368 318; x_wconf 88' lang='lat' dir='ltr'>a</span> <span class='ocrx_word' id='word_1_42' title='bbox 1394 293 1539 326; x_wconf 84' lang='lat' dir='ltr'>pueritia,</span> <span class='ocrx_word' id='word_1_43' title='bbox 1566 293 1666 327; x_wconf 83' lang='lat' dir='ltr'>quoad</span> 
     </span>
     <span class='ocr_line' id='line_1_5' title="bbox 276 333 1666 372; baseline 0.001 -10"><span class='ocrx_word' id='word_1_44' title='bbox 276 336 370 367; x_wconf 71' lang='lat' dir='ltr'>vixit,</span> <span class='ocrx_word' id='word_1_45' title='bbox 390 336 518 362; x_wconf 86' lang='lat' dir='ltr'>sabbato</span> <span class='ocrx_word' id='word_1_46' title='bbox 535 335 697 369; x_wconf 79' lang='lat' dir='ltr'>jejunavit,</span> <span class='ocrx_word' id='word_1_47' title='bbox 724 333 807 361; x_wconf 85' lang='lat' dir='ltr'>beati</span> <span class='ocrx_word' id='word_1_48' title='bbox 825 335 974 362; x_wconf 86' lang='lat' dir='ltr'>Francisci</span> <span class='ocrx_word' id='word_1_49' title='bbox 991 335 1090 363; x_wconf 84' lang='lat' dir='ltr'>factus</span> <span class='ocrx_word' id='word_1_50' title='bbox 1110 340 1155 363; x_wconf 84' lang='lat' dir='ltr'>est</span> <span class='ocrx_word' id='word_1_51' title='bbox 1173 335 1323 370; x_wconf 81' lang='lat' dir='ltr'><strong>imitator,</strong></span> <span class='ocrx_word' id='word_1_52' title='bbox 1350 337 1425 363; x_wconf 90' lang='lat' dir='ltr'>nihil</span> <span class='ocrx_word' id='word_1_53' title='bbox 1444 342 1562 372; x_wconf 83' lang='lat' dir='ltr'>praeter</span> <span class='ocrx_word' id='word_1_54' title='bbox 1580 338 1666 365; x_wconf 81' lang='lat' dir='ltr'>habi-</span> 
     </span>
     <span class='ocr_line' id='line_1_6' title="bbox 277 379 1667 415; baseline 0.001 -8"><span class='ocrx_word' id='word_1_55' title='bbox 277 386 356 413; x_wconf 83' lang='lat' dir='ltr'>tum,</span> <span class='ocrx_word' id='word_1_56' title='bbox 374 379 531 408; x_wconf 73' lang='lat' dir='ltr'>femoralia</span> <span class='ocrx_word' id='word_1_57' title='bbox 551 384 579 407; x_wconf 84' lang='lat' dir='ltr'>et</span> <span class='ocrx_word' id='word_1_58' title='bbox 598 379 765 406; x_wconf 83' lang='lat' dir='ltr'>funiculum</span> <span class='ocrx_word' id='word_1_59' title='bbox 783 379 944 414; x_wconf 83' lang='lat' dir='ltr'>possidens</span> <span class='ocrx_word' id='word_1_60' title='bbox 964 385 993 407; x_wconf 87' lang='lat' dir='ltr'>et</span> <span class='ocrx_word' id='word_1_61' title='bbox 1012 380 1110 415; x_wconf 84' lang='lat' dir='ltr'>primo</span> <span class='ocrx_word' id='word_1_62' title='bbox 1128 380 1160 407; x_wconf 87' lang='lat' dir='ltr'>in</span> <span class='ocrx_word' id='word_1_63' title='bbox 1179 380 1278 408; x_wconf 90' lang='lat' dir='ltr'>locum</span> <span class='ocrx_word' id='word_1_64' title='bbox 1297 381 1474 408; x_wconf 85' lang='lat' dir='ltr'>columbarii</span> <span class='ocrx_word' id='word_1_65' title='bbox 1494 381 1525 408; x_wconf 88' lang='lat' dir='ltr'>in</span> <span class='ocrx_word' id='word_1_66' title='bbox 1543 382 1667 409; x_wconf 80' lang='lat' dir='ltr'>Senensi</span> 
     </span>
     <span class='ocr_line' id='line_1_7' title="bbox 278 423 1668 462; baseline 0.001 -10"><span class='ocrx_word' id='word_1_67' title='bbox 278 425 428 453; x_wconf 72' lang='lat' dir='ltr'>territorio</span> <span class='ocrx_word' id='word_1_68' title='bbox 449 424 697 459; x_wconf 72' lang='lat' dir='ltr'>oontemplationi</span> <span class='ocrx_word' id='word_1_69' title='bbox 717 423 907 459; x_wconf 84' lang='lat' dir='ltr'>aptissimum</span> <span class='ocrx_word' id='word_1_70' title='bbox 926 424 1110 458; x_wconf 82' lang='lat' dir='ltr'>destinatur,</span> <span class='ocrx_word' id='word_1_71' title='bbox 1129 425 1183 451; x_wconf 87' lang='lat' dir='ltr'>ubi</span> <span class='ocrx_word' id='word_1_72' title='bbox 1200 425 1332 460; x_wconf 71' lang='lat' dir='ltr'>vigiliis,</span> <span class='ocrx_word' id='word_1_73' title='bbox 1349 426 1478 462; x_wconf 80' lang='lat' dir='ltr'>jejuniis,</span> <span class='ocrx_word' id='word_1_74' title='bbox 1499 426 1668 461; x_wconf 79' lang='lat' dir='ltr'>disciplinis</span> 
     </span>
     <span class='ocr_line' id='line_1_8' title="bbox 278 469 1669 506; baseline 0.001 -9"><span class='ocrx_word' id='word_1_75' title='bbox 278 470 356 497; x_wconf 84' lang='lat' dir='ltr'>ultra</span> <span class='ocrx_word' id='word_1_76' title='bbox 381 471 500 502; x_wconf 83' lang='lat' dir='ltr'>regulae</span> <span class='ocrx_word' id='word_1_77' title='bbox 527 473 687 505; x_wconf 79' lang='lat' dir='ltr'>praecepta</span> <span class='ocrx_word' id='word_1_78' title='bbox 715 474 744 496; x_wconf 85' lang='lat' dir='ltr'>et</span> <span class='ocrx_word' id='word_1_79' title='bbox 770 469 869 496; x_wconf 89' lang='lat' dir='ltr'>cilicio</span> <span class='ocrx_word' id='word_1_80' title='bbox 899 478 1008 504; x_wconf 87' lang='lat' dir='ltr'>corpus</span> <span class='ocrx_word' id='word_1_81' title='bbox 1034 470 1216 497; x_wconf 80' lang='lat' dir='ltr'>macerabat.</span> <span class='ocrx_word' id='word_1_82' title='bbox 1250 471 1328 497; x_wconf 88' lang='lat' dir='ltr'>Illuc</span> <span class='ocrx_word' id='word_1_83' title='bbox 1345 480 1400 506; x_wconf 88' lang='lat' dir='ltr'>per</span> <span class='ocrx_word' id='word_1_84' title='bbox 1417 471 1510 498; x_wconf 76' lang='lat' dir='ltr'>multa</span> <span class='ocrx_word' id='word_1_85' title='bbox 1529 472 1669 498; x_wconf 83' lang='lat' dir='ltr'>milliaria</span> 
     </span>
     <span class='ocr_line' id='line_1_9' title="bbox 278 514 1670 551; baseline 0 -9"><span class='ocrx_word' id='word_1_86' title='bbox 278 514 367 542; x_wconf 87' lang='lat' dir='ltr'>nudis</span> <span class='ocrx_word' id='word_1_87' title='bbox 393 515 524 550; x_wconf 83' lang='lat' dir='ltr'>pedibus</span> <span class='ocrx_word' id='word_1_88' title='bbox 551 515 636 549; x_wconf 85' lang='lat' dir='ltr'>panis</span> <span class='ocrx_word' id='word_1_89' title='bbox 662 524 696 541; x_wconf 87' lang='lat' dir='ltr'>ac</span> <span class='ocrx_word' id='word_1_90' title='bbox 719 514 783 541; x_wconf 77' lang='lat' dir='ltr'>vini</span> <span class='ocrx_word' id='word_1_91' title='bbox 810 514 968 541; x_wconf 81' lang='lat' dir='ltr'>collectam</span> <span class='ocrx_word' id='word_1_92' title='bbox 993 514 1188 541; x_wconf 78' lang='lat' dir='ltr'>elemosinam</span> <span class='ocrx_word' id='word_1_93' title='bbox 1212 515 1343 542; x_wconf 86' lang='lat' dir='ltr'>humeris</span> <span class='ocrx_word' id='word_1_94' title='bbox 1363 514 1508 543; x_wconf 81' lang='lat' dir='ltr'>afferebat</span> <span class='ocrx_word' id='word_1_95' title='bbox 1527 515 1670 551; x_wconf 83' lang='lat' dir='ltr'>praelatis</span> 
     </span>
     <span class='ocr_line' id='line_1_10' title="bbox 278 558 1670 595; baseline 0.001 -8"><span class='ocrx_word' id='word_1_96' title='bbox 278 559 436 588; x_wconf 83' lang='lat' dir='ltr'>obediens.</span> <span class='ocrx_word' id='word_1_97' title='bbox 473 559 526 586; x_wconf 83' lang='lat' dir='ltr'>Hic</span> <span class='ocrx_word' id='word_1_98' title='bbox 551 559 629 586; x_wconf 88' lang='lat' dir='ltr'>inter</span> <span class='ocrx_word' id='word_1_99' title='bbox 655 564 771 586; x_wconf 84' lang='lat' dir='ltr'>caetera</span> <span class='ocrx_word' id='word_1_100' title='bbox 794 558 947 594; x_wconf 75' lang='lat' dir='ltr'>passione&#39;</span> <span class='ocrx_word' id='word_1_101' title='bbox 964 559 1071 586; x_wconf 86' lang='lat' dir='ltr'>Christi</span> <span class='ocrx_word' id='word_1_102' title='bbox 1097 559 1282 587; x_wconf 78' lang='lat' dir='ltr'>amarissime</span> <span class='ocrx_word' id='word_1_103' title='bbox 1306 560 1513 594; x_wconf 70' lang='lat' dir='ltr'>scindebatur,</span> <span class='ocrx_word' id='word_1_104' title='bbox 1549 561 1599 595; x_wconf 85' lang='lat' dir='ltr'>qui</span> <span class='ocrx_word' id='word_1_105' title='bbox 1623 570 1670 588; x_wconf 76' lang='lat' dir='ltr'>sa·</span> 
     </span>
     <span class='ocr_line' id='line_1_11' title="bbox 279 604 1670 640; baseline 0.001 -9"><span class='ocrx_word' id='word_1_106' title='bbox 279 604 385 632; x_wconf 84' lang='lat' dir='ltr'>cerdos</span> <span class='ocrx_word' id='word_1_107' title='bbox 411 604 566 631; x_wconf 84' lang='lat' dir='ltr'>ordinatus</span> <span class='ocrx_word' id='word_1_108' title='bbox 593 605 729 638; x_wconf 82' lang='lat' dir='ltr'>quotidie</span> <span class='ocrx_word' id='word_1_109' title='bbox 755 613 856 631; x_wconf 89' lang='lat' dir='ltr'>amore</span> <span class='ocrx_word' id='word_1_110' title='bbox 882 604 913 631; x_wconf 89' lang='lat' dir='ltr'>in</span> <span class='ocrx_word' id='word_1_111' title='bbox 938 608 1033 631; x_wconf 86' lang='lat' dir='ltr'>Deum</span> <span class='ocrx_word' id='word_1_112' title='bbox 1059 604 1261 632; x_wconf 85' lang='lat' dir='ltr'>inflammatus</span> <span class='ocrx_word' id='word_1_113' title='bbox 1288 605 1479 640; x_wconf 85' lang='lat' dir='ltr'>celebrabat,</span> <span class='ocrx_word' id='word_1_114' title='bbox 1508 606 1563 633; x_wconf 87' lang='lat' dir='ltr'>sed</span> <span class='ocrx_word' id='word_1_115' title='bbox 1581 605 1670 633; x_wconf 75' lang='lat' dir='ltr'>altius</span> 
     </span>
     <span class='ocr_line' id='line_1_12' title="bbox 279 648 1671 683; baseline 0.002 -8"><span class='ocrx_word' id='word_1_116' title='bbox 279 648 429 683; x_wconf 77' lang='lat' dir='ltr'>aspicieus</span> <span class='ocrx_word' id='word_1_117' title='bbox 449 653 478 676; x_wconf 85' lang='lat' dir='ltr'>et</span> <span class='ocrx_word' id='word_1_118' title='bbox 497 649 662 676; x_wconf 83' lang='lat' dir='ltr'>animarum</span> <span class='ocrx_word' id='word_1_119' title='bbox 681 649 807 676; x_wconf 83' lang='lat' dir='ltr'>salutem</span> <span class='ocrx_word' id='word_1_120' title='bbox 827 649 931 676; x_wconf 83' lang='lat' dir='ltr'>sitiens</span> <span class='ocrx_word' id='word_1_121' title='bbox 951 649 1034 681; x_wconf 81' lang='lat' dir='ltr'>gravi</span> <span class='ocrx_word' id='word_1_122' title='bbox 1059 651 1159 683; x_wconf 78' lang='lat' dir='ltr'>juncta</span> <span class='ocrx_word' id='word_1_123' title='bbox 1184 659 1270 677; x_wconf 87' lang='lat' dir='ltr'>cruce</span> <span class='ocrx_word' id='word_1_124' title='bbox 1297 659 1333 677; x_wconf 84' lang='lat' dir='ltr'>ex</span> <span class='ocrx_word' id='word_1_125' title='bbox 1357 651 1543 678; x_wconf 88' lang='lat' dir='ltr'>columbario</span> <span class='ocrx_word' id='word_1_126' title='bbox 1570 650 1671 683; x_wconf 76' lang='lat' dir='ltr'>Sagia-</span> 
     </span>
     <span class='ocr_line' id='line_1_13' title="bbox 278 694 1671 731; baseline 0.001 -11"><span class='ocrx_word' id='word_1_127' title='bbox 278 703 349 721; x_wconf 87' lang='lat' dir='ltr'>num</span> <span class='ocrx_word' id='word_1_128' title='bbox 372 698 405 720; x_wconf 85' lang='lat' dir='ltr'>ut</span> <span class='ocrx_word' id='word_1_129' title='bbox 431 694 531 720; x_wconf 86' lang='lat' dir='ltr'>ebrius</span> <span class='ocrx_word' id='word_1_130' title='bbox 558 694 666 728; x_wconf 84' lang='lat' dir='ltr'>spiritu</span> <span class='ocrx_word' id='word_1_131' title='bbox 691 694 917 728; x_wconf 81' lang='lat' dir='ltr'>praedicaturus</span> <span class='ocrx_word' id='word_1_132' title='bbox 944 694 1088 726; x_wconf 87' lang='lat' dir='ltr'>accessit,</span> <span class='ocrx_word' id='word_1_133' title='bbox 1115 696 1198 729; x_wconf 81' lang='lat' dir='ltr'>cujus</span> <span class='ocrx_word' id='word_1_134' title='bbox 1221 695 1392 728; x_wconf 79' lang='lat' dir='ltr'>integritate</span> <span class='ocrx_word' id='word_1_135' title='bbox 1416 696 1499 731; x_wconf 84' lang='lat' dir='ltr'>prius</span> <span class='ocrx_word' id='word_1_136' title='bbox 1518 695 1635 728; x_wconf 80' lang='lat' dir='ltr'>cognita</span> <span class='ocrx_word' id='word_1_137' title='bbox 1654 705 1671 722; x_wconf 86' lang='lat' dir='ltr'>a</span> 
     </span>
     <span class='ocr_line' id='line_1_14' title="bbox 278 737 1672 773; baseline 0.002 -9"><span class='ocrx_word' id='word_1_138' title='bbox 278 738 421 773; x_wconf 79' lang='lat' dir='ltr'>praelatis</span> <span class='ocrx_word' id='word_1_139' title='bbox 447 737 561 765; x_wconf 83' lang='lat' dir='ltr'>ordinis</span> <span class='ocrx_word' id='word_1_140' title='bbox 587 737 784 773; x_wconf 82' lang='lat' dir='ltr'>praedicandi</span> <span class='ocrx_word' id='word_1_141' title='bbox 809 737 943 764; x_wconf 79' lang='lat' dir='ltr'>officium</span> <span class='ocrx_word' id='word_1_142' title='bbox 967 738 1150 765; x_wconf 78' lang='lat' dir='ltr'>conceditur.</span> <span class='ocrx_word' id='word_1_143' title='bbox 1194 739 1254 766; x_wconf 78' lang='lat' dir='ltr'>sed</span> <span class='ocrx_word' id='word_1_144' title='bbox 1288 750 1354 767; x_wconf 84' lang='lat' dir='ltr'>cum</span> <span class='ocrx_word' id='word_1_145' title='bbox 1390 741 1520 773; x_wconf 78' lang='lat' dir='ltr'>linguam</span> <span class='ocrx_word' id='word_1_146' title='bbox 1546 741 1672 767; x_wconf 83' lang='lat' dir='ltr'>haberet</span> 
     </span>
     <span class='ocr_line' id='line_1_15' title="bbox 278 781 1671 818; baseline 0.001 -9"><span class='ocrx_word' id='word_1_147' title='bbox 278 783 497 816; x_wconf 83' lang='lat' dir='ltr'>aliquantulum</span> <span class='ocrx_word' id='word_1_148' title='bbox 523 783 748 817; x_wconf 78' lang='lat' dir='ltr'>praepeditam,</span> <span class='ocrx_word' id='word_1_149' title='bbox 769 781 849 809; x_wconf 86' lang='lat' dir='ltr'>sacta</span> <span class='ocrx_word' id='word_1_150' title='bbox 875 782 915 808; x_wconf 81' lang='lat' dir='ltr'>ad</span> <span class='ocrx_word' id='word_1_151' title='bbox 940 782 1094 808; x_wconf 86' lang='lat' dir='ltr'>dominum</span> <span class='ocrx_word' id='word_1_152' title='bbox 1122 783 1258 810; x_wconf 86' lang='lat' dir='ltr'>oratione</span> <span class='ocrx_word' id='word_1_153' title='bbox 1281 784 1384 816; x_wconf 74' lang='lat' dir='ltr'>igneus</span> <span class='ocrx_word' id='word_1_154' title='bbox 1410 795 1426 812; x_wconf 88' lang='lat' dir='ltr'>e</span> <span class='ocrx_word' id='word_1_155' title='bbox 1451 786 1536 813; x_wconf 82' lang='lat' dir='ltr'>coelo</span> <span class='ocrx_word' id='word_1_156' title='bbox 1563 786 1671 818; x_wconf 78' lang='lat' dir='ltr'>globus</span> 
     </span>
     <span class='ocr_line' id='line_1_16' title="bbox 279 827 1672 861; baseline 0.001 -7"><span class='ocrx_word' id='word_1_157' title='bbox 279 827 455 859; x_wconf 75' lang='lat' dir='ltr'>dimittitur,</span> <span class='ocrx_word' id='word_1_158' title='bbox 475 827 524 860; x_wconf 88' lang='lat' dir='ltr'>qui</span> <span class='ocrx_word' id='word_1_159' title='bbox 545 827 587 854; x_wconf 85' lang='lat' dir='ltr'>sic</span> <span class='ocrx_word' id='word_1_160' title='bbox 606 829 670 861; x_wconf 86' lang='lat' dir='ltr'>ejus</span> <span class='ocrx_word' id='word_1_161' title='bbox 689 828 808 860; x_wconf 75' lang='lat' dir='ltr'>linguae</span> <span class='ocrx_word' id='word_1_162' title='bbox 827 827 1006 854; x_wconf 72' lang='lat' dir='ltr'>raucitatem</span> <span class='ocrx_word' id='word_1_163' title='bbox 1026 827 1162 860; x_wconf 80' lang='lat' dir='ltr'>decoxit,</span> <span class='ocrx_word' id='word_1_164' title='bbox 1189 828 1271 861; x_wconf 86' lang='lat' dir='ltr'>quod</span> <span class='ocrx_word' id='word_1_165' title='bbox 1297 829 1405 856; x_wconf 82' lang='lat' dir='ltr'>exinde</span> <span class='ocrx_word' id='word_1_166' title='bbox 1424 829 1498 856; x_wconf 86' lang='lat' dir='ltr'>illud</span> <span class='ocrx_word' id='word_1_167' title='bbox 1519 829 1672 857; x_wconf 80' lang='lat' dir='ltr'>sanctissi—</span> 
     </span>
     <span class='ocr_line' id='line_1_17' title="bbox 280 872 1672 909; baseline 0.001 -10"><span class='ocrx_word' id='word_1_168' title='bbox 280 883 360 900; x_wconf 88' lang='lat' dir='ltr'>mum</span> <span class='ocrx_word' id='word_1_169' title='bbox 379 881 488 899; x_wconf 87' lang='lat' dir='ltr'>nomen</span> <span class='ocrx_word' id='word_1_170' title='bbox 512 875 598 899; x_wconf 79' lang='lat' dir='ltr'>Jesus</span> <span class='ocrx_word' id='word_1_171' title='bbox 625 873 730 900; x_wconf 87' lang='lat' dir='ltr'>ltaliae</span> <span class='ocrx_word' id='word_1_172' title='bbox 756 874 860 905; x_wconf 82' lang='lat' dir='ltr'>urbes,</span> <span class='ocrx_word' id='word_1_173' title='bbox 886 873 1026 906; x_wconf 79' lang='lat' dir='ltr'>castella,</span> <span class='ocrx_word' id='word_1_174' title='bbox 1053 872 1143 900; x_wconf 85' lang='lat' dir='ltr'>villas</span> <span class='ocrx_word' id='word_1_175' title='bbox 1170 882 1304 906; x_wconf 79' lang='lat' dir='ltr'>quasque</span> <span class='ocrx_word' id='word_1_176' title='bbox 1327 873 1512 908; x_wconf 74' lang='lat' dir='ltr'>perlustrans</span> <span class='ocrx_word' id='word_1_177' title='bbox 1532 874 1672 909; x_wconf 73' lang='lat' dir='ltr'>expedite</span> 
     </span>
     <span class='ocr_line' id='line_1_18' title="bbox 279 917 1672 953; baseline 0.001 -10"><span class='ocrx_word' id='word_1_178' title='bbox 279 926 339 944; x_wconf 91' lang='lat' dir='ltr'>non</span> <span class='ocrx_word' id='word_1_179' title='bbox 358 917 423 944; x_wconf 83' lang='lat' dir='ltr'>sine</span> <span class='ocrx_word' id='word_1_180' title='bbox 441 917 572 944; x_wconf 81' lang='lat' dir='ltr'>maximo</span> <span class='ocrx_word' id='word_1_181' title='bbox 591 917 688 945; x_wconf 73' lang='lat' dir='ltr'>fructu</span> <span class='ocrx_word' id='word_1_182' title='bbox 708 919 905 953; x_wconf 83' lang='lat' dir='ltr'>praedicaret.</span> <span class='ocrx_word' id='word_1_183' title='bbox 941 922 1026 945; x_wconf 88' lang='lat' dir='ltr'>Tunc</span> <span class='ocrx_word' id='word_1_184' title='bbox 1052 919 1131 945; x_wconf 87' lang='lat' dir='ltr'>euim</span> <span class='ocrx_word' id='word_1_185' title='bbox 1157 923 1252 945; x_wconf 84' lang='lat' dir='ltr'>terras</span> <span class='ocrx_word' id='word_1_186' title='bbox 1271 922 1301 945; x_wconf 83' lang='lat' dir='ltr'>et</span> <span class='ocrx_word' id='word_1_187' title='bbox 1319 918 1411 945; x_wconf 89' lang='lat' dir='ltr'>maria</span> <span class='ocrx_word' id='word_1_188' title='bbox 1431 918 1597 953; x_wconf 75' lang='lat' dir='ltr'>praedones</span> <span class='ocrx_word' id='word_1_189' title='bbox 1617 919 1672 945; x_wconf 87' lang='lat' dir='ltr'>ob-</span> 
     </span>
     <span class='ocr_line' id='line_1_19' title="bbox 280 962 1672 997; baseline 0.001 -9"><span class='ocrx_word' id='word_1_190' title='bbox 280 962 437 994; x_wconf 80' lang='lat' dir='ltr'>sidebant,</span> <span class='ocrx_word' id='word_1_191' title='bbox 458 966 528 989; x_wconf 87' lang='lat' dir='ltr'>tunc</span> <span class='ocrx_word' id='word_1_192' title='bbox 547 967 627 989; x_wconf 83' lang='lat' dir='ltr'>(anta</span> <span class='ocrx_word' id='word_1_193' title='bbox 648 963 853 997; x_wconf 84' lang='lat' dir='ltr'>Guelphorum</span> <span class='ocrx_word' id='word_1_194' title='bbox 873 972 907 990; x_wconf 84' lang='lat' dir='ltr'>ac</span> <span class='ocrx_word' id='word_1_195' title='bbox 927 963 1167 990; x_wconf 83' lang='lat' dir='ltr'>Ghibellinorum</span> <span class='ocrx_word' id='word_1_196' title='bbox 1186 962 1286 990; x_wconf 85' lang='lat' dir='ltr'>rabies</span> <span class='ocrx_word' id='word_1_197' title='bbox 1305 963 1488 995; x_wconf 85' lang='lat' dir='ltr'>invaluerat,</span> <span class='ocrx_word' id='word_1_198' title='bbox 1517 967 1550 989; x_wconf 86' lang='lat' dir='ltr'>ut</span> <span class='ocrx_word' id='word_1_199' title='bbox 1569 968 1672 990; x_wconf 85' lang='lat' dir='ltr'>mutuo</span> 
     </span>
     <span class='ocr_line' id='line_1_20' title="bbox 280 1007 1672 1041; baseline 0.001 -9"><span class='ocrx_word' id='word_1_200' title='bbox 280 1007 472 1039; x_wconf 81' lang='lat' dir='ltr'>fraternoque</span> <span class='ocrx_word' id='word_1_201' title='bbox 497 1016 599 1033; x_wconf 80' lang='lat' dir='ltr'>cruore</span> <span class='ocrx_word' id='word_1_202' title='bbox 626 1008 747 1034; x_wconf 78' lang='lat' dir='ltr'>ruberet</span> <span class='ocrx_word' id='word_1_203' title='bbox 772 1008 868 1036; x_wconf 89' lang='lat' dir='ltr'>ltalia.</span> <span class='ocrx_word' id='word_1_204' title='bbox 906 1008 1026 1035; x_wconf 79' lang='lat' dir='ltr'>Publica</span> <span class='ocrx_word' id='word_1_205' title='bbox 1051 1008 1192 1034; x_wconf 81' lang='lat' dir='ltr'>ludorum</span> <span class='ocrx_word' id='word_1_206' title='bbox 1216 1007 1369 1041; x_wconf 74' lang='lat' dir='ltr'>gymnasia</span> <span class='ocrx_word' id='word_1_207' title='bbox 1395 1007 1672 1041; x_wconf 79' lang='lat' dir='ltr'>frequentabantur,</span> 
     </span>
     <span class='ocr_line' id='line_1_21' title="bbox 280 1052 1673 1087; baseline 0.001 -9"><span class='ocrx_word' id='word_1_208' title='bbox 280 1061 435 1078; x_wconf 83' lang='lat' dir='ltr'>usurarum</span> <span class='ocrx_word' id='word_1_209' title='bbox 454 1052 613 1084; x_wconf 69' lang='lat' dir='ltr'>voragines</span> <span class='ocrx_word' id='word_1_210' title='bbox 633 1052 804 1085; x_wconf 74' lang='lat' dir='ltr'>inhiabant,</span> <span class='ocrx_word' id='word_1_211' title='bbox 828 1052 951 1084; x_wconf 79' lang='lat' dir='ltr'>vigebat</span> <span class='ocrx_word' id='word_1_212' title='bbox 978 1052 1090 1085; x_wconf 76' lang='lat' dir='ltr'>magia,</span> <span class='ocrx_word' id='word_1_213' title='bbox 1117 1052 1221 1084; x_wconf 64' lang='lat' dir='ltr'>religio</span> <span class='ocrx_word' id='word_1_214' title='bbox 1248 1062 1353 1087; x_wconf 85' lang='lat' dir='ltr'>parum</span> <span class='ocrx_word' id='word_1_215' title='bbox 1381 1053 1537 1080; x_wconf 80' lang='lat' dir='ltr'>colebatur</span> <span class='ocrx_word' id='word_1_216' title='bbox 1555 1057 1585 1080; x_wconf 82' lang='lat' dir='ltr'>et</span> <span class='ocrx_word' id='word_1_217' title='bbox 1602 1053 1673 1080; x_wconf 80' lang='lat' dir='ltr'>sesti</span> 
     </span>
     <span class='ocr_line' id='line_1_22' title="bbox 281 1095 1674 1131; baseline 0.002 -10"><span class='ocrx_word' id='word_1_218' title='bbox 281 1096 346 1122; x_wconf 85' lang='lat' dir='ltr'>dies</span> <span class='ocrx_word' id='word_1_219' title='bbox 373 1105 389 1122; x_wconf 85' lang='lat' dir='ltr'>a</span> <span class='ocrx_word' id='word_1_220' title='bbox 414 1095 571 1123; x_wconf 81' lang='lat' dir='ltr'>ferialibus</span> <span class='ocrx_word' id='word_1_221' title='bbox 597 1096 655 1123; x_wconf 78' lang='lat' dir='ltr'>nisi</span> <span class='ocrx_word' id='word_1_222' title='bbox 681 1097 922 1131; x_wconf 74' lang='lat' dir='ltr'>spectaculorum</span> <span class='ocrx_word' id='word_1_223' title='bbox 941 1097 1033 1129; x_wconf 81' lang='lat' dir='ltr'>gratia</span> <span class='ocrx_word' id='word_1_224' title='bbox 1053 1097 1316 1129; x_wconf 76' lang='lat' dir='ltr'>dignoscebantur.</span> <span class='ocrx_word' id='word_1_225' title='bbox 1353 1098 1413 1125; x_wconf 85' lang='lat' dir='ltr'>Sed</span> <span class='ocrx_word' id='word_1_226' title='bbox 1437 1106 1497 1131; x_wconf 87' lang='lat' dir='ltr'>qno</span> <span class='ocrx_word' id='word_1_227' title='bbox 1515 1098 1608 1130; x_wconf 81' lang='lat' dir='ltr'>magis</span> <span class='ocrx_word' id='word_1_228' title='bbox 1628 1098 1674 1124; x_wconf 89' lang='lat' dir='ltr'>in-</span> 
     </span>
     <span class='ocr_line' id='line_1_23' title="bbox 281 1141 1673 1176; baseline 0.001 -9"><span class='ocrx_word' id='word_1_229' title='bbox 281 1141 405 1173; x_wconf 79' lang='lat' dir='ltr'>digebat</span> <span class='ocrx_word' id='word_1_230' title='bbox 423 1141 527 1173; x_wconf 86' lang='lat' dir='ltr'>ltalia,</span> <span class='ocrx_word' id='word_1_231' title='bbox 554 1149 589 1167; x_wconf 86' lang='lat' dir='ltr'>eo</span> <span class='ocrx_word' id='word_1_232' title='bbox 616 1141 685 1175; x_wconf 85' lang='lat' dir='ltr'>plus</span> <span class='ocrx_word' id='word_1_233' title='bbox 712 1141 743 1167; x_wconf 84' lang='lat' dir='ltr'>in</span> <span class='ocrx_word' id='word_1_234' title='bbox 769 1142 955 1168; x_wconf 87' lang='lat' dir='ltr'>Bernardino</span> <span class='ocrx_word' id='word_1_235' title='bbox 983 1150 1130 1176; x_wconf 82' lang='lat' dir='ltr'>supernae</span> <span class='ocrx_word' id='word_1_236' title='bbox 1150 1142 1261 1174; x_wconf 77' lang='lat' dir='ltr'>gratiae</span> <span class='ocrx_word' id='word_1_237' title='bbox 1281 1141 1369 1169; x_wconf 82' lang='lat' dir='ltr'>favor</span> <span class='ocrx_word' id='word_1_238' title='bbox 1387 1147 1415 1170; x_wconf 84' lang='lat' dir='ltr'>et</span> <span class='ocrx_word' id='word_1_239' title='bbox 1435 1143 1531 1170; x_wconf 72' lang='lat' dir='ltr'>virtus</span> <span class='ocrx_word' id='word_1_240' title='bbox 1550 1143 1673 1169; x_wconf 81' lang='lat' dir='ltr'>foecun-</span> 
     </span>
     <span class='ocr_line' id='line_1_24' title="bbox 282 1185 1673 1221; baseline 0.002 -10"><span class='ocrx_word' id='word_1_241' title='bbox 282 1186 376 1212; x_wconf 76' lang='lat' dir='ltr'>davit.</span> <span class='ocrx_word' id='word_1_242' title='bbox 414 1186 486 1221; x_wconf 75' lang='lat' dir='ltr'>Quis</span> <span class='ocrx_word' id='word_1_243' title='bbox 515 1195 651 1212; x_wconf 85' lang='lat' dir='ltr'>enarrare</span> <span class='ocrx_word' id='word_1_244' title='bbox 677 1191 797 1220; x_wconf 87' lang='lat' dir='ltr'>posset,</span> <span class='ocrx_word' id='word_1_245' title='bbox 823 1190 967 1219; x_wconf 86' lang='lat' dir='ltr'>quantum</span> <span class='ocrx_word' id='word_1_246' title='bbox 994 1185 1066 1212; x_wconf 88' lang='lat' dir='ltr'>boui</span> <span class='ocrx_word' id='word_1_247' title='bbox 1099 1195 1152 1220; x_wconf 86' lang='lat' dir='ltr'>per</span> <span class='ocrx_word' id='word_1_248' title='bbox 1182 1186 1399 1213; x_wconf 85' lang='lat' dir='ltr'>Beruardinum</span> <span class='ocrx_word' id='word_1_249' title='bbox 1435 1192 1596 1215; x_wconf 81' lang='lat' dir='ltr'>consecuta</span> <span class='ocrx_word' id='word_1_250' title='bbox 1628 1192 1673 1214; x_wconf 79' lang='lat' dir='ltr'>est</span> 
     </span>
     <span class='ocr_line' id='line_1_25' title="bbox 281 1229 1674 1266; baseline 0 -8"><span class='ocrx_word' id='word_1_251' title='bbox 281 1231 385 1258; x_wconf 72' lang='lat' dir='ltr'>ltalia2</span> <span class='ocrx_word' id='word_1_252' title='bbox 404 1240 458 1266; x_wconf 81' lang='lat' dir='ltr'>per</span> <span class='ocrx_word' id='word_1_253' title='bbox 476 1231 554 1257; x_wconf 86' lang='lat' dir='ltr'>huno</span> <span class='ocrx_word' id='word_1_254' title='bbox 573 1230 695 1258; x_wconf 82' lang='lat' dir='ltr'>sedatae</span> <span class='ocrx_word' id='word_1_255' title='bbox 715 1231 840 1263; x_wconf 86' lang='lat' dir='ltr'>caedes,</span> <span class='ocrx_word' id='word_1_256' title='bbox 867 1233 965 1257; x_wconf 84' lang='lat' dir='ltr'>erecta</span> <span class='ocrx_word' id='word_1_257' title='bbox 984 1229 1161 1264; x_wconf 80' lang='lat' dir='ltr'>hospitalia,</span> <span class='ocrx_word' id='word_1_258' title='bbox 1185 1230 1367 1265; x_wconf 78' lang='lat' dir='ltr'>exstirpatae</span> <span class='ocrx_word' id='word_1_259' title='bbox 1385 1231 1609 1259; x_wconf 80' lang='lat' dir='ltr'>foeneratorum</span> <span class='ocrx_word' id='word_1_260' title='bbox 1627 1242 1674 1258; x_wconf 88' lang='lat' dir='ltr'>ra-</span> 
     </span>
     <span class='ocr_line' id='line_1_26' title="bbox 280 1274 1673 1311; baseline 0 -9"><span class='ocrx_word' id='word_1_261' title='bbox 280 1277 385 1311; x_wconf 82' lang='lat' dir='ltr'>pinae,</span> <span class='ocrx_word' id='word_1_262' title='bbox 405 1275 566 1302; x_wconf 83' lang='lat' dir='ltr'>adulterini</span> <span class='ocrx_word' id='word_1_263' title='bbox 585 1275 763 1302; x_wconf 78' lang='lat' dir='ltr'>seminarum</span> <span class='ocrx_word' id='word_1_264' title='bbox 782 1279 904 1303; x_wconf 83' lang='lat' dir='ltr'>ornatus</span> <span class='ocrx_word' id='word_1_265' title='bbox 924 1275 1065 1307; x_wconf 87' lang='lat' dir='ltr'>cremati,</span> <span class='ocrx_word' id='word_1_266' title='bbox 1085 1274 1155 1302; x_wconf 82' lang='lat' dir='ltr'>sesti</span> <span class='ocrx_word' id='word_1_267' title='bbox 1174 1274 1238 1302; x_wconf 83' lang='lat' dir='ltr'>dies</span> <span class='ocrx_word' id='word_1_268' title='bbox 1258 1275 1329 1302; x_wconf 88' lang='lat' dir='ltr'>culti</span> <span class='ocrx_word' id='word_1_269' title='bbox 1349 1280 1377 1303; x_wconf 83' lang='lat' dir='ltr'>et</span> <span class='ocrx_word' id='word_1_270' title='bbox 1399 1277 1499 1311; x_wconf 77' lang='lat' dir='ltr'>plures</span> <span class='ocrx_word' id='word_1_271' title='bbox 1519 1277 1673 1310; x_wconf 71' lang='lat' dir='ltr'>utriusque</span> 
     </span>
     <span class='ocr_line' id='line_1_27' title="bbox 282 1319 1673 1355; baseline -0.001 -7"><span class='ocrx_word' id='word_1_272' title='bbox 282 1330 370 1348; x_wconf 81' lang='lat' dir='ltr'>sexus</span> <span class='ocrx_word' id='word_1_273' title='bbox 397 1329 457 1347; x_wconf 89' lang='lat' dir='ltr'>non</span> <span class='ocrx_word' id='word_1_274' title='bbox 484 1320 548 1347; x_wconf 84' lang='lat' dir='ltr'>siue</span> <span class='ocrx_word' id='word_1_275' title='bbox 574 1321 785 1348; x_wconf 82' lang='lat' dir='ltr'>miraculorum</span> <span class='ocrx_word' id='word_1_276' title='bbox 813 1319 975 1355; x_wconf 83' lang='lat' dir='ltr'>splendore</span> <span class='ocrx_word' id='word_1_277' title='bbox 1002 1320 1041 1346; x_wconf 87' lang='lat' dir='ltr'>ad</span> <span class='ocrx_word' id='word_1_278' title='bbox 1069 1320 1123 1346; x_wconf 83' lang='lat' dir='ltr'>Dei</span> <span class='ocrx_word' id='word_1_279' title='bbox 1149 1319 1306 1347; x_wconf 78' lang='lat' dir='ltr'>servitium</span> <span class='ocrx_word' id='word_1_280' title='bbox 1333 1321 1481 1350; x_wconf 82' lang='lat' dir='ltr'>conversi.</span> <span class='ocrx_word' id='word_1_281' title='bbox 1525 1324 1549 1349; x_wconf 93' lang='lat'>()</span> <span class='ocrx_word' id='word_1_282' title='bbox 1576 1322 1673 1348; x_wconf 68' lang='lat' dir='ltr'>virum</span> 
     </span>
     <span class='ocr_line' id='line_1_28' title="bbox 280 1364 1674 1401; baseline 0 -9"><span class='ocrx_word' id='word_1_283' title='bbox 280 1366 385 1392; x_wconf 85' lang='lat' dir='ltr'>ltaliae</span> <span class='ocrx_word' id='word_1_284' title='bbox 410 1365 503 1397; x_wconf 77' lang='lat' dir='ltr'>frugi!</span> <span class='ocrx_word' id='word_1_285' title='bbox 540 1369 573 1392; x_wconf 81' lang='lat' dir='ltr'>ln</span> <span class='ocrx_word' id='word_1_286' title='bbox 600 1365 646 1393; x_wconf 89' lang='lat' dir='ltr'>his</span> <span class='ocrx_word' id='word_1_287' title='bbox 671 1365 771 1399; x_wconf 84' lang='lat' dir='ltr'>itaque</span> <span class='ocrx_word' id='word_1_288' title='bbox 798 1365 940 1400; x_wconf 73' lang='lat' dir='ltr'>operibns</span> <span class='ocrx_word' id='word_1_289' title='bbox 966 1364 1166 1392; x_wconf 81' lang='lat' dir='ltr'>Bernardinns</span> <span class='ocrx_word' id='word_1_290' title='bbox 1193 1374 1389 1400; x_wconf 83' lang='lat' dir='ltr'>perseverans</span> <span class='ocrx_word' id='word_1_291' title='bbox 1422 1366 1504 1401; x_wconf 83' lang='lat' dir='ltr'>apud</span> <span class='ocrx_word' id='word_1_292' title='bbox 1534 1366 1674 1400; x_wconf 79' lang='lat' dir='ltr'>Aquilam</span> 
     </span>
     <span class='ocr_line' id='line_1_29' title="bbox 281 1410 1672 1446; baseline 0 -8"><span class='ocrx_word' id='word_1_293' title='bbox 281 1411 403 1446; x_wconf 78' lang='lat' dir='ltr'>Aprucii</span> <span class='ocrx_word' id='word_1_294' title='bbox 422 1412 528 1438; x_wconf 84' lang='lat' dir='ltr'>urbem</span> <span class='ocrx_word' id='word_1_295' title='bbox 547 1420 625 1438; x_wconf 87' lang='lat' dir='ltr'>anuo</span> <span class='ocrx_word' id='word_1_296' title='bbox 645 1410 751 1438; x_wconf 85' lang='lat' dir='ltr'>salutis</span> <span class='ocrx_word' id='word_1_297' title='bbox 768 1413 1000 1442; x_wconf 83' lang='lat' dir='ltr'>MCCCCXLIU,</span> <span class='ocrx_word' id='word_1_298' title='bbox 1025 1411 1132 1437; x_wconf 81' lang='lat' dir='ltr'>aetatis</span> <span class='ocrx_word' id='word_1_299' title='bbox 1159 1419 1232 1438; x_wconf 82' lang='lat' dir='ltr'>vero</span> <span class='ocrx_word' id='word_1_300' title='bbox 1257 1420 1328 1438; x_wconf 84' lang='lat' dir='ltr'>suae</span> <span class='ocrx_word' id='word_1_301' title='bbox 1354 1414 1448 1438; x_wconf 78' lang='lat' dir='ltr'>Lxlu</span> <span class='ocrx_word' id='word_1_302' title='bbox 1472 1411 1552 1438; x_wconf 87' lang='lat' dir='ltr'>vitae</span> <span class='ocrx_word' id='word_1_303' title='bbox 1573 1411 1672 1438; x_wconf 85' lang='lat' dir='ltr'>termi-</span> 
     </span>
     <span class='ocr_line' id='line_1_30' title="bbox 280 1455 1674 1490; baseline 0.001 -8"><span class='ocrx_word' id='word_1_304' title='bbox 280 1466 350 1483; x_wconf 83' lang='lat' dir='ltr'>num</span> <span class='ocrx_word' id='word_1_305' title='bbox 369 1456 544 1490; x_wconf 82' lang='lat' dir='ltr'>complevit.</span> <span class='ocrx_word' id='word_1_306' title='bbox 582 1457 669 1490; x_wconf 75' lang='lat' dir='ltr'>Cujus</span> <span class='ocrx_word' id='word_1_307' title='bbox 689 1464 796 1490; x_wconf 87' lang='lat' dir='ltr'>corpus</span> <span class='ocrx_word' id='word_1_308' title='bbox 809 1455 958 1488; x_wconf 68' lang='lat' dir='ltr'>‘Aquitani</span> <span class='ocrx_word' id='word_1_309' title='bbox 978 1455 1060 1482; x_wconf 80' lang='lat' dir='ltr'>cives</span> <span class='ocrx_word' id='word_1_310' title='bbox 1081 1456 1217 1490; x_wconf 83' lang='lat' dir='ltr'>pluribus</span> <span class='ocrx_word' id='word_1_311' title='bbox 1237 1455 1345 1483; x_wconf 87' lang='lat' dir='ltr'>diebus</span> <span class='ocrx_word' id='word_1_312' title='bbox 1364 1456 1550 1484; x_wconf 88' lang='lat' dir='ltr'>inhumatum</span> <span class='ocrx_word' id='word_1_313' title='bbox 1570 1461 1674 1484; x_wconf 77' lang='lat' dir='ltr'>tenue-</span> 
     </span>
     <span class='ocr_line' id='line_1_31' title="bbox 281 1499 1677 1531; baseline 0.001 -3"><span class='ocrx_word' id='word_1_314' title='bbox 281 1506 347 1528; x_wconf 83' lang='lat' dir='ltr'>runt</span> <span class='ocrx_word' id='word_1_315' title='bbox 368 1502 460 1528; x_wconf 86' lang='lat' dir='ltr'>odore</span> <span class='ocrx_word' id='word_1_316' title='bbox 480 1500 566 1528; x_wconf 87' lang='lat' dir='ltr'>simul</span> <span class='ocrx_word' id='word_1_317' title='bbox 588 1505 617 1527; x_wconf 87' lang='lat' dir='ltr'>et</span> <span class='ocrx_word' id='word_1_318' title='bbox 636 1500 788 1527; x_wconf 82' lang='lat' dir='ltr'>miraculis</span> <span class='ocrx_word' id='word_1_319' title='bbox 808 1499 941 1531; x_wconf 80' lang='lat' dir='ltr'>fragrans</span> <span class='ocrx_word' id='word_1_320' title='bbox 961 1505 990 1527; x_wconf 82' lang='lat' dir='ltr'>et</span> <span class='ocrx_word' id='word_1_321' title='bbox 1009 1500 1123 1527; x_wconf 74' lang='lat' dir='ltr'>ibidem</span> <span class='ocrx_word' id='word_1_322' title='bbox 1150 1501 1180 1527; x_wconf 88' lang='lat' dir='ltr'>in</span> <span class='ocrx_word' id='word_1_323' title='bbox 1207 1501 1389 1528; x_wconf 85' lang='lat' dir='ltr'>monasterio</span> <span class='ocrx_word' id='word_1_324' title='bbox 1414 1502 1509 1529; x_wconf 85' lang='lat' dir='ltr'>sancti</span> <span class='ocrx_word' id='word_1_325' title='bbox 1528 1502 1677 1529; x_wconf 65' lang='lat' dir='ltr'>Francis-ci</span> 
     </span>
     <span class='ocr_line' id='line_1_32' title="bbox 282 1545 1677 1580; baseline 0.001 -8"><span class='ocrx_word' id='word_1_326' title='bbox 282 1546 474 1580; x_wconf 84' lang='lat' dir='ltr'>postmodum</span> <span class='ocrx_word' id='word_1_327' title='bbox 495 1545 658 1572; x_wconf 76' lang='lat' dir='ltr'>honorilice</span> <span class='ocrx_word' id='word_1_328' title='bbox 678 1545 871 1580; x_wconf 76' lang='lat' dir='ltr'>sepelierunt.</span> <span class='ocrx_word' id='word_1_329' title='bbox 907 1548 941 1572; x_wconf 81' lang='lat' dir='ltr'>Et</span> <span class='ocrx_word' id='word_1_330' title='bbox 966 1546 1043 1572; x_wconf 87' lang='lat' dir='ltr'>huuc</span> <span class='ocrx_word' id='word_1_331' title='bbox 1067 1546 1205 1573; x_wconf 70' lang='lat' dir='ltr'>Nicotaus</span> <span class='ocrx_word' id='word_1_332' title='bbox 1227 1546 1362 1580; x_wconf 74' lang='lat' dir='ltr'>pontifex</span> <span class='ocrx_word' id='word_1_333' title='bbox 1384 1548 1505 1580; x_wconf 75' lang='lat' dir='ltr'>quintus</span> <span class='ocrx_word' id='word_1_334' title='bbox 1524 1556 1602 1574; x_wconf 86' lang='lat' dir='ltr'>anno</span> <span class='ocrx_word' id='word_1_335' title='bbox 1622 1547 1677 1574; x_wconf 86' lang='lat' dir='ltr'>do-</span> 
     </span>
     <span class='ocr_line' id='line_1_33' title="bbox 281 1591 1674 1625; baseline 0.001 -8"><span class='ocrx_word' id='word_1_336' title='bbox 281 1591 354 1617; x_wconf 87' lang='lat' dir='ltr'>mini</span> <span class='ocrx_word' id='word_1_337' title='bbox 378 1593 523 1618; x_wconf 87' lang='lat' dir='ltr'>MCCCCL</span> <span class='ocrx_word' id='word_1_338' title='bbox 548 1594 719 1617; x_wconf 81' lang='lat' dir='ltr'>sanctorum</span> <span class='ocrx_word' id='word_1_339' title='bbox 746 1591 883 1622; x_wconf 84' lang='lat' dir='ltr'>catalogo</span> <span class='ocrx_word' id='word_1_340' title='bbox 910 1591 1111 1619; x_wconf 75' lang='lat' dir='ltr'>coacervavit.</span> <span class='ocrx_word' id='word_1_341' title='bbox 1149 1591 1310 1618; x_wconf 82' lang='lat' dir='ltr'>Sollemnis</span> <span class='ocrx_word' id='word_1_342' title='bbox 1338 1593 1400 1625; x_wconf 82' lang='lat' dir='ltr'>ejus</span> <span class='ocrx_word' id='word_1_343' title='bbox 1428 1592 1493 1619; x_wconf 84' lang='lat' dir='ltr'>dies</span> <span class='ocrx_word' id='word_1_344' title='bbox 1519 1595 1600 1620; x_wconf 84' lang='grc' dir='ltr'><strong>ΧΙΗ,</strong></span> <span class='ocrx_word' id='word_1_345' title='bbox 1620 1592 1674 1618; x_wconf 86' lang='lat' dir='ltr'>cal.</span> 
     </span>
     <span class='ocr_line' id='line_1_34' title="bbox 281 1634 1678 1672; baseline 0.001 -10"><span class='ocrx_word' id='word_1_346' title='bbox 281 1640 347 1664; x_wconf 77' lang='lat' dir='ltr'>Jun.</span> <span class='ocrx_word' id='word_1_347' title='bbox 369 1634 485 1662; x_wconf 82' lang='lat' dir='ltr'>colitur.</span> <span class='ocrx_word' id='word_1_348' title='bbox 522 1635 713 1662; x_wconf 86' lang='lat' dir='ltr'>Translatum</span> <span class='ocrx_word' id='word_1_349' title='bbox 732 1640 777 1663; x_wconf 79' lang='lat' dir='ltr'>est</span> <span class='ocrx_word' id='word_1_350' title='bbox 796 1640 895 1662; x_wconf 80' lang='lat' dir='ltr'>antem</span> <span class='ocrx_word' id='word_1_351' title='bbox 916 1644 1024 1671; x_wconf 84' lang='lat' dir='ltr'>corpus</span> <span class='ocrx_word' id='word_1_352' title='bbox 1050 1638 1113 1669; x_wconf 79' lang='lat' dir='ltr'>ejus</span> <span class='ocrx_word' id='word_1_353' title='bbox 1142 1636 1170 1662; x_wconf 93' lang='lat' dir='ltr'>in</span> <span class='ocrx_word' id='word_1_354' title='bbox 1192 1637 1337 1672; x_wconf 75' lang='lat' dir='ltr'>templum</span> <span class='ocrx_word' id='word_1_355' title='bbox 1367 1645 1479 1664; x_wconf 80' lang='lat' dir='ltr'>novum</span> <span class='ocrx_word' id='word_1_356' title='bbox 1506 1637 1533 1665; x_wconf 85' lang='lat' dir='ltr'>ei</span> <span class='ocrx_word' id='word_1_357' title='bbox 1553 1637 1678 1664; x_wconf 80' lang='lat' dir='ltr'>dedica-</span> 
     </span>
     <span class='ocr_line' id='line_1_35' title="bbox 283 1680 1678 1717; baseline 0.003 -12"><span class='ocrx_word' id='word_1_358' title='bbox 283 1685 342 1706; x_wconf 85' lang='lat' dir='ltr'>tum</span> <span class='ocrx_word' id='word_1_359' title='bbox 364 1688 442 1707; x_wconf 90' lang='lat' dir='ltr'>auno</span> <span class='ocrx_word' id='word_1_360' title='bbox 456 1682 686 1707; x_wconf 79' lang='lat' dir='ltr'>MCCCCLXXH</span> <span class='ocrx_word' id='word_1_361' title='bbox 705 1680 759 1707; x_wconf 81' lang='lat' dir='ltr'>cal.</span> <span class='ocrx_word' id='word_1_362' title='bbox 778 1683 844 1708; x_wconf 87' lang='lat' dir='ltr'>Jnn.</span> <span class='ocrx_word' id='word_1_363' title='bbox 867 1680 950 1708; x_wconf 79' lang='lat' dir='ltr'>Sixto</span> <span class='ocrx_word' id='word_1_364' title='bbox 965 1680 1107 1714; x_wconf 59' lang='lat' dir='ltr'>pontifi-ee</span> <span class='ocrx_word' id='word_1_365' title='bbox 1121 1681 1261 1711; x_wconf 69' lang='lat' dir='ltr'>maximo,</span> <span class='ocrx_word' id='word_1_366' title='bbox 1281 1683 1343 1716; x_wconf 82' lang='lat' dir='ltr'>ejus</span> <span class='ocrx_word' id='word_1_367' title='bbox 1357 1682 1549 1717; x_wconf 79' lang='lat' dir='ltr'>pontificatus</span> <span class='ocrx_word' id='word_1_368' title='bbox 1563 1691 1641 1709; x_wconf 81' lang='lat' dir='ltr'>anno</span> <span class='ocrx_word' id='word_1_369' title='bbox 1656 1685 1678 1709; x_wconf 86' lang='lat'>1.</span> 
     </span>
    </p>
   </div>
   <div class='ocr_carea' id='block_1_3' title="bbox 722 1986 1242 2050">
    <p class='ocr_par' dir='ltr' id='par_1_3' title="bbox 722 1986 1242 2050">
     <span class='ocr_line' id='line_1_36' title="bbox 722 1986 1242 2050; baseline 0.004 -2"><span class='ocrx_word' id='word_1_370' title='bbox 722 1987 850 2049; x_wconf 75' lang='lat' dir='ltr'><strong>GAP.</strong></span> <span class='ocrx_word' id='word_1_371' title='bbox 886 1986 1048 2049; x_wconf 80' lang='lat' dir='ltr'>CCXX.</span> <span class='ocrx_word' id='word_1_372' title='bbox 1085 1986 1242 2050; x_wconf 74' lang='lat'>(190.)</span> 
     </span>
    </p>
   </div>
   <div class='ocr_carea' id='block_1_4' title="bbox 334 2085 1624 2198">
    <p class='ocr_par' dir='ltr' id='par_1_4' title="bbox 334 2085 1624 2198">
     <span class='ocr_line' id='line_1_37' title="bbox 334 2085 1624 2142; baseline 0.002 -14"><span class='ocrx_word' id='word_1_373' title='bbox 334 2085 432 2129; x_wconf 81' lang='lat' dir='ltr'>De</span> <span class='ocrx_word' id='word_1_374' title='bbox 472 2085 692 2130; x_wconf 73' lang='lat' dir='ltr'>sancto</span> <span class='ocrx_word' id='word_1_375' title='bbox 722 2086 1192 2130; x_wconf 81' lang='lat' dir='ltr'>Bonaventura</span> <span class='ocrx_word' id='word_1_376' title='bbox 1228 2085 1528 2142; x_wconf 80' lang='lat' dir='ltr'>episcopo</span> <span class='ocrx_word' id='word_1_377' title='bbox 1559 2087 1624 2131; x_wconf 78' lang='lat' dir='ltr'>et</span> 
     </span>
     <span class='ocr_line' id='line_1_38' title="bbox 785 2152 1178 2198; baseline -0.003 -2"><span class='ocrx_word' id='word_1_378' title='bbox 785 2152 1178 2198; x_wconf 77' lang='lat' dir='ltr'>confessore.</span> 
     </span>
    </p>
   </div>
   <div class='ocr_carea' id='block_1_5' title="bbox 282 2260 1680 2746">
    <p class='ocr_par' dir='ltr' id='par_1_5' title="bbox 282 2260 1680 2746">
     <span class='ocr_line' id='line_1_39' title="bbox 383 2260 1678 2296; baseline 0.002 -11"><span class='ocrx_word' id='word_1_379' title='bbox 383 2262 593 2287; x_wconf 83' lang='lat' dir='ltr'>Bonaveutura</span> <span class='ocrx_word' id='word_1_380' title='bbox 614 2261 774 2296; x_wconf 81' lang='lat' dir='ltr'>episcopus</span> <span class='ocrx_word' id='word_1_381' title='bbox 794 2260 977 2289; x_wconf 78' lang='lat' dir='ltr'>Albanensis</span> <span class='ocrx_word' id='word_1_382' title='bbox 997 2265 1025 2288; x_wconf 84' lang='lat' dir='ltr'>et</span> <span class='ocrx_word' id='word_1_383' title='bbox 1045 2261 1208 2288; x_wconf 80' lang='lat' dir='ltr'>cardinalis</span> <span class='ocrx_word' id='word_1_384' title='bbox 1228 2261 1266 2289; x_wconf 88' lang='lat' dir='ltr'>de</span> <span class='ocrx_word' id='word_1_385' title='bbox 1285 2261 1398 2289; x_wconf 75' lang='lat' dir='ltr'>Balneo</span> <span class='ocrx_word' id='word_1_386' title='bbox 1417 2260 1509 2294; x_wconf 81' lang='lat' dir='ltr'>Regio</span> <span class='ocrx_word' id='word_1_387' title='bbox 1533 2260 1678 2288; x_wconf 74' lang='lat' dir='ltr'>oriundus</span> 
     </span>
     <span class='ocr_line' id='line_1_40' title="bbox 283 2304 1679 2341; baseline 0.003 -13"><span class='ocrx_word' id='word_1_388' title='bbox 283 2312 317 2329; x_wconf 82' lang='lat' dir='ltr'>ex</span> <span class='ocrx_word' id='word_1_389' title='bbox 345 2307 419 2330; x_wconf 86' lang='lat' dir='ltr'>voto</span> <span class='ocrx_word' id='word_1_390' title='bbox 445 2304 548 2331; x_wconf 84' lang='lat' dir='ltr'>matris</span> <span class='ocrx_word' id='word_1_391' title='bbox 576 2314 629 2339; x_wconf 89' lang='lat' dir='ltr'>pro</span> <span class='ocrx_word' id='word_1_392' title='bbox 657 2305 751 2340; x_wconf 88' lang='lat' dir='ltr'>ipsius</span> <span class='ocrx_word' id='word_1_393' title='bbox 776 2306 949 2333; x_wconf 75' lang='lat' dir='ltr'>infirmitate</span> <span class='ocrx_word' id='word_1_394' title='bbox 976 2306 1074 2332; x_wconf 86' lang='lat' dir='ltr'>adhuc</span> <span class='ocrx_word' id='word_1_395' title='bbox 1102 2306 1219 2341; x_wconf 84' lang='lat' dir='ltr'>pueruli</span> <span class='ocrx_word' id='word_1_396' title='bbox 1246 2306 1327 2333; x_wconf 81' lang='lat' dir='ltr'>beati</span> <span class='ocrx_word' id='word_1_397' title='bbox 1359 2305 1508 2333; x_wconf 81' lang='lat' dir='ltr'>Francisci</span> <span class='ocrx_word' id='word_1_398' title='bbox 1542 2306 1679 2334; x_wconf 87' lang='lat' dir='ltr'>habitum</span> 
     </span>
     <span class='ocr_line' id='line_1_41' title="bbox 282 2347 1680 2384; baseline 0.002 -9"><span class='ocrx_word' id='word_1_399' title='bbox 282 2347 430 2383; x_wconf 83' lang='lat' dir='ltr'>suscepit,</span> <span class='ocrx_word' id='word_1_400' title='bbox 457 2349 507 2382; x_wconf 86' lang='lat' dir='ltr'>qui</span> <span class='ocrx_word' id='word_1_401' title='bbox 527 2350 582 2376; x_wconf 91' lang='lat' dir='ltr'>sub</span> <span class='ocrx_word' id='word_1_402' title='bbox 603 2350 775 2378; x_wconf 79' lang='lat' dir='ltr'>Alexandro</span> <span class='ocrx_word' id='word_1_403' title='bbox 794 2351 832 2377; x_wconf 88' lang='lat' dir='ltr'>de</span> <span class='ocrx_word' id='word_1_404' title='bbox 852 2351 941 2378; x_wconf 83' lang='lat' dir='ltr'>Hales</span> <span class='ocrx_word' id='word_1_405' title='bbox 963 2351 1132 2384; x_wconf 73' lang='lat' dir='ltr'>theologiae</span> <span class='ocrx_word' id='word_1_406' title='bbox 1158 2356 1185 2379; x_wconf 86' lang='lat' dir='ltr'>et</span> <span class='ocrx_word' id='word_1_407' title='bbox 1211 2360 1328 2378; x_wconf 85' lang='lat' dir='ltr'>morum</span> <span class='ocrx_word' id='word_1_408' title='bbox 1347 2350 1389 2378; x_wconf 78' lang='lat' dir='ltr'>sic</span> <span class='ocrx_word' id='word_1_409' title='bbox 1409 2350 1506 2378; x_wconf 71' lang='lat' dir='ltr'>evasit</span> <span class='ocrx_word' id='word_1_410' title='bbox 1525 2350 1680 2383; x_wconf 83' lang='lat' dir='ltr'>integerri—</span> 
     </span>
     <span class='ocr_line' id='line_1_42' title="bbox 282 2393 1679 2429; baseline 0.003 -10"><span class='ocrx_word' id='word_1_411' title='bbox 282 2402 364 2425; x_wconf 82' lang='lat' dir='ltr'>mus,</span> <span class='ocrx_word' id='word_1_412' title='bbox 383 2397 414 2420; x_wconf 78' lang='lat' dir='ltr'>ut</span> <span class='ocrx_word' id='word_1_413' title='bbox 435 2393 554 2429; x_wconf 83' lang='lat' dir='ltr'>saepius</span> <span class='ocrx_word' id='word_1_414' title='bbox 574 2395 611 2421; x_wconf 78' lang='lat' dir='ltr'>tle</span> <span class='ocrx_word' id='word_1_415' title='bbox 633 2404 669 2422; x_wconf 84' lang='lat' dir='ltr'>eo</span> <span class='ocrx_word' id='word_1_416' title='bbox 688 2395 803 2422; x_wconf 74' lang='lat' dir='ltr'>diceret</span> <span class='ocrx_word' id='word_1_417' title='bbox 821 2395 1008 2422; x_wconf 76' lang='lat' dir='ltr'>Alexander:</span> <span class='ocrx_word' id='word_1_418' title='bbox 1034 2405 1122 2424; x_wconf 81' lang='lat' dir='ltr'>verus</span> <span class='ocrx_word' id='word_1_419' title='bbox 1141 2396 1277 2423; x_wconf 80' lang='lat' dir='ltr'>Israelita</span> <span class='ocrx_word' id='word_1_420' title='bbox 1298 2400 1341 2423; x_wconf 83' lang='lat' dir='ltr'>est</span> <span class='ocrx_word' id='word_1_421' title='bbox 1362 2395 1434 2429; x_wconf 73' lang='lat' dir='ltr'>iste,</span> <span class='ocrx_word' id='word_1_422' title='bbox 1453 2396 1482 2422; x_wconf 89' lang='lat' dir='ltr'>in</span> <span class='ocrx_word' id='word_1_423' title='bbox 1503 2404 1562 2429; x_wconf 83' lang='lat' dir='ltr'>quo</span> <span class='ocrx_word' id='word_1_424' title='bbox 1582 2396 1679 2423; x_wconf 79' lang='lat' dir='ltr'>Adam</span> 
     </span>
     <span class='ocr_line' id='line_1_43' title="bbox 284 2439 1678 2476; baseline 0.003 -13"><span class='ocrx_word' id='word_1_425' title='bbox 284 2446 343 2463; x_wconf 85' lang='lat' dir='ltr'>nou</span> <span class='ocrx_word' id='word_1_426' title='bbox 362 2447 503 2471; x_wconf 83' lang='lat' dir='ltr'>peccasse</span> <span class='ocrx_word' id='word_1_427' title='bbox 522 2439 652 2467; x_wconf 79' lang='lat' dir='ltr'>videtur.</span> <span class='ocrx_word' id='word_1_428' title='bbox 691 2440 744 2467; x_wconf 82' lang='lat' dir='ltr'>Hic</span> <span class='ocrx_word' id='word_1_429' title='bbox 763 2449 909 2467; x_wconf 83' lang='lat' dir='ltr'>annorum</span> <span class='ocrx_word' id='word_1_430' title='bbox 929 2444 1041 2467; x_wconf 87' lang='lat' dir='ltr'>XXXV</span> <span class='ocrx_word' id='word_1_431' title='bbox 1058 2440 1134 2468; x_wconf 80' lang='lat' dir='ltr'>inter</span> <span class='ocrx_word' id='word_1_432' title='bbox 1149 2445 1192 2468; x_wconf 86' lang='lat' dir='ltr'>tot</span> <span class='ocrx_word' id='word_1_433' title='bbox 1207 2440 1398 2468; x_wconf 83' lang='lat' dir='ltr'>venerabiles</span> <span class='ocrx_word' id='word_1_434' title='bbox 1411 2440 1563 2473; x_wconf 82' lang='lat' dir='ltr'>religionis</span> <span class='ocrx_word' id='word_1_435' title='bbox 1579 2445 1678 2476; x_wconf 80' lang='lat' dir='ltr'>patres</span> 
     </span>
     <span class='ocr_line' id='line_1_44' title="bbox 283 2484 1678 2520; baseline 0.002 -12"><span class='ocrx_word' id='word_1_436' title='bbox 283 2487 408 2517; x_wconf 85' lang='lat' dir='ltr'>propter</span> <span class='ocrx_word' id='word_1_437' title='bbox 426 2492 511 2510; x_wconf 83' lang='lat' dir='ltr'>snam</span> <span class='ocrx_word' id='word_1_438' title='bbox 531 2484 747 2519; x_wconf 68' lang='lat' dir='ltr'>persi-ctionem</span> <span class='ocrx_word' id='word_1_439' title='bbox 768 2484 864 2512; x_wconf 78' lang='lat' dir='ltr'>sactus</span> <span class='ocrx_word' id='word_1_440' title='bbox 885 2485 1020 2512; x_wconf 86' lang='lat' dir='ltr'>minister</span> <span class='ocrx_word' id='word_1_441' title='bbox 1039 2486 1172 2518; x_wconf 73' lang='lat' dir='ltr'>regulam</span> <span class='ocrx_word' id='word_1_442' title='bbox 1193 2486 1274 2513; x_wconf 89' lang='lat' dir='ltr'>beati</span> <span class='ocrx_word' id='word_1_443' title='bbox 1293 2485 1441 2513; x_wconf 80' lang='lat' dir='ltr'>Francisci</span> <span class='ocrx_word' id='word_1_444' title='bbox 1459 2485 1678 2520; x_wconf 73' lang='lat' dir='ltr'>periclitantem</span> 
     </span>
     <span class='ocr_line' id='line_1_45' title="bbox 285 2528 1679 2567; baseline 0.001 -13"><span class='ocrx_word' id='word_1_445' title='bbox 285 2528 419 2555; x_wconf 78' lang='lat' dir='ltr'>Narbone</span> <span class='ocrx_word' id='word_1_446' title='bbox 447 2528 477 2555; x_wconf 89' lang='lat' dir='ltr'>in</span> <span class='ocrx_word' id='word_1_447' title='bbox 501 2529 633 2561; x_wconf 80' lang='lat' dir='ltr'>generali</span> <span class='ocrx_word' id='word_1_448' title='bbox 657 2529 790 2564; x_wconf 82' lang='lat' dir='ltr'>capitulo</span> <span class='ocrx_word' id='word_1_449' title='bbox 819 2530 993 2558; x_wconf 70' lang='lat' dir='ltr'>reformavit</span> <span class='ocrx_word' id='word_1_450' title='bbox 1022 2535 1051 2557; x_wconf 93' lang='lat' dir='ltr'>et</span> <span class='ocrx_word' id='word_1_451' title='bbox 1079 2531 1212 2563; x_wconf 82' lang='lat' dir='ltr'>magistri</span> <span class='ocrx_word' id='word_1_452' title='bbox 1239 2531 1361 2559; x_wconf 85' lang='lat' dir='ltr'>Geraldi</span> <span class='ocrx_word' id='word_1_453' title='bbox 1396 2530 1615 2567; x_wconf 83' lang='lat' dir='ltr'>apologeticum</span> <span class='ocrx_word' id='word_1_454' title='bbox 1643 2529 1679 2556; x_wconf 85' lang='lat' dir='ltr'>li-</span> 
     </span>
     <span class='ocr_line' id='line_1_46' title="bbox 285 2572 1678 2604; baseline 0.003 -8"><span class='ocrx_word' id='word_1_455' title='bbox 285 2572 395 2598; x_wconf 76' lang='lat' dir='ltr'>hellum</span> <span class='ocrx_word' id='word_1_456' title='bbox 417 2577 519 2600; x_wconf 76' lang='lat' dir='ltr'>contra</span> <span class='ocrx_word' id='word_1_457' title='bbox 540 2574 669 2601; x_wconf 79' lang='lat' dir='ltr'>minores</span> <span class='ocrx_word' id='word_1_458' title='bbox 694 2575 846 2602; x_wconf 80' lang='lat' dir='ltr'>subtiliter</span> <span class='ocrx_word' id='word_1_459' title='bbox 875 2574 1052 2604; x_wconf 74' lang='lat' dir='ltr'>confutavit.</span> <span class='ocrx_word' id='word_1_460' title='bbox 1090 2577 1143 2603; x_wconf 82' lang='lat' dir='ltr'>Hic</span> <span class='ocrx_word' id='word_1_461' title='bbox 1171 2577 1201 2604; x_wconf 89' lang='lat' dir='ltr'>in</span> <span class='ocrx_word' id='word_1_462' title='bbox 1226 2577 1308 2604; x_wconf 84' lang='lat' dir='ltr'>beati</span> <span class='ocrx_word' id='word_1_463' title='bbox 1334 2575 1458 2604; x_wconf 77' lang='lat' dir='ltr'>Antonii</span> <span class='ocrx_word' id='word_1_464' title='bbox 1484 2574 1678 2602; x_wconf 72' lang='lat' dir='ltr'>translatione</span> 
     </span>
     <span class='ocr_line' id='line_1_47' title="bbox 282 2616 1678 2654; baseline 0.006 -15"><span class='ocrx_word' id='word_1_465' title='bbox 282 2616 434 2643; x_wconf 77' lang='lat' dir='ltr'>Patavium</span> <span class='ocrx_word' id='word_1_466' title='bbox 454 2621 575 2647; x_wconf 80' lang='grc' dir='ltr'><strong>ΧΧΧΙΙ.</strong></span> <span class='ocrx_word' id='word_1_467' title='bbox 601 2627 678 2645; x_wconf 72' lang='lat' dir='ltr'>anino</span> <span class='ocrx_word' id='word_1_468' title='bbox 699 2619 800 2647; x_wconf 79' lang='lat' dir='ltr'>obitus</span> <span class='ocrx_word' id='word_1_469' title='bbox 821 2622 883 2654; x_wconf 80' lang='lat' dir='ltr'>ejus</span> <span class='ocrx_word' id='word_1_470' title='bbox 904 2620 1033 2653; x_wconf 81' lang='lat' dir='ltr'>lingnam</span> <span class='ocrx_word' id='word_1_471' title='bbox 1053 2626 1202 2649; x_wconf 76' lang='lat' dir='ltr'>recentem</span> <span class='ocrx_word' id='word_1_472' title='bbox 1222 2632 1256 2649; x_wconf 86' lang='lat' dir='ltr'>ac</span> <span class='ocrx_word' id='word_1_473' title='bbox 1276 2621 1471 2649; x_wconf 80' lang='lat' dir='ltr'>rubicundam</span> <span class='ocrx_word' id='word_1_474' title='bbox 1492 2620 1520 2646; x_wconf 91' lang='lat' dir='ltr'>in</span> <span class='ocrx_word' id='word_1_475' title='bbox 1540 2620 1678 2647; x_wconf 83' lang='lat' dir='ltr'>manibus</span> 
     </span>
     <span class='ocr_line' id='line_1_48' title="bbox 283 2662 1677 2701; baseline 0.005 -16"><span class='ocrx_word' id='word_1_476' title='bbox 283 2664 386 2687; x_wconf 65' lang='lat' dir='ltr'>tenens</span> <span class='ocrx_word' id='word_1_477' title='bbox 416 2662 493 2689; x_wconf 81' lang='lat' dir='ltr'>inter</span> <span class='ocrx_word' id='word_1_478' title='bbox 521 2663 664 2696; x_wconf 74' lang='lat' dir='ltr'>lacrymas</span> <span class='ocrx_word' id='word_1_479' title='bbox 691 2665 749 2691; x_wconf 75' lang='lat' dir='ltr'>ait:</span> <span class='ocrx_word' id='word_1_480' title='bbox 785 2673 802 2691; x_wconf 95' lang='lat' dir='ltr'>o</span> <span class='ocrx_word' id='word_1_481' title='bbox 828 2665 946 2698; x_wconf 76' lang='lat' dir='ltr'>lingua,</span> <span class='ocrx_word' id='word_1_482' title='bbox 974 2675 1049 2700; x_wconf 84' lang='lat' dir='ltr'>quae</span> <span class='ocrx_word' id='word_1_483' title='bbox 1078 2669 1170 2693; x_wconf 79' lang='lat' dir='ltr'>Deum</span> <span class='ocrx_word' id='word_1_484' title='bbox 1197 2675 1315 2701; x_wconf 82' lang='lat' dir='ltr'>semper</span> <span class='ocrx_word' id='word_1_485' title='bbox 1339 2665 1518 2693; x_wconf 74' lang='lat' dir='ltr'>benedixisti</span> <span class='ocrx_word' id='word_1_486' title='bbox 1547 2670 1575 2691; x_wconf 69' lang='lat' dir='ltr'>vt</span> <span class='ocrx_word' id='word_1_487' title='bbox 1601 2665 1677 2692; x_wconf 83' lang='lat' dir='ltr'>alios</span> 
     </span>
     <span class='ocr_line' id='line_1_49' title="bbox 282 2704 1678 2746; baseline 0.005 -15"><span class='ocrx_word' id='word_1_488' title='bbox 282 2704 459 2731; x_wconf 64' lang='lat' dir='ltr'>benc-‹tiru-ro</span> <span class='ocrx_word' id='word_1_489' title='bbox 480 2707 623 2737; x_wconf 82' lang='lat' dir='ltr'>docuisti.</span> <span class='ocrx_word' id='word_1_490' title='bbox 657 2718 725 2736; x_wconf 86' lang='lat' dir='ltr'>mun</span> <span class='ocrx_word' id='word_1_491' title='bbox 744 2709 902 2746; x_wconf 76' lang='lat' dir='ltr'>perspicue</span> <span class='ocrx_word' id='word_1_492' title='bbox 928 2711 1072 2743; x_wconf 66' lang='lat' dir='ltr'>cernitur,</span> <span class='ocrx_word' id='word_1_493' title='bbox 1100 2711 1203 2745; x_wconf 80' lang='lat' dir='ltr'>quanti</span> <span class='ocrx_word' id='word_1_494' title='bbox 1230 2711 1326 2739; x_wconf 78' lang='lat' dir='ltr'>meriti</span> <span class='ocrx_word' id='word_1_495' title='bbox 1353 2709 1445 2738; x_wconf 56' lang='lat' dir='ltr'>simiis</span> <span class='ocrx_word' id='word_1_496' title='bbox 1465 2711 1545 2745; x_wconf 72' lang='lat' dir='ltr'>apud</span> <span class='ocrx_word' id='word_1_497' title='bbox 1565 2713 1678 2738; x_wconf 76' lang='lat' dir='ltr'>Deum?</span> 
     </span>
    </p>
   </div>
  </div>
 </body>
</html>
