1742 3005
281 99 381 150 Cap.
409 97 528 135 [ΧΠ.
592 97 653 135 De
684 97 828 150 virgine
857 95 1024 150 quadam
1054 98 1302 139 Antiochena.
1403 100 1485 139 273

93 200 222 236 ibidem
258 200 365 237 facite
390 205 426 238 et
449 201 497 236 ibi
532 213 607 238 eum
633 204 747 238 vivum
776 206 810 238 et
835 205 994 248 supinum
1021 203 1180 248 sepelite.
1230 203 1329 245 Quod
1364 209 1399 240 et
1429 205 1483 240 se-

92 272 213 304 cet-unt
249 271 285 302 et
318 267 459 303 beatum
484 267 634 303 Vitalem
668 268 797 303 ibidem
820 271 933 303 vivum
959 269 1196 314 sepelierunt,
1234 270 1299 304 sub
1332 269 1484 314 Nerone,

90 336 150 379 qui
175 334 294 378 eoepit
316 335 412 367 eirea
436 343 560 367 annum
587 333 718 368 domini
742 333 813 368 LII.
863 334 1038 369 Sacerdos
1062 340 1195 378 autem,
1221 337 1281 381 qui
1306 336 1374 370 hoo
1402 347 1485 371 eon-

86 399 206 434 silium
242 398 409 441 dederat,
446 400 563 433 statim
598 409 620 433 a
649 399 817 433 daemone
851 404 1011 443 arreptus
1037 410 1101 443 per
1125 404 1257 444 septem
1286 401 1361 435 dies
1387 403 1484 436 insa-

89 466 189 499 niens
224 466 258 499 in
284 465 345 500 illo
373 465 452 499 loco
479 464 699 499 exclamabat
735 464 874 498 dicens:
908 464 1066 498 incendis
1100 476 1153 499 me
1191 470 1312 500 sancte
1346 466 1484 508 Vitalis,

89 530 148 565 die
173 535 285 565 autem
313 533 461 575 septima
485 531 520 563 in
545 529 670 563 flumen
695 538 716 562 a
741 528 912 563 daemone
947 531 1200 573 praecipitatus
1235 532 1486 567 miserabiliter

89 597 294 640 exspiravit.
342 594 437 629 Uxor
462 599 577 628 autem
602 595 715 628 sancti
741 593 870 628 vitalis
895 604 970 628 cum
995 593 1234 628 Mediolanum
1264 595 1397 638 adiret,
1429 598 1483 631 in-

89 663 183 695 venit
215 660 385 705 quosdam
419 659 534 704 ydolis
568 659 807 701 immolantes,
840 661 899 704 qui
938 671 1013 694 cum
1054 670 1128 695 eam
1164 660 1410 703 hortarentur,
1445 667 1483 696 ut

85 726 200 772 ydolis
228 725 662 767 immolata-comederet,
697 724 900 769 respondit:
945 725 1138 760 christiana
1172 737 1266 767 sum,
1300 737 1368 760 non
1397 727 1482 762 licet

84 791 169 825 mihi
194 791 237 826 de
263 792 391 826 vestris
417 790 598 825 sacrificiis
624 790 848 825 manducare.
899 790 998 830 Quod
1026 791 1074 825 illi
1102 791 1286 826 audientes
1310 796 1378 825 tam
1405 792 1481 828 dire

85 867 161 892 eam
196 857 488 899 verberaverunt,
525 856 618 902 quod
653 856 811 890 homines
848 857 922 897 sui,
956 858 1016 901 qui
1049 866 1191 890 cumea
1217 861 1334 898 erant,
1370 868 1480 902 usque

84 922 321 957 Mediolanum
357 932 432 956 eam
466 923 667 957 semivivam
704 921 924 956 deduxerunt
962 925 997 956 et
1032 922 1123 955 infra
1153 921 1303 955 triduum
1330 922 1480 957 feliciter

84 989 246 1035 migravit
272 987 316 1022 ad
343 987 526 1022 dominum⁴

528 1300 566 1345 ¹>
583 1302 709 1363 mr.
743 1301 875 1363 Lxll.
910 1300 1038 1363 (60.)

200 1400 301 1444 De
329 1399 593 1455 virgine
624 1400 901 1456 quadam
928 1398 1352 1446 Antiochena.

170 1505 282 1553 Virgo
308 1508 477 1554 quaedam
505 1509 570 1544 fuit
596 1509 826 1551 Antiochiae,
861 1510 961 1555 eujus
988 1508 1179 1554 hystoriam
1205 1509 1412 1545 Ambrosius
1438 1512 1473 1546 in

81 1569 121 1605 11.
146 1571 238 1607 libro
265 1573 308 1608 de
332 1575 530 1620 virginibus
556 1577 681 1610 recitat
697 1577 730 1609 in
745 1575 836 1609 haec
853 1574 973 1608 verba.
1022 1574 1231 1609 Antiochiae
1246 1586 1356 1620 nuper
1373 1578 1473 1622 virgo

81 1638 254 1682 quaedam
278 1639 355 1682 suit,
382 1639 538 1686 fugitans
563 1641 693 1686 pubhci
718 1642 815 1674 visus
841 1640 1121 1674 ostentationem.
1171 1640 1241 1674 Sed
1267 1651 1333 1685 quo
1360 1644 1473 1688 magis

80 1703 217 1738 vitabat
244 1705 378 1748 oculos,
405 1706 613 1741 incendebat
636 1706 783 1741 affectus
810 1716 852 1740 eo
878 1705 1026 1749 amplius
1060 1704 1266 1749 impudicos.
1313 1706 1473 1741 Pulchri-

80 1768 164 1802 tudo
191 1770 278 1803 enim
303 1770 425 1805 audita
446 1782 512 1806 nee
537 1774 616 1806 visa
641 1772 719 1817 plus
747 1771 970 1806 desideratur
985 1770 1122 1804 duobus
1138 1771 1288 1804 stimulis
1306 1773 1472 1817 cupidita,

78 1836 149 1867 tum
173 1837 302 1869 amoris
328 1840 363 1871 et
388 1838 624 1883 cognitionis,
651 1838 730 1872 dum
755 1841 789 1872 et
814 1837 899 1871 nihil
924 1838 1096 1878 occurrit,
1133 1836 1225 1882 quod
1251 1838 1363 1872 minus
1393 1838 1471 1883 pla-

81 1903 180 1942 ceat,
210 1905 244 1935 et
268 1901 347 1946 plus
372 1899 513 1947 putatur
539 1914 638 1946 esse,
675 1903 768 1949 quod
800 1903 957 1948 placeat3
988 1902 1083 1947 quod
1116 1913 1184 1936 non
1217 1902 1322 1938 index
1349 1904 1472 1938 oculus

82 1964 254 2008 explorat,
282 1965 346 2000 sed
369 1969 504 2002 animus
532 1973 666 2002 amator
692 1973 846 2013 exoptat.
895 1967 1017 2014 Itaque
1043 1972 1167 2002 saneta
1183 1970 1298 2014 virgo,
1325 1980 1367 2003 ne
1393 1969 1471 2003 diu-

78 2030 149 2062 tius
175 2029 329 2065 aleretur
362 2032 549 2075 potiendae
576 2043 658 2077 spes
683 2034 905 2078 cupiditatis,
939 2035 1177 2079 integritatem
1209 2033 1354 2077 pudoris
1386 2045 1471 2078 pro—

81 2094 179 2129 fessa
203 2096 254 2129 sie
281 2098 463 2131 restrinxit
488 2097 723 2142 improborum
750 2099 884 2140 facies,
917 2102 955 2132 ut
974 2099 1047 2143 jam
1082 2108 1153 2131 non
1177 2104 1373 2141 amaretur,
1409 2099 1472 2134 sed

79 2160 300 2205 proderetur.
342 2160 432 2197 Ecce
447 2165 659 2208 persecutio.
697 2163 819 2198 Puella
834 2163 957 2208 sugere
971 2163 1102 2203 nescia,
1128 2166 1245 2197 aetate
1261 2164 1403 2208 pavida,
1428 2176 1471 2200 ne

79 2225 250 2261 incideret
273 2228 309 2261 in
335 2228 563 2262 insidiatores
588 2228 748 2273 pudoris,
774 2230 922 2263 animam
950 2227 996 2262 ad
1021 2229 1182 2262 virtutem
1212 2231 1368 2273 paravit,
1400 2235 1471 2265 tam

80 2290 273 2336 religiosa,
298 2296 337 2326 ut
361 2297 505 2328 mortem
529 2304 599 2328 non
623 2295 773 2336 timeret,
798 2299 867 2328 tam
888 2293 1027 2339 pudiea,
1052 2298 1090 2327 ut
1113 2297 1257 2327 mortem
1283 2300 1471 2338 exspecta-

82 2360 145 2390 ret.
194 2355 298 2391 Venit
334 2358 423 2392 enim
450 2369 602 2393 coronae
631 2359 721 2403 dies,
760 2361 911 2393 maxima
938 2360 1087 2392 omnium
1112 2347 1349 2402 exspectatio,
1387 2370 1469 2404 pro-

82 2422 218 2457 ducitur
252 2423 372 2468 puella
404 2422 534 2468 duplex
561 2424 727 2468 professa
760 2428 956 2465 certamen,
993 2424 1166 2457 eastitatis
1208 2426 1241 2456 et
1274 2413 1468 2470 religionis.

82 2488 154 2524 Sed
178 2488 239 2523 uhi
265 2484 423 2523 viderunt
447 2474 677 2523 constantiam
700 2481 1105 2533 professionisjmetam
1130 2486 1287 2531 pudoris,
1313 2495 1470 2534 paratam

82 2553 128 2588 ad
158 2555 351 2596 cruciatus,
392 2553 656 2588 erubescentem
696 2554 742 2588 ad
774 2553 986 2598 adspectus,
1025 2553 1228 2598 excogitare
1267 2559 1469 2600 coeperunt,

149 2699 275 2732 ”Haec
292 2698 418 2733 legenda
438 2697 523 2727 deest
541 2698 572 2725 in
590 2697 644 2726 Ed.
662 2697 754 2726 Ptine.

1099 2750 1143 2786 18
