1742 3005
233 115 287 153 95
571 114 665 163 (sap.
696 112 820 150 XVll.
881 112 939 151 De
972 117 1100 148 sancto
1133 110 1291 147 Hilario,

780 325 907 387 GAP.
952 323 1088 386 xvll.

601 427 700 470 Be
742 425 963 471 saneto
995 421 1265 470 Hilario,

328 537 479 572 Hilarius
506 537 618 572 dietus
645 542 699 573 est
728 537 829 583 quasi
855 535 992 577 hilaris,
1021 537 1104 580 quia
1127 537 1161 569 in
1187 536 1355 569 servitute
1371 533 1434 569 Dei
1456 533 1558 569 valde
1578 533 1627 567 lii-

239 605 324 638 laris
353 604 428 645 suit,
457 603 512 637 vel
538 603 664 637 dieitur
689 603 841 637 Hilarius
868 603 968 646 quasi
993 600 1211 639 alarii1s,1ab
1234 602 1269 644 ¹)
1295 600 1387 634 altus
1412 603 1446 634 et
1461 609 1540 634 ares
1559 601 1629 635 vir-

236 675 289 704 tus
305 698 313 712 ,
364 671 447 714 quia
472 669 537 702 suit
561 669 653 702 altus
678 669 713 701 in
737 669 885 702 scientia
912 671 945 701 et
971 668 1148 700 virtuosus
1174 668 1209 700 in
1236 667 1317 701 vita.
1387 665 1452 701 Vel
1478 665 1630 700 Hilarius

235 736 362 769 dicitur
388 735 489 779 quasi
517 733 560 767 ab
585 733 684 777 hyle,
736 733 828 778 quod
856 736 909 766 est
934 733 1035 776 quasi
1062 731 1300 776 primordialis
1326 733 1491 773 materia,
1539 739 1630 775 quae

236 800 386 834 obscura
408 798 494 841 suit,
549 802 583 833 et
605 799 683 843 ipse
714 799 748 831 in
774 798 876 831 dietis
910 798 982 831 suis
1008 807 1170 843 magnam
1195 796 1302 831 habet
1325 796 1573 831 obscuritatem
1597 800 1631 831 et

235 864 520 910 profunditatem.

325 930 478 964 Hilarius
503 929 725 965 pictavorum
750 929 846 963 urbis
874 930 1061 974 episeopus
1093 930 1249 975 regionis
1274 928 1487 974 Aquitaniae
1512 930 1629 962 oriun-

236 996 299 1030 dus
314 1025 321 1039 ,
358 997 459 1040 quasi
481 995 607 1030 lucifer
631 995 810 1040 refulgens
835 996 926 1029 inter
952 999 1049 1029 astra
1072 996 1255 1040 processit.
1305 994 1366 1029 Hic
1390 1004 1533 1028 uxorem
1558 995 1628 1038 pri—

236 1064 339 1096 mitus
372 1060 505 1096 habens
533 1065 567 1096 et
593 1061 698 1095 filiani
732 1062 766 1094 in
792 1061 910 1095 laicali
937 1060 1058 1094 habitu
1085 1061 1310 1094 monasticam
1339 1062 1443 1094 vitam
1467 1059 1629 1098 ducebat,

237 1127 375 1162 tandem
401 1128 436 1160 in
463 1129 534 1161 vita
556 1131 590 1161 et
611 1128 758 1161 scientia
783 1127 969 1171 proficiens
995 1128 1028 1160 in
1053 1128 1255 1171 episcopum
1278 1130 1332 1160 est
1357 1126 1500 1161 electus.
1546 1126 1629 1160 Cum

236 1195 344 1240 igitur
371 1192 495 1227 beatus
521 1193 674 1227 Hilarius
698 1203 766 1227 non
791 1193 902 1226 solum
926 1194 1103 1227 civitatem
1129 1203 1245 1235 suam,
1299 1191 1361 1227 sed
1386 1196 1495 1226 totam
1519 1191 1628 1227 Fran-

237 1261 326 1293 ciam
352 1259 396 1293 al)
425 1258 613 1293 haereticis
639 1257 864 1300 defensaret,
913 1258 957 1291 ad
984 1260 1250 1303 suggestionem
1275 1258 1420 1292 duorum
1443 1259 1629 1303 episcopo-

240 1335 333 1367 rum,
361 1325 419 1369 qui
444 1324 488 1358 ab
513 1324 653 1358 haeresi
681 1324 820 1358 fueraut
845 1323 1050 1368 depravati,
1080 1324 1124 1357 ab
1150 1326 1383 1369 imperatore,
1421 1326 1480 1369 qui
1503 1323 1628 1358 haere-

240 1392 384 1425 tieorum
410 1389 527 1425 fautor
551 1393 640 1432 erat,
669 1399 743 1423 cuin
768 1388 873 1424 beato
898 1388 1052 1424 Eusebio
1076 1389 1293 1425 Vercellensi
1318 1390 1484 1434 episcopo
1514 1393 1569 1424 est
1593 1390 1627 1423 in

238 1456 399 1491 exsilium
424 1456 616 1502 relegatus.
665 1455 821 1500 Denique
848 1465 922 1490 euin
948 1455 1077 1501 ubique
1101 1456 1235 1490 Ariana
1259 1455 1418 1490 haeresis
1443 1454 1632 1500 pullularet

239 1527 273 1556 et
298 1521 342 1555 ab
368 1522 579 1566 imperatore
603 1521 746 1556 lieentia
772 1520 855 1555 data
880 1525 994 1562 esset,
1023 1525 1060 1555 ut
1087 1532 1204 1557 omnes
1226 1523 1384 1566 episcopi
1408 1522 1633 1556 convenirent

239 1591 273 1622 et
299 1587 340 1621 de
366 1587 514 1621 veritate
546 1586 628 1621 fidei
660 1585 898 1631 disputarent,
951 1597 1024 1620 cum
1059 1591 1201 1621 sanctus
1237 1587 1389 1622 Hilarius
1416 1587 1630 1627 advenisset,

240 1653 285 1687 ad
311 1654 513 1698 petitionem
538 1651 706 1685 dictorum
732 1653 987 1697 episcoporum,
1017 1655 1075 1699 qui
1101 1654 1178 1698 ejus
1203 1652 1437 1698 eloquentiam
1453 1652 1544 1688 serre
1562 1662 1630 1686 non

242 1723 425 1764 poterant,
472 1717 662 1752 Pictaviam
696 1718 812 1753 redire
846 1719 1076 1763 compellitur.
1147 1718 1231 1754 Cum
1267 1722 1381 1753 autem
1407 1718 1452 1752 ad
1483 1717 1630 1752 insulam

243 1785 483 1827 Gallinariam,
515 1794 604 1829 quae
630 1788 704 1818 tota
730 1787 805 1818 crat
830 1784 935 1829 plena
950 1784 1187 1830 serpentibus,
1213 1785 1535 1830 appropinquasset
1548 1785 1630 1819 etin

241 1853 352 1896 ipsam
378 1850 641 1892 descendisset,
692 1860 810 1885 omnes
845 1855 1025 1895 serpentes
1052 1861 1183 1888 exvsua
1208 1851 1341 1885 visione
1366 1849 1514 1896 fugabat
1538 1853 1572 1885 et
1595 1851 1630 1884 in

239 1917 352 1951 medio
379 1915 514 1950 insulae
547 1915 663 1960 palum
691 1916 765 1949 lixit
798 1927 860 1951 nee
895 1917 1043 1962 amplius
1069 1916 1216 1951 libertas
1244 1916 1328 1950 data
1353 1919 1406 1949 est
1432 1915 1502 1950 illis
1528 1926 1629 1949 oecu-

239 1992 337 2027 pare,
366 1982 460 2027 quod
487 1983 615 2024 vetuit,
640 1985 805 2026 tanquam
831 1992 914 2027 pars
940 1983 1075 2017 insulae
1099 1993 1169 2016 non
1193 1983 1239 2017 sit
1261 1986 1357 2016 terra
1381 1981 1443 2016 sed
1469 1981 1630 2027 pelagus.

240 2048 324 2083 Cum
349 2058 436 2094 ergo
461 2047 613 2082 Pictavis
640 2051 755 2089 esset,
808 2047 988 2093 quemdam
1012 2048 1179 2083 infantem
1207 2049 1281 2083 sine
1306 2047 1480 2093 baptismo
1506 2048 1630 2083 desun-

239 2117 329 2147 ctum
356 2115 428 2147 suis
465 2112 684 2147 orationibus
718 2113 762 2147 ad
796 2115 900 2157 vitam
926 2116 1089 2149 restituit.
1160 2114 1247 2149 Nam
1275 2114 1334 2148 diu
1355 2115 1469 2159 jacuit
1493 2115 1526 2149 in
1552 2114 1630 2159 pul-

242 2188 334 2219 vere,
362 2178 471 2212 donee
497 2180 630 2221 pariter
654 2183 851 2223 surgerent,
879 2190 987 2213 senex
1013 2179 1055 2214 de
1077 2180 1236 2213 oratione
1263 2183 1297 2214 et
1313 2180 1427 2213 inl'ans
1447 2179 1489 2214 de
1506 2183 1627 2215 morte,

241 2243 324 2277 Cum
350 2243 421 2276 lilia
448 2245 524 2287 ejus
551 2243 643 2287 Apia
669 2245 826 2276 maritum
850 2244 957 2278 vellet
982 2246 1163 2288 accipere,
1193 2244 1345 2279 Hilarius
1370 2249 1471 2289 pater
1495 2247 1571 2290 eJus
1597 2247 1627 2280 ei

241 2307 457 2352 praedicarit
482 2311 516 2341 et
541 2309 575 2340 in
602 2318 724 2342 sarrae
759 2310 972 2353 virginitatis
1007 2311 1190 2354 proposito
1223 2311 1449 2345 confirmavit.
1520 2310 1627 2351 Qua-m

239 2373 318 2406 dum
344 2373 403 2406 ille
430 2373 559 2407 firmam
585 2373 813 2407 considerans
848 2378 882 2408 et
907 2385 950 2409 ue
977 2375 1166 2420 aliquando
1191 2376 1409 2419 flecteretur,
1437 2376 1628 2411 formidans

239 2438 411 2472 dominum
437 2439 623 2472 instantius
650 2441 831 2482 exoravit,
881 2444 918 2474 ut
941 2450 1016 2474 eam
1044 2440 1087 2474 ad
1112 2451 1150 2476 se
1176 2443 1349 2486 reciperet
1371 2453 1434 2477 nec
1455 2442 1549 2476 ultra
1577 2443 1625 2477 vi—

241 2513 319 2537 vere
349 2505 582 2547 permitteret:
609 2504 701 2549 quod
729 2509 762 2539 et
787 2505 911 2539 sactum
940 2510 1005 2547 est,
1032 2517 1109 2540 nam
1134 2511 1215 2552 post
1238 2517 1368 2553 paucos
1394 2508 1468 2542 dies
1493 2506 1537 2541 ad
1565 2507 1627 2541 do-

240 2569 363 2602 minum
390 2570 571 2614 migr-avim
601 2580 702 2615 quam
729 2571 805 2614 ipse
832 2572 983 2616 propriis
1013 2572 1171 2607 manibus
1199 2573 1373 2618 sepelivit,
1404 2572 1495 2617 quod
1519 2576 1628 2607 mater

308 2714 332 2746 Ι)
360 2713 438 2740 Malu·
458 2713 507 2738 ¹5⁴1¹
530 2723 586 2740 roc.
608 2713 707 2746 legunt
728 2714 774 2741 bis
793 2725 808 2741 a
822 2715 827 2742 l
840 2715 845 2742 i
860 2724 901 2743 us
921 2716 987 2743 loco
1010 2715 1091 2743 voc-is
1111 2724 1125 2741 n
1139 2715 1145 2741 l
1159 2719 1166 2741 t
1179 2724 1225 2741 ns.
