1742 3005
203 152 258 189 80
477 153 571 202 Cap.
604 151 709 188 Xlll.
767 151 827 188 De
857 151 1142 189 circumcisione
1174 150 1334 188 domini0

204 268 321 293 norem
349 256 473 291 beatae
500 256 668 301 virginis:
715 254 844 289 vultum
870 258 963 289 tuum
990 259 1053 290 etc.
1102 256 1185 291 Item
1213 260 1291 291 sunt
1319 260 1464 291 octavae
1490 267 1576 291 vene

205 325 363 365 rationis,
390 325 426 355 ut
452 320 627 355 Paschae.
662 319 924 361 Penthecostes,
958 319 1084 356 beatae
1111 323 1278 366 virginis,
1307 322 1401 356 beati
1426 321 1594 357 Johannis

204 390 391 434 baptistae.
440 385 522 420 Item
550 385 767 426 devotionis,
821 389 857 419 ut
882 385 1069 430 cujuslibet
1090 387 1201 420 sancti
1228 392 1375 431 possunt
1399 389 1473 422 fieri
1499 392 1593 422 oeta-

207 466 280 489 vae.
329 452 579 499 Figurationis,
606 455 642 485 ut
668 455 746 484 sunt
773 455 919 486 octavae
944 453 1123 486 institutae
1149 451 1190 486 de
1212 453 1355 490 sanetis,
1383 462 1472 497 quae
1486 455 1594 499 signi-

205 523 307 555 ficant
332 523 489 552 octavam
515 517 792 551 resurrectionis.
865 516 1057 551 Secundum
1086 521 1139 552 est
1170 518 1346 562 impositio
1372 520 1452 551 novi
1481 522 1514 552 et
1538 528 1595 552 sa-

204 586 335 621 lutiferi
361 585 531 624 nominis,
567 581 671 616 hodie
699 583 787 616 enim
815 583 1010 627 impositum
1036 588 1089 618 est
1112 583 1144 617 ei
1169 593 1293 617 nomen
1319 594 1465 621 novum,
1505 584 1596 629 quod

206 664 245 687 os
271 652 398 686 domini
423 650 621 683 nominavit.
694 647 825 682 Nomen
851 652 963 692 pater,
991 649 1083 694 quod
1108 659 1175 682 non
1201 653 1254 683 est
1277 648 1370 683 aliud
1395 649 1458 683 sub
1484 649 1595 685 caelo.

207 722 239 753 in
267 729 334 762 qno
360 719 522 760 oporteat
546 724 609 747 nos
635 713 753 747 salvos
780 714 865 748 lieri.
914 714 1066 755 Nomen,
1118 714 1209 759 quod
1235 714 1419 749 secundum
1446 715 1596 749 Bernar-

207 785 284 818 ‹lum
310 786 363 816 cst
387 780 452 815 mel
478 781 511 812 in
539 789 612 819 ore,
638 779 746 813 melos
772 780 806 812 in
823 789 907 813 aure
923 779 1100 824 etjubilus
1115 782 1147 813 in
1173 780 1289 814 corde.
1320 780 1463 821 Nomen,
1491 780 1595 825 quod,

207 851 295 883 sicut
320 847 402 880 dicit
428 844 517 878 idem
542 843 764 881 Bernardus,
814 846 926 878 instar
954 845 1021 879 olei
1046 846 1157 882 lucet.
1208 845 1445 890 praedicatum
1472 847 1596 889 pascit.

207 915 435 958 recogitatum
469 910 553 945 lenit
579 914 612 943 et
637 911 736 955 ungit
759 911 966 944 invocatum.
1015 911 1142 945 Habuit
1167 917 1280 945 autem
1305 911 1433 955 triplex
1460 921 1596 946 nomen,

207 982 296 1014 sicut
321 989 362 1012 cx
388 975 572 1021 evaugelio
597 976 853 1019 manifestatur,
883 977 1016 1011 scilicet
1033 978 1122 1011 filius
1137 977 1211 1011 Dei.
1240 976 1398 1011 Christus
1424 980 1458 1011 et
1482 976 1597 1011 Jesus.

209 1046 362 1082 Vocatur
388 1047 500 1077 autem
528 1041 617 1074 lilius
644 1041 720 1079 Dei,
750 1042 782 1075 in
809 1046 971 1086 (plantum
997 1047 1049 1076 est
1074 1043 1115 1077 de
1140 1043 1212 1077 Deo
1238 1042 1342 1084 Deus,
1371 1041 1542 1084 Christus,
1564 1043 1597 1075 in

209 1115 372 1157 quantuni
399 1112 451 1143 est
476 1107 577 1141 homo
604 1117 623 1140 a
649 1117 801 1151 persona
827 1107 943 1141 divina
973 1113 1135 1153 quantuni
1162 1109 1204 1143 ad
1231 1108 1414 1142 lnunanam
1439 1111 1597 1141 naturam

210 1181 404 1217 assumtus3
429 1174 546 1215 Jesns,
576 1174 610 1205 in
633 1176 795 1218 quantum
815 1178 867 1208 est
885 1174 978 1209 Deus
1006 1174 1211 1209 humanitati
1236 1176 1365 1208 unitus.
1392 1172 1597 1208 Dehoctri-

210 1245 290 1289 plici
316 1242 452 1276 nomine
478 1239 560 1273 dicit
575 1238 792 1273 Bernardus:
820 1250 882 1273 vos
904 1241 962 1284 qui
980 1241 1014 1274 in
1033 1240 1176 1285 pulvere
1191 1242 1287 1282 estis,
1315 1240 1597 1285 expergiscimini

210 1314 245 1345 et
255 1308 409 1343 laudate.
427 1305 516 1341 Ecce
530 1305 686 1339 (lominus
698 1305 793 1340 venit
802 1315 876 1338 culn
887 1305 1013 1347 salute,
1025 1307 1120 1341 venit
1130 1316 1204 1341 cum
1215 1309 1405 1351 unguento,
1420 1306 1512 1340 venit
1524 1315 1598 1338 cum

209 1375 324 1422 gloria
338 1383 451 1418 neque
474 1373 561 1405 enim
583 1373 657 1406 sine
669 1371 783 1405 salute
802 1370 1007 1405 venitJesus
1024 1382 1136 1417 neque
1149 1371 1309 1407 Christus
1330 1373 1404 1405 sine
1425 1372 1598 1411 unctione,

209 1451 320 1487 neque
346 1441 420 1473 sine
446 1437 562 1484 gloria
587 1438 681 1471 venit
706 1436 796 1470 lilius
820 1436 896 1477 Dei,
925 1436 1097 1482 siquidem
1122 1439 1198 1482 ipse
1223 1437 1339 1480 salus,
1366 1438 1442 1482 ipse
1470 1438 1597 1479 unctio,

209 1510 285 1553 ipse
311 1506 438 1552 gloria.
477 1503 647 1544 Quantum
675 1507 789 1538 autem
815 1502 859 1536 ad
884 1502 949 1537 hoe
977 1504 1106 1549 triplex
1130 1514 1266 1545 nomen,
1293 1507 1372 1538 ante
1399 1504 1598 1548 passionem

210 1572 365 1618 perfecte
389 1574 490 1603 notus
517 1581 583 1603 non
610 1574 695 1604 erat.
751 1568 837 1603 Nam
865 1573 1027 1613 quantum
1065 1568 1109 1602 ad
1134 1570 1277 1613 primum
1294 1597 1301 1610 ,
1353 1568 1396 1602 ab
1423 1567 1598 1613 aliquibus

210 1635 488 1683 cognoscebatur
522 1635 824 1679 conjecturaliter,
875 1636 964 1668 sieut
999 1644 1021 1668 a
1047 1633 1296 1677 daemonibus,
1353 1635 1410 1679 qui
1437 1634 1599 1668 (licebant

210 1707 320 1749 ipsum
348 1711 425 1736 esse
450 1700 553 1734 tilium
578 1700 653 1735 Dei.
725 1700 894 1740 Quantum
928 1700 971 1734 ad
1004 1699 1189 1734 secundum
1226 1700 1505 1744 particulariter,
1554 1699 1598 1733 ab

210 1767 385 1814 aliquibus
413 1767 499 1800 enim
518 1794 525 1808 ,
563 1766 645 1801 licet
669 1767 811 1810 paucis,
853 1765 1132 1811 cognoscebatur
1157 1775 1234 1799 esse
1261 1764 1432 1800 Clu-istus.
1481 1765 1598 1804 Quan-

211 1840 279 1869 tum
305 1833 348 1867 ad
375 1833 513 1866 tertium
540 1831 722 1873 vocaliter,
749 1833 832 1876 quia
857 1842 924 1876 quo
951 1831 995 1865 ad
1021 1830 1108 1865 hane
1137 1840 1254 1871 vocem
1283 1830 1399 1871 Jesus,
1424 1831 1506 1864 licet
1531 1841 1597 1864 non

211 1912 278 1947 quo
305 1899 349 1933 ad
377 1899 543 1932 rationem
570 1899 739 1939 nominis,
767 1896 860 1942 quod
885 1901 938 1931 est
962 1897 1127 1931 salutare.
1200 1896 1284 1931 Post
1309 1897 1597 1931 resurrectionem

210 1971 324 2002 autem
350 1964 415 1998 hoc
442 1974 565 1998 nomen
592 1963 720 2008 triplex
743 1963 969 1997 clarificatum
995 1966 1059 1998 est.
1131 1962 1277 1997 Primum
1309 1972 1431 1997 nomen
1461 1973 1528 2007 quo
1553 1962 1597 1996 ad

209 2030 462 2071 certitudinem,
490 2029 675 2064 secundum
703 2040 770 2074 quo
798 2028 843 2063 ad
869 2028 1100 2069 diffusionem,
1127 2029 1265 2062 tertium
1291 2039 1358 2073 quo
1386 2027 1429 2061 ad
1451 2030 1597 2062 nominiS

210 2098 391 2131 rationem.
440 2094 588 2130 Primum
615 2095 723 2140 igitur
748 2104 872 2129 nomen
897 2098 951 2129 est
975 2094 1064 2127 lilius
1090 2093 1165 2128 Dei.
1204 2092 1247 2128 Et
1268 2094 1361 2139 quod
1383 2093 1449 2128 hoc
1475 2105 1598 2128 nomen

209 2163 276 2198 sibi
301 2165 394 2196 recte
418 2162 623 2202 conveniat,
671 2162 720 2194 sie
758 2160 847 2197 (licit,
867 2159 1028 2204 Hfflarius
1054 2160 1088 2192 in
1111 2158 1201 2193 libro
1228 2158 1269 2193 de
1295 2160 1467 2193 trinitate:
1517 2170 1598 2194 vere

210 2231 272 2264 Dei
298 2229 402 2261 lilium
428 2228 639 2272 unigenitum
666 2226 838 2259 (lominum
863 2229 1017 2259 nostruin
1044 2224 1161 2259 Jesum
1190 2223 1363 2258 Christum
1387 2234 1485 2261 esse.
1512 2225 1598 2259 mul-

210 2298 253 2329 tis
280 2293 390 2328 modis
416 2293 591 2337 cognitum
619 2295 684 2325 est.
732 2291 816 2324 Dum
842 2289 884 2323 (le
913 2300 953 2324 eo
980 2293 1129 2324 testatur
1153 2294 1266 2334 pater,
1293 2289 1370 2323 dum
1397 2289 1439 2324 (le
1465 2300 1502 2323 se
1522 2292 1597 2334 ipse

211 2361 409 2406 profitetur,
460 2356 537 2390 dum
564 2355 715 2400 apostoli
744 2354 968 2399 praedicant,
1020 2354 1096 2389 (lum
1126 2355 1284 2401 religiosi
1308 2354 1474 2397 credunt,
1519 2355 1596 2389 (luni

210 2427 395 2461 daemones
421 2422 638 2462 confitentur,
666 2420 743 2453 dum
767 2420 891 2455 Judaei
918 2424 1067 2465 negant,
1095 2420 1171 2455 (lum
1197 2420 1346 2464 gentiles
1373 2421 1406 2453 in
1433 2422 1597 2464 passione

209 2492 434 2537 cognoscunt.
463 2487 575 2522 Idem:
596 2486 767 2520 dominnm
788 2485 894 2519 lleuni
914 2489 1067 2519 nostrum
1089 2486 1207 2521 Jesum
1222 2484 1391 2520 Christum
1411 2485 1465 2519 his
1487 2486 1597 2519 modis

209 2556 472 2601 cognoscimus,
515 2554 673 2593 nomine,
713 2552 912 2586 nativitate.
951 2557 1095 2591 natura,
1135 2554 1329 2595 potestate,
1365 2550 1597 2594 professione

211 2620 402 2655 Secundum
437 2629 558 2653 nomen
592 2622 645 2652 est
676 2616 855 2658 Christus,
911 2617 1002 2662 quod
1036 2618 1285 2660 interpretatur
1315 2618 1447 2648 unctus.
1520 2615 1597 2659 lpse

211 2687 300 2721 enini
327 2684 389 2717 fuit
415 2687 535 2716 unctus
567 2683 645 2716 oleo
672 2682 828 2716 laetitiae
854 2692 939 2727 prae
966 2680 1195 2726 participibus
1221 2681 1305 2713 suis.
1354 2679 1420 2713 Per
1447 2678 1510 2713 hoe
1535 2690 1596 2714 au-

211 2758 275 2787 tem
304 2748 394 2795 quod
424 2748 549 2781 (licitur
576 2751 707 2784 unctus,
736 2748 943 2789 insinuatur,
971 2746 1062 2791 quod
1087 2747 1161 2789 ipse
1189 2745 1251 2778 fuit
1277 2744 1461 2789 propheta,
1487 2745 1596 2791 pugil,
