1742 3005
238 146 292 183 90
534 147 627 198 Cap.
660 147 760 186 XlV.
826 150 885 187 De
921 149 1126 200 epiphania
1157 150 1314 188 domiui.

238 250 360 293 dimus,
381 252 532 296 inquam,
561 261 666 296 super
685 251 854 287 Judaeum
878 254 1038 298 positam.
1065 256 1128 292 Vel
1154 268 1218 292 nos
1245 258 1454 293 exsistentes
1482 257 1516 291 in
1540 267 1622 291 nos-

236 321 290 351 tra
323 318 467 362 regione
503 316 650 351 vidimus
682 317 818 352 stellam
848 319 924 364 ejus
952 321 987 354 in
1012 322 1167 365 oriente,
1212 322 1247 356 id
1274 325 1349 364 est,
1399 323 1433 356 in
1457 323 1621 371 orientali

235 386 346 427 parte.
397 381 456 416 His
484 381 620 425 verbis,
661 384 751 417 sicut
777 383 860 418 dicit
883 384 1060 432 Remigius
1083 389 1118 421 in
1144 387 1332 433 originali,
1369 372 1486 422 verum
1511 388 1618 422 homi-

235 458 310 481 nem
337 452 371 482 et
396 457 514 483 verum
538 459 656 494 regem
681 453 715 484 et
741 460 857 485 verum
883 451 988 486 Deum
1015 452 1169 488 confessi
1196 457 1286 488 sunt.
1359 453 1484 488 Verum
1510 453 1619 487 homi-

235 524 331 557 nem,
367 525 441 549 cum
468 514 647 550 dixerunt:
681 515 739 550 ubi
768 520 841 561 est,
881 519 937 563 qui
961 522 1062 553 natus
1092 519 1172 553 est?
1220 518 1344 554 Verum
1371 529 1509 565 regem,
1547 530 1621 554 euni

235 581 350 626 ajunt:
400 590 461 614 rex
486 580 710 617 Judaeorum.
760 582 887 618 Verum
911 584 1019 619 iteum
1035 614 1042 627 ‚
1091 595 1164 619 cum
1190 583 1428 630 subjungunt:
1467 587 1622 621 venimus

234 645 384 681 adorare
410 657 496 681 eum,
544 647 770 693 Praeceptum
796 651 884 684 enini
911 650 986 693 suit,
1013 655 1049 684 ut
1075 650 1188 684 nullus
1214 651 1281 684 nisi
1306 651 1402 686 solus
1415 651 1508 687 Deus
1536 652 1621 687 ado-

233 716 381 748 raretur.
453 712 521 747 Sed
549 713 705 749 Herodes
733 714 798 750 hoe
825 716 970 752 audiens
996 716 1157 751 turbatus
1185 720 1237 751 est
1259 720 1293 751 et
1318 718 1428 751 omnis
1452 717 1619 753 Jheroso-

231 779 313 813 linia
339 789 413 813 eum
439 778 512 814 illo.
573 779 719 825 Triplici
744 781 786 815 de
813 792 920 816 causa
948 793 1008 817 rex
1034 782 1194 816 turbatus
1222 787 1276 816 est
1302 786 1336 817 et
1362 784 1470 817 omnis
1496 782 1620 818 Jhero-

232 844 357 879 solima
379 854 454 879 cum
482 843 556 879 illo.
610 844 724 880 Primo
750 857 794 882 ne
818 847 945 883 ,ludaei
968 858 1087 894 regem
1111 851 1227 882 natum
1250 852 1416 893 tanquam
1442 858 1539 882 suum
1565 859 1621 883 re-

231 911 387 956 ciperent
413 913 447 946 et
472 921 509 945 se
533 914 698 957 tanquam
733 913 966 960 alienigenam
992 913 1217 958 expellerent.
1288 912 1384 948 Unde
1411 912 1620 958 Chrysosto-

232 987 324 1011 mus:
356 977 443 1011 sicut
469 987 598 1011 ramum
627 977 765 1013 arboris
791 981 825 1013 in
852 979 991 1015 excelso
1017 981 1167 1025 positum
1196 978 1283 1014 levis
1307 980 1409 1014 etiam
1436 989 1522 1014 aura
1548 990 1619 1014 mo-

232 1047 301 1087 vet,
327 1045 376 1078 sic
402 1047 436 1078 et
460 1042 625 1078 sublimes
651 1043 808 1080 homines
830 1046 863 1079 in
889 1045 1035 1081 culmine
1062 1045 1269 1092 dignitatum
1296 1046 1505 1080 exsistentes
1532 1045 1620 1081 levis

231 1110 332 1144 etiam
361 1109 454 1144 santa
484 1108 681 1145 conturbat.
754 1111 914 1147 Secundo
941 1122 982 1146 ne
1009 1121 1030 1145 a
1054 1110 1218 1146 Romanis
1244 1111 1379 1156 culpari
1405 1116 1546 1156 posset,
1590 1113 1620 1145 si

231 1176 358 1222 aliquis
385 1175 434 1210 ihi
466 1186 529 1210 rex
567 1180 772 1218 vocaretur,
824 1189 923 1223 quein
949 1177 1129 1223 Augustus
1153 1188 1221 1211 non
1247 1178 1497 1212 constituisset.
1563 1177 1620 1212 Sic

230 1243 319 1276 enim
344 1241 593 1276 ordinaverant
617 1241 782 1287 Romani,
834 1248 870 1278 ut
895 1244 1008 1277 nullus
1034 1243 1126 1277 Deus
1153 1243 1205 1278 vel
1228 1253 1289 1277 rex
1316 1244 1391 1277 sine
1425 1244 1478 1277 sui
1512 1243 1619 1279 lieen-

228 1309 279 1342 tia
304 1311 338 1343 et
362 1309 508 1353 imperio
534 1308 718 1344 diceretur.
769 1308 912 1352 Tertio,
964 1310 1144 1354 quoniam,
1195 1310 1284 1343 sieut
1307 1308 1390 1343 dicit
1413 1308 1617 1355 Gregorius,

229 1374 317 1409 coeli
343 1385 428 1421 rege
454 1377 536 1408 nato
563 1385 623 1408 rex
650 1378 766 1409 terrae
791 1375 952 1409 turbatus
979 1378 1052 1417 est,
1082 1376 1164 1420 quia
1191 1376 1349 1409 nimirum
1375 1374 1523 1410 altitudo
1546 1379 1618 1410 ter-

228 1449 313 1474 rena
337 1440 579 1485 confunditur,
630 1440 709 1475 dum
734 1440 905 1475 celsitudo
929 1441 1094 1476 eoelestis
1119 1441 1286 1486 aperitur.
1358 1440 1477 1475 Omnis
1505 1444 1616 1476 auten}

227 1505 463 1541 jherosolima
486 1518 560 1542 euni
589 1507 650 1541 illo
672 1506 816 1541 turbata
842 1511 895 1542 est
919 1507 1049 1553 triplici
1072 1506 1114 1541 de
1139 1516 1257 1541 causa.
1304 1505 1419 1541 Primo
1448 1508 1530 1552 quia
1554 1508 1616 1542 im-

228 1573 275 1617 pii
302 1572 459 1618 gaudere
483 1576 659 1619 nequeunt
685 1572 727 1607 de
759 1572 911 1607 adventu
932 1574 1039 1619 justi,
1089 1570 1262 1613 secundm
1312 1576 1349 1606 ut
1373 1574 1450 1618 regi
1475 1572 1616 1608 turbato

229 1637 468 1681 adularentur,
495 1648 559 1683 per
581 1637 647 1672 hoe
674 1637 766 1682 quod
793 1648 830 1672 se
856 1638 1015 1673 similiter
1039 1637 1198 1672 turbatos
1227 1637 1472 1681 ostenderent,
1498 1640 1616 1681 tertio,

229 1704 312 1748 qula
338 1705 427 1737 sicut
452 1714 531 1739 sese
556 1705 669 1739 ventis
695 1704 971 1738 concutientibus
997 1703 1089 1738 unda
1113 1705 1319 1746 concutitur,
1347 1704 1396 1737 sie
1423 1707 1456 1739 et
1473 1703 1617 1750 regibus

228 1769 273 1804 ad
298 1771 444 1805 invicem
470 1769 685 1805 certantibus
712 1769 862 1815 populus
887 1770 1137 1812 conturbatur,
1166 1773 1200 1804 et
1230 1768 1311 1804 ideo
1336 1779 1379 1804 ex
1404 1769 1469 1804 hoe
1493 1771 1616 1804 timue-

228 1839 326 1880 runt,
381 1846 424 1871 ne
449 1836 583 1871 scilieet
617 1837 796 1881 praesenti
822 1840 856 1871 et
880 1840 1025 1871 venturo
1050 1846 1136 1881 rege
1163 1834 1206 1869 ad
1232 1836 1376 1869 invicem
1401 1834 1615 1870 certantibus

227 1903 295 1947 ipsi
327 1901 650 1947 perturbationibus
684 1901 957 1937 involverentur.
1028 1900 1120 1936 Haec
1155 1902 1245 1935 ratio
1282 1904 1334 1935 est
1363 1900 1614 1945 Chrysostomi.

226 1967 324 2001 Tune
360 1967 516 2003 Herodes
553 1977 670 2002 onmes
702 1967 905 2003 sacerdotes
930 1971 965 2003 et
990 1966 1125 2002 scribas
1151 1976 1346 2001 convocans
1371 1965 1616 2001 sciscitabatur

227 2032 270 2068 ab
297 2035 353 2077 iis,
381 2033 441 2068 ubi
467 2032 627 2068 Christus
653 2037 866 2068 nasceretur.
915 2033 998 2069 Cum
1024 2037 1139 2067 autem
1163 2032 1206 2066 ab
1232 2033 1276 2067 iis
1305 2032 1497 2075 didicisset,
1522 2031 1614 2077 quod

226 2102 260 2134 iu
287 2099 466 2135 Betlehem
494 2099 628 2142 Judae,
663 2101 797 2135 vocatis
822 2098 867 2134 ad
893 2109 931 2134 se
957 2099 1045 2133 elam
1070 2099 1183 2145 niagiS
1209 2097 1398 2144 diligenter
1422 2097 1466 2132 ab
1492 2098 1536 2132 iis
1561 2096 1614 2131 di-

228 2165 311 2199 dicit
335 2169 470 2210 tempus
497 2165 636 2208 stellae,
662 2169 698 2199 ut
723 2165 887 2203 videlieet
912 2167 1029 2208 sciret,
1057 2165 1139 2210 quid
1166 2164 1310 2206 faceret,
1336 2165 1365 2198 si
1391 2163 1435 2198 ad
1462 2173 1500 2198 se
1520 2164 1613 2209 magi

227 2242 293 2265 non
319 2230 485 2265 redirent.
533 2231 697 2277 Dixitque
723 2233 778 2274 iis,
804 2233 944 2266 invento
971 2241 1080 2275 puero
1106 2232 1137 2265 ei
1163 2230 1421 2271 remintiarent,
1447 2228 1613 2262 simulans

227 2308 264 2332 se
290 2296 380 2331 velle
406 2296 569 2339 adorare,
598 2307 697 2341 quem
724 2296 867 2331 volebat
893 2296 1063 2331 occidere.
1108 2295 1152 2330 Et
1176 2299 1272 2337 nota,
1299 2293 1391 2339 quod
1418 2303 1493 2327 euin
1519 2295 1612 2339 magi

226 2362 492 2399 Jherosoliinain
518 2363 670 2408 ingressi
699 2362 868 2404 fuissent,
907 2361 1031 2396 stellae
1057 2361 1216 2395 ducatum
1245 2360 1454 2394 amiserunt:
1491 2363 1525 2394 et
1548 2358 1614 2393 hoc

228 2433 371 2474 propter
398 2432 468 2463 tres
490 2430 655 2463 rationes.
683 2427 810 2471 Prima,
838 2433 874 2462 ut
899 2427 940 2461 de
966 2427 1043 2462 loeo
1070 2427 1263 2462 nativitatis
1290 2424 1419 2461 Christi
1446 2434 1614 2470 quaerere

227 2498 449 2541 cogerentur,
475 2497 509 2527 ut
532 2495 581 2527 sie
609 2493 650 2529 de
678 2495 789 2539 ipsius
816 2497 892 2528 ortu
916 2493 1203 2536 certificarentur,
1228 2496 1298 2526 tam
1324 2495 1469 2537 propter
1490 2489 1613 2525 stellae

228 2561 480 2605 apparitionem
512 2570 612 2605 quani
642 2571 704 2605 per
721 2559 928 2606 prophetiae
954 2560 1200 2601 assertionem,
1225 2559 1314 2592 sieut
1338 2560 1372 2592 et
1397 2556 1523 2591 sactum
1549 2559 1612 2589 est.

229 2625 400 2659 Secunda.
429 2627 588 2670 ‹pioniant
616 2626 780 2660 auxilium
807 2629 1017 2671 ‹pulei-entes
1043 2625 1224 2659 humanum
1247 2625 1343 2668 juste
1370 2620 1516 2667 perdere
1543 2631 1612 2655 me—

228 2694 368 2724 ruerunt
396 2689 555 2724 divinum.
629 2691 771 2733 Tertia,
810 2693 971 2736 quoniam
999 2692 1101 2737 signa
1127 2688 1321 2724 infidelibus
1348 2687 1430 2721 data
1454 2690 1532 2720 sunt
1558 2696 1595 2720 se

229 2754 372 2789 rutulum
402 2756 617 2799 apostolum.
654 2756 713 2789 scd
741 2756 926 2800 prophetia
952 2755 1133 2790 fidelibus.
1173 2758 1203 2787 et
1231 2753 1308 2787 ideo
1337 2754 1472 2797 signum
1499 2751 1615 2786 datum
