1742 3005
299 88 396 137 Cap.
428 86 635 125 CLXXXI,
694 87 751 139 De
784 92 911 123 saneto
942 84 1100 135 Pelagio
1131 98 1244 137 papa.
1381 88 1461 127 833

80 192 182 226 Circa
200 200 323 226 annum
343 180 471 226 domini
486 190 703 226 DCLXXVII
722 190 946 236 Dagoberlus
964 203 1022 227 rex
1035 191 1256 236 Francorum,
1277 197 1312 228 ut
1331 196 1365 230 in
1377 206 1463 242 qua„

79 257 156 291 dam
171 256 335 292 chronica
353 257 514 300 habetur,
533 258 590 303 qui
611 257 716 303 longe
734 261 813 292 ante
825 257 981 302 Pipinum
996 262 1216 304 regnaverat,
1233 269 1254 293 a
1273 262 1325 293 sui
1345 264 1462 305 pueri-

77 324 128 357 tia
146 327 300 358 sanctum
320 323 522 367 Dionysium
547 325 581 357 in
600 333 725 369 magna
744 325 967 357 veneratione
994 324 1125 359 habero
1151 325 1287 369 coepit,
1317 337 1393 360 nam
1419 331 1464 370 et,

79 389 220 434 quando
240 388 398 423 Lotliarii
421 390 531 433 patris
552 390 606 422 sui
627 390 711 422 iram
731 390 917 431 metuebat,
939 389 982 423 ad
996 389 1468 436 ecclesiamsanetiDionysii

80 454 320 501 confugiebat.
371 455 453 488 Cum
488 464 573 499 ergo
609 454 720 487 factus
749 456 821 497 Jam
854 465 915 488 rex
952 459 1106 488 mortuus
1142 454 1288 495 fuisset,
1330 457 1467 491 cuidam

80 525 200 554 saneto
233 522 307 554 viro
341 521 374 554 in
410 521 545 554 visione
575 523 799 553 monstratum
830 524 900 559 est,
939 519 1031 564 quod
1063 520 1179 553 anima
1204 521 1279 564 ejus
1306 521 1349 554 ad
1369 522 1467 567 judi-

79 587 168 619 cium
203 590 314 631 rapta.
338 586 402 620 suit
434 589 467 620 et
495 585 592 618 multi
618 586 727 618 sancti
756 594 895 618 suarum
924 584 1149 619 ecclesiarum
1176 587 1468 630 exspoliationem

80 642 296 696 objiciebant
330 650 452 685 eidem.
503 650 584 684 Cum
620 661 705 695 ergo
741 650 820 684 mali
857 650 975 696 angeli
1004 651 1076 694 jam
1112 650 1156 684 ad
1186 662 1318 695 poenas
1345 663 1471 697 rapere

79 727 154 752 eam
182 716 333 759 vellent,
372 716 472 750 affuit
509 716 635 751 beatus
672 716 861 760 Di0n3sius
896 720 929 750 et
963 717 1038 760 ejus
1072 717 1267 751 interventu
1298 717 1471 753 liberatus

80 787 134 818 est
167 787 202 818 et
234 792 381 828 poenam
417 783 541 817 evasit.
591 781 697 816 Forte
731 783 818 816 enim
855 783 931 827 ejus
967 783 1082 815 anima
1115 781 1159 815 ad
1198 793 1326 826 corpus
1369 784 1472 818 rediit

79 853 114 884 et
150 849 198 883 ibi
233 850 481 894 poenitentiam
518 850 603 894 egit.
654 847 853 881 Clodoveus
888 858 947 881 rex
993 858 1120 891 corpus
1159 850 1269 882 sancti
1312 849 1472 894 Dionysii

80 916 190 949 minus
207 915 376 960 religiose
396 915 660 959 discooperiens
681 923 719 946 os
745 912 879 946 brachii
898 913 974 957 ejus
996 912 1103 957 fregit
1131 916 1165 947 et
1190 913 1315 957 cupide
1342 917 1471 958 rapuit,

81 982 139 1026 qui
166 991 242 1015 mox
267 983 301 1015 in
328 982 513 1015 amentiam
541 990 660 1014 versus
691 982 753 1013 est.
779 997 823 1002 —
846 997 890 1001 —
915 997 958 1001 —
986 981 1036 1014 40
1064 977 1165 1012 Circa
1191 988 1314 1012 annum
1341 979 1471 1014 domini

80 1046 336 1082 DCLXXXVII
379 1046 477 1081 Beda
510 1044 731 1080 Venerabilis
767 1043 944 1087 presbiter
980 1047 1014 1078 ct
1048 1044 1237 1078 inonachus
1273 1047 1307 1078 in
1341 1046 1472 1091 Anglia

81 1113 227 1155 claruit,
262 1114 341 1158 qui,
382 1112 464 1146 licet
496 1113 530 1145 in
562 1111 730 1155 catalogo
768 1113 967 1143 sanctorum
1000 1113 1235 1153 computetur,
1277 1114 1390 1144 tamen
1426 1112 1470 1145 ab

81 1178 235 1214 ecclesia
260 1189 328 1212 non
354 1182 515 1219 sanctus,
542 1176 604 1211 sed
633 1175 845 1210 venerabilis
874 1175 1092 1219 appellatur,
1122 1180 1155 1209 et
1182 1175 1249 1209 lioc
1271 1176 1401 1220 duplici
1429 1176 1473 1212 de

83 1254 202 1281 causa.
249 1244 366 1279 Prima
399 1248 470 1285 est,
513 1244 616 1288 quia,
657 1252 730 1275 cum
774 1251 859 1285 prae
899 1243 1005 1275 nimia
1047 1245 1225 1276 senectuto
1264 1243 1341 1287 ejus
1379 1243 1472 1277 oculi

82 1311 318 1357 caligassent,
359 1309 533 1351 babebat,
579 1312 616 1342 ut
647 1310 762 1352 ajunt,
803 1307 974 1352 quendam
1008 1307 1206 1350 ductorem,
1252 1318 1273 1341 a
1309 1319 1376 1353 quo
1411 1320 1473 1353 per

84 1377 186 1410 villas
215 1381 251 1411 et
276 1376 424 1410 castella
449 1385 487 1409 se
515 1375 591 1408 duci
622 1374 776 1408 faciebat
808 1377 842 1408 et
874 1373 1002 1418 ubique
1038 1373 1178 1407 verbum
1215 1373 1343 1408 domini
1370 1385 1473 1418 prae-

83 1441 236 1476 dicabat.
287 1442 444 1482 Quadam
472 1443 565 1482 vice,
593 1440 670 1473 dum
698 1451 761 1484 per
788 1439 959 1485 quandam
989 1439 1111 1473 vallem
1139 1441 1275 1484 magnis
1297 1439 1473 1483 lapidibus

82 1508 219 1553 plenam
251 1509 461 1549 transirent,
505 1508 581 1551 ejus
624 1505 817 1550 discipulus
861 1505 1048 1539 derisionis
1082 1515 1190 1538 causa
1227 1505 1338 1538 eidem
1373 1505 1472 1547 dixit,

83 1574 177 1620 quod
204 1574 252 1608 ibi
281 1577 377 1609 esset
402 1584 548 1619 magnus
576 1572 726 1617 populus
755 1575 1013 1616 congregatus,
1049 1573 1106 1616 qui
1133 1572 1208 1615 ejuv
1236 1569 1473 1604 praedieatio-

82 1650 158 1675 nem
185 1640 332 1674 silenter
357 1643 390 1674 et
415 1638 518 1673 avide
545 1641 781 1683 exspectaret.
829 1637 928 1671 Tunc
967 1637 1026 1671 ille
1062 1636 1239 1670 ferventer
1264 1635 1473 1680 praedicare

84 1707 278 1751 incipiens,
317 1715 391 1740 cum
428 1706 463 1738 in
499 1705 564 1739 line
601 1715 663 1749 per
695 1704 809 1737 omnia
843 1703 964 1738 sec-ula
997 1703 1192 1737 seculorum
1227 1702 1473 1744 conclusisset,

84 1782 182 1815 mox,
217 1776 254 1806 ut
290 1771 408 1816 ajunt,
447 1771 520 1804 alta
555 1781 639 1805 voce
675 1770 929 1804 clamaverunt:
965 1778 1085 1810 amen,
1120 1767 1332 1803 venerabilis
1361 1772 1472 1812 pater.

85 1837 176 1878 Quia
203 1839 312 1884 igitur
338 1836 572 1872 venerabilem
609 1847 684 1871 eum
719 1834 930 1870 miraculose
965 1834 1101 1879 lapides
1127 1838 1358 1875 vocaverunt,
1394 1833 1472 1867 ideo

85 1903 298 1939 venerabilis
326 1907 427 1948 pater
452 1902 672 1947 appellatur,
706 1901 780 1943 vel,
819 1906 855 1935 ut
880 1901 939 1935 alii
972 1903 1157 1942 asserunt,
1192 1900 1224 1934 ei
1263 1898 1382 1944 angeli
1417 1908 1473 1932 re-

85 1969 320 2014 sponderunt:
355 1968 463 2010 bene,
500 1967 713 2002 venerabilis
750 1972 868 2012 pater,
905 1967 1036 2001 dixisti.
1086 1965 1247 2001 Secunda
1277 1974 1384 1998 causa
1409 1968 1475 2005 cst,

87 2036 170 2080 quia
188 2038 270 2078 post
288 2035 365 2077 ejus
388 2038 531 2068 mortem
557 2033 696 2078 quidam
722 2033 869 2068 clericus
895 2033 963 2066 sibi
984 2031 1131 2066 devotus
1151 2030 1322 2075 quendam
1340 2039 1475 2063 versum

88 2099 193 2134 edere
217 2099 404 2144 cupiebat,
443 2109 542 2143 quem
579 2099 613 2131 in
647 2099 722 2142 ejus
756 2097 920 2131 tumulum
948 2096 1064 2130 facere
1090 2096 1202 2139 sculpi
1232 2094 1395 2135 volebat,
1427 2095 1479 2126 ita

88 2166 274 2210 incipiens:
302 2164 368 2198 hac
393 2168 472 2198 sunt
501 2165 533 2197 in
555 2162 664 2205 fossa,
693 2163 814 2196 volens
837 2172 970 2196 versum
991 2161 1109 2195 taliter
1125 2161 1331 2194 terminare:
1359 2157 1478 2192 Bedae

90 2231 201 2265 sancti
227 2239 322 2264 ossa.
373 2229 442 2264 Sed
469 2230 552 2274 quia
576 2229 681 2263 talem
709 2227 807 2263 finem
826 2237 947 2262 versus
967 2228 1171 2272 congruitas
1193 2236 1260 2259 non
1276 2223 1479 2268 patiebatur

91 2300 126 2331 et
157 2295 282 2331 sedula
315 2299 430 2330 mente
456 2295 656 2330 revolveret
686 2304 751 2328 nec
775 2304 964 2339 congruum
990 2291 1089 2326 linem
1114 2291 1260 2332 videret,
1287 2290 1365 2324 dum
1391 2298 1478 2334 qua-

92 2360 169 2395 dam
195 2364 296 2395 nocte
322 2361 461 2395 multum
481 2371 588 2405 super
604 2360 672 2394 hoc
691 2361 852 2405 cogitans
871 2369 970 2393 mane
991 2358 1035 2392 ad
1053 2357 1216 2391 tumulum
1238 2358 1478 2400 properasset,

92 2426 252 2462 manibus
278 2426 448 2471 angelicis
474 2436 609 2460 versum
642 2426 760 2460 taliter
795 2425 965 2470 sculptum
1001 2425 1133 2468 reperit
1167 2426 1200 2456 et
1233 2420 1382 2454 finitum:
1416 2418 1483 2452 hac

92 2494 236 2527 suntin
268 2491 366 2526 fossa
395 2490 514 2525 Bedae
548 2490 761 2525 venerabilis
796 2500 891 2526 ossa.
947 2489 983 2523 In
1022 2489 1077 2523 die
1117 2491 1231 2521 autem
1264 2483 1482 2518 ascensionis

93 2567 167 2592 cum
202 2558 302 2591 morti
329 2556 647 2600 appropinquaret,
685 2556 730 2589 ad
763 2556 874 2589 altare
900 2565 938 2589 se
964 2555 1098 2598 portari
1125 2553 1279 2586 faciens:
1306 2560 1428 2592 amen,
1462 2559 1482 2582 ο

96 2633 169 2662 τως,
189 2623 327 2669 gloriae
360 2622 541 2663 virtutum,
574 2630 684 2665 usque
720 2620 764 2654 ad
798 2619 896 2653 finem
929 2619 1053 2654 devote
1086 2618 1191 2659 dixit,
1228 2625 1298 2662 qna
1328 2612 1426 2649 finita
1450 2615 1484 2649 in

98 2697 185 2732 pace
225 2687 389 2724 dormivit
431 2691 618 2732 tantusque
659 2685 747 2720 odor
789 2695 908 2720 omnes
953 2683 1125 2729 perfudit,
1171 2686 1208 2716 ut
1247 2683 1282 2715 in
1320 2678 1485 2725 paradiso

1137 2748 1182 2781 53
