1742 3005
151 74 247 124 Cap.
280 73 449 113 CXXXI.
506 74 566 113 De
597 75 791 113 nativitate
822 76 954 113 beatae
984 75 1129 114 Mariae
1157 76 1325 126 virginis.
1384 75 1462 116 591

77 181 234 214 concitus
263 180 495 225 properabat.
540 180 585 216 Et
613 190 694 216 ecce
722 180 908 216 redeuutes
929 179 1039 215 eidem
1059 184 1285 215 occurrerunt
1304 184 1338 216 et
1354 182 1465 226 ipsum

75 246 316 281 strenuissime
349 246 522 281 militasse
559 246 727 284 reserant.
783 245 883 286 Quod
916 245 994 279 dum
1033 256 1170 287 omnes,
1212 246 1270 291 qui
1304 245 1465 288 aderant,

74 314 276 345 assererent
316 315 352 346 et
393 312 547 346 universi
591 323 667 346 eum
712 313 953 346 strenuissime
1003 311 1175 346 militasse
1220 311 1464 353 acclamarent,

73 386 208 410 necnon
231 380 266 410 et
291 376 431 420 quidam
447 404 455 418 ,
484 378 541 422 qui
568 387 606 411 se
627 377 670 411 ab
692 388 733 412 eo
752 381 874 421 captos
894 376 1066 415 dicebant,
1096 387 1134 411 se
1154 377 1265 412 eidem
1285 378 1464 419 offerrent,

73 441 295 486 perpendens
327 443 379 476 vir
404 441 577 476 discretus
603 442 771 476 urbanam
797 443 954 486 reginam
980 441 1114 475 urbano
1144 442 1246 475 modo
1282 452 1320 476 se
1353 442 1464 476 liono-

74 516 192 548 rasse,
233 506 315 552 quid
342 506 527 547 acciderit,
565 506 801 540 manifestavit
825 510 859 540 et
884 505 928 539 ad
955 509 1201 541 monasterium
1226 506 1366 541 rediens
1393 507 1463 541 lilio

72 572 220 617 virginis
247 572 290 606 de
314 576 455 606 caetero
481 571 656 606 militavit.
682 591 725 596 —-
748 590 795 595 --
818 591 861 595 -—
895 575 943 608 3.
976 570 1173 616 Episcopus
1206 572 1366 616 quidam,
1404 574 1464 617 qui

72 637 209 671 beatam
245 636 394 671 Mariam
431 637 465 687 in
490 646 622 670 summa
647 638 845 671 reverentia
871 640 905 671 et
933 636 1119 671 devotione
1144 637 1319 680 habebat,
1353 649 1463 684 quan-

72 701 149 735 dam
174 702 357 736 ecclesiam
385 701 509 736 beatae
535 701 673 736 Mariae
699 703 732 736 in
766 707 866 736 nocte
899 702 1013 736 media
1046 713 1088 736 ex
1123 702 1308 738 devotione
1340 704 1463 738 adibat

69 772 105 803 ct
129 777 208 802 ecce
236 768 336 812 virgo
374 768 546 812 virginum
583 769 748 802 comitata
781 769 944 801 universo
973 769 1142 813 virginum
1171 769 1278 803 choro
1311 772 1461 804 venienti

70 835 144 868 viro
179 834 331 867 occurrit
365 836 400 866 et
429 842 503 866 cum
542 842 672 867 summo
708 832 842 866 honore
877 838 1077 877 susceptum
1106 833 1151 866 ad
1178 835 1380 876 ecclesiam,
1417 836 1460 869 ad

10 883 13 911 [
68 908 168 944 quam
200 897 388 938 tendebat,
431 897 560 932 ducere
606 900 722 942 coepit
762 898 1045 942 praecinentibus
1090 897 1226 933 duabus
1266 899 1308 934 de
1352 899 1459 935 choro

68 963 194 1008 puellis
221 968 327 1008 atque
352 962 568 996 dicentibus:

289 1026 474 1062 Cantemus
501 1027 662 1069 domino,
695 1030 834 1070 sociae,
860 1033 1036 1063 cantemus
1061 1029 1241 1071 honorem,

286 1082 408 1117 Dulcis
435 1092 532 1117 amor
559 1084 689 1118 Christi
717 1089 859 1119 resonet
885 1095 945 1119 orc
972 1086 1041 1129 pio.

9 1202 11 1206 Α
66 1161 161 1201 Quos
185 1170 308 1194 versus
334 1163 428 1194 totus
454 1160 543 1194 alius
571 1160 698 1195 chorus
725 1163 897 1207 virginum
921 1161 1130 1196 resumendo
1152 1166 1335 1206 percantat
1355 1174 1457 1208 prae-

64 1226 248 1272 dictaeque
270 1226 376 1261 binae
403 1227 612 1261 cantatrices
637 1226 762 1270 hin0s‚
795 1229 854 1272 qui
881 1231 1092 1272 sequuntur,
1128 1229 1163 1261 in
1189 1228 1310 1263 ordine
1337 1240 1457 1264 versus

9 1295 12 1299 ’
63 1292 301 1339 subsequutae
327 1295 424 1326 sunt:

279 1357 413 1392 Primus
442 1357 487 1392 ad
512 1359 580 1392 ima
606 1359 677 1391 ruit
704 1368 834 1403 magua
859 1358 901 1393 de
927 1359 1004 1394 luce
1030 1359 1216 1404 superbus,

279 1412 338 1447 Sic
363 1412 465 1447 homo
492 1424 566 1447 cum
596 1416 738 1455 tumuit,
767 1416 898 1458 primus
926 1415 970 1448 ad
999 1416 1067 1449 ima
1094 1417 1173 1449 ruit.

63 1490 192 1536 Sicque
229 1491 338 1524 virum
374 1490 437 1525 Dei
472 1500 546 1524 cum
580 1490 642 1524 tali
674 1493 901 1534 processione
936 1502 1047 1536 usque
1080 1492 1124 1525 ad
1157 1492 1339 1527 ecclesiam
1375 1504 1453 1538 per-

62 1555 234 1590 duxerunt
265 1554 400 1589 duabus
434 1565 571 1600 semper
603 1556 850 1600 incipientibus
892 1561 926 1591 et
956 1558 1105 1591 caeteris
1144 1558 1452 1602 respondentibuS.

9 1630 13 1643 ·
61 1640 105 1646 -
130 1639 225 1646 ——-
242 1624 292 1658 4.
312 1620 487 1660 Quaedam
515 1621 638 1655 mulier
663 1621 791 1655 solatio
820 1623 883 1656 viri
910 1625 963 1657 sui
990 1623 1159 1658 destituta
1185 1626 1320 1657 unicum
1347 1624 1454 1659 silium

62 1685 229 1728 habebat,
256 1696 355 1732 quem
381 1687 566 1721 tenerrime
593 1686 776 1732 diligebat.
828 1688 985 1727 Quadam
1013 1693 1127 1723 autem
1153 1690 1229 1723 vice
1256 1689 1346 1723 lilius
1373 1692 1451 1734 ejus

61 1751 104 1785 ab
126 1752 274 1785 inimicis
293 1753 429 1796 capitur
448 1755 482 1786 et
497 1753 530 1786 in
545 1752 706 1786 custodia
729 1758 931 1788 carceratur
947 1759 981 1789 ct
1008 1755 1215 1790 vinculatur.
1264 1755 1364 1794 Quod
1389 1755 1453 1790 illa

60 1817 206 1851 audieus
231 1817 537 1852 inconsolabiliter
561 1817 669 1852 flebat
695 1823 729 1853 ct
754 1818 891 1853 beatam
919 1821 1110 1865 virginem,
1138 1821 1193 1854 cui
1221 1820 1360 1854 multum
1389 1820 1451 1856 ‹le-

60 1886 141 1917 vota
167 1887 260 1924 erat,
286 1893 349 1928 pro
375 1883 586 1918 liberatione
613 1882 675 1917 filii
700 1885 905 1928 importunis
933 1885 1096 1930 precibus
1122 1885 1304 1920 exorabat.
1353 1886 1450 1920 Tan-

60 1947 136 1981 dem
171 1948 314 1990 videns‚
359 1948 453 1994 quod
488 1950 540 1983 sic
572 1949 661 1983 nihil
693 1950 900 1994 proficeret,
943 1951 1150 1992 ecclesiam,
1193 1952 1226 1985 in
1270 1962 1340 1997 qua
1375 1957 1451 1987 erat

59 2011 198 2056 sculpta
221 2013 337 2057 imago
363 2013 489 2048 beatae
513 2014 664 2056 Mariae,
692 2015 770 2048 sola
796 2017 942 2050 intravit
969 2020 1002 2050 et
1028 2025 1144 2050 coram
1171 2017 1323 2061 imagine
1349 2021 1448 2050 stans

10 2075 11 2078 ’
58 2079 170 2122 ipsam
201 2077 254 2110 sic
288 2076 480 2120 alloquitur
503 2076 643 2111 dicens:
681 2080 782 2123 virgo
808 2078 930 2119 beata,
967 2090 1030 2123 pro
1057 2079 1268 2115 liberatione
1293 2081 1356 2115 filii
1381 2083 1449 2116 mei

57 2146 93 2177 te
136 2151 244 2186 saepe
277 2142 403 2186 rogavi
447 2144 481 2175 et
513 2140 627 2175 adhuc
662 2152 882 2188 nequaquam
920 2145 1021 2177 matri
1052 2145 1200 2178 miserae
1237 2145 1446 2188 subvenisti,

57 2208 288 2252 patrocinium
317 2210 413 2240 tuum
447 2216 510 2251 pro
545 2206 614 2240 filio
650 2218 726 2242 mco
758 2209 905 2252 imploro
940 2213 974 2244 et
1013 2209 1142 2243 nullum
1182 2209 1296 2245 adbuc
1330 2213 1445 2245 sentio

58 2272 217 2307 fructum.
274 2271 406 2318 Igitur,
443 2273 532 2306 sicut
566 2272 656 2306 filius
692 2284 788 2308 meus
826 2273 908 2307 mihi
941 2274 1082 2310 ablatus
1116 2279 1187 2317 cst,
1223 2277 1274 2309 sic
1307 2280 1342 2311 et
1376 2287 1443 2323 ego

57 2337 162 2371 silium
194 2342 288 2372 tuum
321 2337 387 2371 tibi
419 2336 574 2372 auferam
610 2343 644 2373 et
677 2324 838 2374 obsidem
870 2350 932 2384 pro
967 2339 1038 2374 filio
1074 2351 1150 2375 meo
1188 2342 1220 2375 in
1249 2342 1442 2377 custodiam

56 2413 195 2448 ponam.
242 2401 286 2437 Et
309 2402 398 2438 haec
422 2402 542 2438 dicens
567 2405 712 2450 propius
739 2407 890 2440 accessit
914 2409 948 2440 et
973 2406 1158 2451 imaginem
1186 2407 1304 2450 pueri,
1340 2417 1443 2452 quam

55 2470 157 2516 virgo
190 2471 226 2503 in
261 2470 396 2515 gremio
432 2467 638 2514 bnjulabat,
683 2469 848 2506 auferens
890 2469 1026 2504 domum
1072 2469 1161 2504 abiit
1193 2472 1442 2518 accipiensque

57 2535 241 2581 imaginem
274 2536 374 2580 pueri
409 2535 522 2579 ipsam
554 2535 588 2568 in
618 2534 726 2570 linteo
764 2535 990 2570 mundissimo
1024 2535 1171 2570 involvit
1206 2540 1240 2570 et
1275 2537 1310 2570 in
1335 2536 1442 2572 archa

54 2599 246 2635 recondens
271 2602 383 2646 ipsam
408 2610 482 2634 cum
507 2600 606 2635 clave
632 2601 836 2648 diligentius
872 2600 1084 2643 obfirmavit,
1119 2600 1247 2635 bonum
1280 2601 1438 2637 obsidem

53 2675 117 2709 pro
152 2664 224 2700 tilio
258 2675 322 2701 suo
357 2665 487 2702 habere
520 2665 678 2712 gaudens
712 2671 746 2702 et
779 2669 890 2712 ipsum
917 2666 1107 2713 diligenter
1132 2666 1346 2702 custodiens.
1395 2666 1437 2702 Et
