1742 3005
264 111 348 151 5⁴4
512 113 605 163 Cap.
642 112 816 150 CXXlll.
877 112 935 149 De
968 117 1097 148 sancto
1129 110 1414 148 Bartholomeo.

265 217 422 253 tradidit.
472 217 642 251 Dormivlt
676 217 710 250 ln
743 214 882 251 Albana
914 217 1054 251 civitate
1088 227 1236 263 magnae
1261 217 1447 253 Armeniae
1474 215 1658 252 crucifixus

266 283 428 317 deorsum
455 286 559 327 caput
584 280 732 319 habens.
779 280 911 316 Beatus
937 286 1053 316 autem
1077 281 1292 317 Theodorus
1325 282 1430 326 dicit,
1466 282 1561 328 quod
1596 282 1660 317 fuit

264 349 477 383 excoriatus.
524 346 561 381 In
593 347 710 382 multis
743 350 856 382 autem
890 347 992 382 libris
1019 347 1170 394 legitur,
1206 347 1299 393 quod
1332 352 1463 383 tantum
1498 348 1563 383 suit
1597 349 1659 384 de-

263 413 427 448 collatus.
476 413 569 448 Haec
595 418 709 449 autem
740 415 974 448 contrarietas
1008 414 1129 449 taliter
1153 414 1243 448 solvi
1269 417 1404 459 potest,
1443 418 1481 448 ut
1513 414 1659 454 dicatur,

265 480 358 526 quod
384 482 494 525 primo
521 479 706 515 crucifixus
731 480 813 523 fuit,
850 479 978 515 deinde
1018 484 1203 526 antequam
1238 483 1452 522 moreretur,
1489 478 1532 514 de
1559 490 1661 515 cruce

266 546 332 581 suit
355 547 539 592 depositus
578 550 611 581 et
649 546 692 580 ol)
719 548 885 592 maJorem
911 548 1101 581 cruciatum
1129 546 1193 580 fuit
1219 547 1444 587 excoriatuS‚
1482 549 1660 590 postremo

263 614 380 657 eapite
413 616 605 648 truncatus.
632 633 674 639 —
703 633 742 637 —
776 631 816 638 —
860 616 906 650 2.
945 612 1046 647 Anno
1081 612 1211 647 domini
1250 611 1455 647 CCCXXXI
1492 611 1660 646 Saraceni

269 682 299 722 ι>
312 680 466 714 Siciliam
494 679 698 713 invadentes
723 678 963 723 Liparitanam
989 678 1157 720 insulam,
1194 678 1254 712 ubi
1281 688 1409 722 corpus
1435 679 1547 712 sancti
1571 677 1658 713 Bar-

262 745 432 779 tholomei
459 745 682 789 quiescebat,
717 747 941 777 vastaverunt
971 753 1011 777 ac
1045 745 1121 788 ejils
1150 744 1372 789 sepulchrum
1396 744 1659 790 confringentes

264 821 349 845 ossa
375 811 450 855 ejus
478 810 734 854 disperserunt.
781 808 866 842 Nam
900 808 943 842 ad
978 809 1066 844 hanc
1101 810 1249 843 insulam
1282 820 1408 854 corpus
1438 811 1515 855 ejus
1540 809 1660 844 taliter

264 878 308 912 de
333 876 433 910 India
461 875 648 910 advenisse
674 873 892 918 perhibetur,
942 874 1024 909 Cum
1051 875 1139 909 enim
1166 876 1295 920 pagani
1315 879 1461 919 propter
1478 877 1658 920 signorum

265 943 497 988 frequentiam
525 940 681 975 viderent
705 950 832 984 eorpus
860 941 936 984 ejus
969 940 1152 985 plurimum
1185 941 1366 982 venerari,
1400 940 1574 986 indignati
1606 941 1659 974 lo-

263 1009 342 1044 culo
367 1007 528 1053 plumbeo
554 1008 750 1050 impositum
776 1007 810 1039 in
836 1015 930 1041 mare
958 1008 1290 1051 praecipitaverunt,
1321 1006 1414 1052 quod
1433 1006 1551 1041 divino
1576 1010 1659 1041 nutu

265 1075 311 1110 ad
346 1074 492 1108 insulam
529 1072 745 1117 praedictam
781 1071 935 1106 devenit.
985 1072 1068 1107 Cum
1103 1074 1212 1118 igitur
1247 1072 1414 1108 Saraceni
1463 1074 1539 1118 ejus
1575 1083 1659 1107 ossa

265 1141 537 1185 dispersissent,
564 1138 634 1172 illis
660 1137 905 1172 recedentibus
932 1139 1097 1182 apparuit
1121 1139 1303 1183 apostolus
1329 1139 1463 1173 cuidam
1485 1138 1658 1173 monacho

265 1208 404 1242 dicens:
436 1215 544 1251 surge
566 1208 600 1239 et
622 1204 752 1250 collige
778 1213 861 1238 ossa
892 1213 988 1246 mea,
1024 1214 1112 1249 quae
1145 1204 1306 1248 dispersa
1339 1209 1429 1239 sunt.
1480 1204 1542 1238 Cui
1576 1204 1658 1238 ille:

265 1284 333 1319 qua
357 1274 494 1307 ratione
529 1281 614 1306 ossa
644 1274 705 1305 tua
744 1270 915 1315 colligere
941 1273 1000 1303 aut
1025 1269 1175 1314 aliquem
1202 1270 1265 1304 tibi
1293 1270 1459 1305 honorem
1489 1269 1658 1304 exhibere

265 1340 452 1381 debemuS,
480 1348 553 1372 cum
582 1348 645 1371 nos
673 1336 783 1372 deleri
808 1337 1013 1381 permiseris
1039 1345 1100 1370 nec
1116 1335 1281 1369 auxilium
1301 1336 1402 1370 nobis
1420 1335 1659 1381 impenderis?

264 1406 326 1441 Cui
353 1406 430 1440 ille:
464 1415 527 1450 per
561 1404 699 1438 multum
734 1404 902 1447 temporis
936 1404 1021 1437 meis
1057 1403 1189 1436 meritis
1225 1401 1384 1435 dominus
1422 1401 1552 1446 populo
1579 1401 1659 1435 huic

263 1473 440 1518 pepercit,
483 1470 544 1505 sed
582 1481 699 1505 eorum
724 1471 885 1515 'peccatis
922 1470 1022 1503 nimis
1066 1467 1361 1503 invalescentibus
1402 1471 1436 1502 et
1467 1477 1579 1513 usque
1613 1466 1657 1501 ad

262 1537 395 1571 coelum
429 1536 660 1571 clamantibus
689 1537 762 1582 jam
797 1547 860 1581 pro
899 1537 943 1570 iis
981 1547 1049 1570 non
1076 1536 1175 1580 potui
1203 1535 1336 1569 veniam
1365 1534 1536 1569 obtinere.
1587 1532 1657 1568 Sed

261 1612 336 1636 cum
363 1602 553 1636 monachus
580 1602 723 1642 diceret,
751 1601 925 1647 quomodo
946 1603 1037 1637 inter
1061 1606 1113 1635 tot
1132 1601 1278 1635 aliorum
1297 1610 1380 1635 ossa
1405 1610 1469 1635 sua
1495 1599 1654 1646 quando-

263 1678 330 1713 que
355 1668 512 1702 invenire
539 1671 680 1711 posset,
706 1669 773 1701 ait:
807 1673 909 1702 nocte
937 1668 981 1702 ad
1010 1678 1051 1703 ea
1084 1667 1289 1713 colligenda
1314 1667 1381 1701 ibis
1407 1671 1442 1702 et
1466 1677 1529 1710 ea,
1566 1676 1656 1712 quae

261 1739 299 1769 ut
326 1736 440 1780 ignem
467 1732 690 1778 splendentia
723 1732 870 1775 videris,
910 1736 1069 1778 protinus
1103 1733 1192 1768 haec
1228 1733 1374 1768 levabis.
1426 1733 1492 1774 Qui
1528 1733 1655 1773 omnia,

261 1805 298 1835 ut
315 1800 462 1841 dixerat,
489 1800 669 1833 inveniens
689 1798 841 1843 apostoli
867 1808 951 1832 ossa
975 1799 1108 1833 levavit
1139 1802 1172 1832 et
1198 1809 1305 1842 super
1332 1798 1504 1844 quandam
1532 1808 1652 1832 navem

260 1865 500 1900 conscendens
522 1864 768 1905 Beneventum,
798 1873 888 1909 quae
916 1863 1177 1908 estmetropolis
1199 1863 1363 1907 Apuliae,
1391 1873 1433 1897 ea
1461 1862 1651 1896 transtulit.

261 1932 360 1966 Nunc
384 1934 496 1965 autem
523 1930 668 1971 dicitur,
698 1929 789 1975 quod
818 1930 888 1963 sint
912 1929 1061 1967 Romae,
1099 1929 1181 1963 licet
1205 1928 1445 1963 Beneventani
1472 1939 1510 1963 se
1537 1928 1651 1962 adhue

261 2007 389 2042 corpus
425 1996 509 2030 illud
544 1995 675 2030 hahere
703 1985 886 2029 al'lirmen't.
913 2014 955 2021 —
981 2016 1023 2020 -
1046 2015 1085 2020 -—
1126 1999 1173 2031 3.
1207 1994 1287 2029 Cum
1325 1994 1494 2040 quaedam
1530 1993 1654 2027 mulier

261 2073 320 2097 vas
345 2063 481 2107 plenum
509 2062 587 2095 oleo
614 2060 811 2102 attulisset,
845 2064 882 2097 ut
915 2062 948 2094 in
975 2060 1168 2105 lampadem
1203 2060 1295 2095 beati
1322 2059 1560 2094 Bai-tholomei
1586 2070 1650 2104 po—

260 2133 418 2169 neretur,
446 2131 749 2172 quantumcunque
777 2135 837 2159 vas
863 2135 971 2170 super
996 2126 1190 2172 lampadem
1216 2127 1443 2167 inclinarent,
1467 2125 1514 2159 nil
1543 2135 1585 2159 ex
1610 2135 1652 2159 eo

259 2196 356 2229 exire
381 2192 540 2233 valebat,
570 2202 645 2226 cum
668 2196 782 2226 tamen
809 2191 942 2238 digitos
970 2193 1003 2226 in
1029 2203 1090 2227 vas
1116 2194 1293 2227 mitterent
1329 2196 1363 2226 et
1397 2191 1509 2226 oleum
1547 2191 1653 2236 liqui-

262 2260 339 2294 dum
357 2261 494 2293 omnino
511 2258 707 2302 palparent,
734 2261 813 2291 tunc
832 2258 969 2303 quidam
993 2258 1220 2293 exclamavit:
1248 2262 1343 2303 puto,
1370 2257 1462 2302 quod
1486 2255 1650 2301 apostolo

258 2329 438 2370 acceptum
473 2334 540 2357 non
577 2328 650 2365 est,
691 2327 727 2357 ut
761 2322 828 2357 hoc
861 2323 973 2358 oleum
1009 2326 1042 2358 in
1076 2335 1173 2359 suam
1206 2314 1399 2369 lampadem
1436 2321 1651 2357 infundatur,

259 2393 483 2437 Quapropter
517 2391 549 2423 in
584 2390 687 2423 aliam
716 2388 910 2433 lampadem
939 2389 1140 2424 infuderunt
1174 2394 1207 2424 et
1232 2391 1391 2435 protinus
1417 2388 1530 2422 oleum
1556 2395 1650 2421 ema-

259 2459 365 2492 navit.
403 2477 442 2482 -
480 2475 524 2480 -—-
559 2475 598 2480 —-
645 2458 694 2492 4.
728 2455 809 2489 Cum
857 2456 1048 2499 imperator
1084 2454 1285 2490 Fridericns
1317 2454 1554 2490 Beneventum
1589 2451 1650 2485 de-

260 2528 413 2558 strueret
442 2526 477 2557 et
509 2530 627 2555 omnes
661 2520 848 2559 ccclesias,
879 2531 969 2565 quae
1003 2520 1130 2556 ibidem
1167 2525 1284 2563 erant,
1319 2520 1410 2554 dirui
1438 2517 1649 2555 mandasset,

261 2590 435 2623 civitatem
470 2592 577 2622 totam
611 2585 654 2621 ad
688 2586 793 2620 alium
831 2585 941 2621 locum
968 2587 1162 2623 transferre
1189 2586 1393 2626 intendens,
1426 2584 1477 2618 vir
1509 2581 1648 2627 qnidam

331 2730 427 2763 l)1⁴1‹l.
450 2733 490 2756 l'r.
513 2731 601 2756 ›ml-u
630 2730 817 2757 citu-iam.
