1742 3005
404 105 498 154 Cap.
530 103 705 140 LXXltl.
774 102 831 138 De
876 108 1004 137 saneto
1035 100 1178 150 spiritu.
1401 99 1481 136 329

90 213 123 243 et
146 208 372 243 renovatione
396 209 541 253 spiritus
566 209 690 242 mentis
718 217 814 242 meae
841 207 1003 252 percepi,
1029 208 1212 251 utcumque
1239 207 1390 250 speeiem
1418 206 1479 242 ile-

91 275 182 308 eoris
207 274 283 319 ejus
311 278 404 309 etex
432 274 586 307 contuitu
613 273 733 308 horum
760 266 921 308 omuium'
936 273 1061 317 expavi
1082 271 1331 306 multitudinem
1348 274 1481 318 magui—

88 338 220 374 tudinis
259 340 346 384 ejus.
395 338 486 373 Haec
509 338 720 373 Bernartius.
768 338 895 373 Missio
921 342 1035 372 autem
1063 337 1212 371 visibilis
1236 342 1307 380 est,
1347 348 1422 372 eum
1450 341 1481 372 in

90 405 208 450 aliquo
233 406 336 451 signo
362 405 493 439 visibili
519 404 725 439 ostenditur.
774 402 815 437 Et
847 402 1056 443 notandum,
1092 402 1183 446 quod
1212 405 1244 436 iu
1277 404 1484 448 quintuplici

92 472 210 515 speeie
231 471 364 505 visibili
388 472 532 516 spiritus
557 474 698 503 sanetus
726 472 936 501 monstratus
965 471 1027 501 est.
1076 467 1188 501 Primo
1217 469 1250 502 in
1276 456 1397 512 specie
1422 480 1481 503 co-

92 536 229 571 tumbae
262 546 369 581 super
401 535 575 571 Christum
607 533 843 577 baptizatum3
877 532 992 566 Lucas
1026 531 1091 565 111:
1123 532 1307 567 deseendit
1339 536 1482 578 spiritus

93 605 234 636 sanetus
259 600 435 646 corporali
460 600 579 644 speeie
605 600 696 633 sieut
722 598 882 632 columba
900 599 932 631 in
952 599 1076 642 ipsum.
1126 598 1287 633 Secundo
1307 602 1340 634 in
1366 603 1484 645 speeie

93 667 196 702 nubis
211 666 350 700 lucidae
377 675 483 710 super
499 664 675 699 Christum
699 663 1004 709 transfigui·atun1;
1028 664 1137 699 Math.
1164 664 1278 699 xvii:
1305 666 1427 712 adhue¹
1443 678 1483 702 eo

94 733 258 778 loquente
284 741 366 766 eece
391 729 647 766 nubesilueida
674 728 894 763 obumbravit
911 740 983 764 eos.
1033 729 1096 765 Ubi
1118 730 1202 765 ‹lic-it
1224 730 1372 767 Glossa:
1398 736 1487 768 sieut

94 799 288 844 baptizatio
314 796 454 831 domino
482 798 533 830 sie
562 799 596 830 et
628 794 853 841 glorificatio.
896 794 1100 840 Mysten-iuni
1137 802 1283 831 sanctae
1316 800 1484 833 trinitatis

95 863 251 899 ostendit
276 864 419 908 spiritus
446 866 588 896 sanetus
616 862 664 896 ibi
691 862 725 895 in
752 861 929 903 columba,
969 861 1023 895 hie
1044 863 1078 895 in
1100 862 1191 897 nube
1216 863 1343 898 lui-ida.
1395 865 1485 900 Ter-

95 931 145 964 tio
174 931 208 963 in
232 930 351 974 speeie
375 928 500 970 flatus3
536 926 681 963 Johann.
708 926 795 960 XX:
832 927 1025 960 insufflavit
1062 931 1095 961 et
1122 927 1210 962 dixit
1238 930 1299 965 iis,
1335 931 1487 975 accipite

97 996 255 1040 spiritum
287 998 442 1028 sanctum
478 997 542 1028 etc.
592 992 723 1032 Quarto
761 993 794 1026 in
827 994 946 1037 speeie
981 994 1086 1039 ignis.
1136 994 1261 1034 Quinto
1300 996 1333 1030 iu
1369 998 1488 1041 speeie

96 1061 250 1107 linguae.
275 1058 318 1094 Et
337 1060 372 1093 in
394 1059 461 1093 hac
482 1058 612 1103 duplici
634 1060 752 1104 specie
773 1060 937 1103 apparuit
958 1058 1130 1094 hodierna
1146 1060 1214 1095 (lie,
1263 1060 1346 1095 Ideo
1374 1066 1487 1096 autem

98 1128 131 1160 in
158 1126 224 1160 hae
251 1125 459 1171 quintuplici
484 1126 604 1170 speeie
629 1135 742 1159 rerum
769 1129 981 1158 monstratus
1010 1130 1084 1167 est,
1122 1131 1158 1160 ut
1190 1127 1292 1161 detur
1323 1128 1488 1174 intelligi,

98 1191 191 1237 quod
216 1191 337 1225 harum
364 1201 478 1226 rerum
505 1191 742 1235 proprietates
769 1197 935 1235 operatur
959 1194 992 1226 iu
1024 1192 1210 1235 cordibus,
1246 1194 1372 1238 quibus
1408 1195 1486 1228 illa-

98 1257 202 1293 bitur.
248 1257 363 1292 Primo
380 1260 594 1291 monstratus
618 1261 671 1291 est
695 1257 729 1290 in
757 1259 877 1301 specio
896 1257 1088 1292 columbae.
1138 1258 1306 1294 Columba
1323 1262 1488 1305 gemitum

100 1334 163 1368 pro
196 1327 300 1358 eantu
332 1322 462 1365 habet,
499 1322 580 1357 felle
608 1327 724 1365 caret,
763 1325 796 1356 iu
833 1324 1062 1359 foraminibus
1102 1328 1223 1369 petrae
1256 1331 1381 1360 manet.
1431 1328 1490 1361 Sie

101 1390 246 1434 spiritus
272 1392 413 1423 sanctus
440 1388 543 1430 illos,
579 1398 667 1433 quos
695 1389 826 1433 replet,
855 1389 939 1423 facit
962 1400 1025 1434 pro
1053 1392 1126 1424 suis
1156 1393 1310 1435 peccatis
1336 1403 1489 1437 gemere,

101 1454 160 1489 Ys.
185 1453 286 1489 LIX:
321 1456 498 1499 rugiemus
534 1455 634 1498 quasi
671 1456 743 1488 ursi
779 1466 896 1489 omnes
928 1460 963 1490 et
986 1457 1087 1500 quasi
1112 1456 1293 1492 columbae
1318 1458 1489 1493 meditan-

101 1526 154 1555 tes
180 1530 370 1566 gememus.
420 1519 575 1554 Corinth.
605 1519 697 1555 Vlll:
731 1522 806 1565 ipse
842 1522 988 1566 spiritus
1024 1521 1180 1565 postulat
1211 1523 1402 1567 pronubis
1426 1535 1489 1570 ge<

101 1586 241 1621 mitibus
268 1585 585 1628 inenarrabilibus,
622 1585 657 1619 id
686 1590 759 1628 est,
790 1597 854 1620 nos
882 1587 1101 1631 postulantes
1128 1592 1162 1622 et
1187 1571 1366 1634 gementes
1394 1590 1492 1626 t'aeit.

102 1651 263 1688 Secundo
289 1653 364 1686 sine
389 1651 472 1686 selle
498 1651 738 1685 amaritudinis
771 1662 859 1704 esse.
909 1652 1065 1697 Sapient.
1093 1652 1174 1687 Xll:
1204 1665 1223 1688 ο
1252 1665 1354 1700 quam
1380 1657 1493 1690 bonus

104 1723 138 1754 et
160 1720 280 1753 suavis
304 1721 378 1759 est,
412 1716 570 1759 domine,
606 1718 751 1762 spiritus
786 1722 864 1752 tuus
892 1719 925 1752 in
949 1718 1062 1754 nobis.
1110 1719 1194 1754 Item
1222 1721 1300 1756 eod.
1327 1721 1404 1756 Vll:
1431 1732 1493 1756 vo<

102 1788 201 1818 eatur
226 1783 366 1825 suavis,
401 1781 596 1828 benignus,
637 1783 807 1818 humanus
835 1795 876 1819 ex
903 1795 964 1827 eo,
1003 1785 1097 1830 quod
1122 1796 1272 1829 suaves,
1307 1787 1494 1834 benignos.

103 1850 272 1884 humanos
297 1848 422 1882 faciat:
448 1858 575 1882 suaves
602 1849 634 1882 in
662 1859 848 1892 sermone,
874 1850 1048 1897 benignos
1076 1853 1110 1886 in
1137 1853 1240 1888 eorde
1267 1858 1301 1888 et
1325 1853 1495 1888 humanos

104 1917 140 1950 in
165 1925 283 1960 opere.
333 1913 457 1949 Tertio
483 1915 518 1949 in
542 1919 666 1959 petrae
692 1914 943 1959 foraminibus,
982 1917 1015 1951 id
1044 1923 1119 1961 est,
1153 1920 1188 1953 in
1216 1918 1347 1953 Christi
1373 1919 1493 1954 vulne-

106 1980 202 2034 ribus
226 1979 401 2016 habitare.
447 1980 581 2014 Cantie.
606 1979 652 2014 11:
681 1991 788 2026 surge
815 1983 926 2016 amica
954 1993 1041 2026 mea,
1069 1995 1202 2029 sponsa
1225 1995 1315 2027 mea,
1342 1990 1377 2019 et
1404 1987 1495 2020 veni.

105 2045 267 2080 columba
291 2053 378 2078 mea.
429 2043 574 2079 Glossa:
611 2045 733 2080 fovens
764 2046 848 2080 mihi
874 2048 989 2092 pullos
1015 2060 1110 2083 meos
1148 2050 1325 2084 infusione
1351 2051 1495 2094 spiritus

107 2112 242 2152 sancti3
269 2111 306 2144 in
333 2108 560 2143 foraminibus
584 2114 717 2153 petrae,
743 2109 889 2145 Glossa:
915 2114 949 2145 in
971 2113 1102 2147 Christi
1120 2114 1321 2148 vulneribus
1380 2114 1496 2149 Thre-

108 2187 182 2211 nor.
217 2175 348 2210 ultim.:
382 2175 527 2219 spiritus
560 2176 634 2208 oris
667 2176 779 2209 nostri
815 2176 976 2211 Christus
1012 2178 1170 2213 dominus
1204 2184 1326 2225 captus
1370 2185 1424 2215 est
1465 2182 1498 2215 iu

108 2242 262 2286 peccatis
286 2241 438 2282 nostris,
476 2241 532 2274 eui
561 2239 731 2283 diximuS,
769 2243 804 2275 in
839 2242 961 2277 umbra
993 2248 1053 2278 tua
1081 2243 1234 2279 vivemus
1260 2247 1295 2280 in
1320 2246 1498 2292 gentibus,

110 2306 212 2351 quasi
236 2304 350 2339 dieat:
375 2306 520 2349 spiritus
548 2311 704 2349 sanetus,
733 2308 792 2352 qui
820 2312 874 2342 est
898 2309 970 2342 oris
996 2311 1130 2351 nostri,
1158 2311 1252 2357 quod
1279 2322 1319 2346 os
1344 2317 1499 2345 nostrum

111 2376 165 2406 est
192 2369 352 2405 Christus
379 2369 559 2413 dominus,
594 2373 676 2417 quia
712 2377 767 2407 est
798 2383 838 2407 os
871 2379 1025 2409 nostrum
1061 2380 1095 2410 et
1130 2386 1212 2410 caro
1247 2381 1379 2418 nostra,
1417 2376 1499 2411 saeit

112 2447 174 2471 nos
201 2435 319 2470 dicere
345 2434 505 2469 Christo:
552 2437 586 2470 in
611 2436 732 2471 umbra
756 2442 837 2480 tua,
864 2438 899 2472 id
926 2444 999 2481 est,
1023 2440 1058 2474 in
1082 2442 1249 2485 passione
1275 2446 1347 2483 tua,
1374 2444 1408 2476 iu
1434 2454 1501 2488 qua

113 2501 274 2537 Christus
301 2500 367 2535 suit
388 2499 598 2535 tenebrosus
634 2505 668 2536 et
703 2502 909 2547 despectus,
946 2505 1096 2539 vivemus
1132 2517 1195 2549 per
1214 2509 1336 2552 Jugem
1374 2518 1501 2542 memo-

114 2569 211 2601 riam.
261 2566 424 2602 Secundo
459 2569 672 2600 monstratus
707 2572 760 2601 est
797 2569 830 2601 iu
872 2569 991 2612 speeie
1026 2570 1141 2604 nubis.
1188 2571 1306 2606 Nubes
1347 2583 1368 2606 a
1408 2577 1503 2607 terra

117 2631 284 2674 elevatur,
300 2631 522 2677 refrigerium
541 2636 699 2676 praestat
715 2636 749 2667 et
766 2632 915 2677 pluviam
934 2639 1099 2680 generat:
1121 2637 1171 2670 sie
1186 2638 1330 2682 spiritus
1348 2643 1501 2673 sanctus.

118 2706 204 2741 quos
226 2696 349 2741 replet,
377 2701 504 2732 aterra
525 2697 640 2732 elevat
664 2708 726 2741 per
757 2703 962 2734 contemtum
980 2704 1204 2737 terrenorum.
1255 2702 1381 2739 Ezech.
1410 2704 1502 2739 Vlll:
