1742 3005
325 93 406 133 954
510 97 603 143 Cap.
635 92 803 129 CCXLI.
860 92 917 128 De
948 100 1077 129 sancto
1107 94 1280 130 Servatio
1309 96 1501 145 episcopo.

323 198 532 227 recedentibus
549 198 715 233 praebebat
734 197 797 224 auri
814 197 864 224 vel
881 196 1054 223 vestimenti
1072 197 1189 226 solatia.
1223 201 1267 226 De
1285 199 1392 227 officiis
1406 205 1505 228 autem
1520 202 1694 228 monasterii

322 244 397 271 nihil
415 243 474 270 sibi
491 242 605 278 placuit
622 241 681 269 nisi
699 242 810 269 servire
828 242 932 277 prima.
967 246 1037 269 l'ost
1053 247 1098 270 tot
1116 243 1234 272 labores
1253 254 1325 278 quas
1347 245 1406 272 sibi
1426 254 1537 279 poenas
1550 246 1692 279 intulerit,

321 290 388 324 ipsa
405 297 481 322 vox,
499 298 574 322 quae
592 286 696 320 refert,
713 287 921 322 perhorrescit.
958 287 1091 323 Quadam
1108 289 1176 316 vice
1188 290 1349 317 translatos
1365 290 1423 317 sibi
1439 290 1564 317 circulos
1579 291 1691 319 ferreos

322 334 428 361 diebus
447 336 499 361 Lx
511 333 595 361 collo
613 333 663 360 vel
682 332 812 360 brachiis
830 332 966 359 innexuit
984 337 1013 360 et
1030 337 1089 361 tres
1109 339 1227 362 catenas
1245 334 1385 368 inserens,
1404 335 1480 374 circa
1494 344 1601 370 corpus
1620 336 1689 363 dum

320 379 471 411 alligasset
490 378 624 411 astricte,
651 377 772 405 inclusit
790 378 894 404 durum
912 377 1022 405 serrum
1042 388 1108 406 caro
1134 384 1236 406 tenera
1259 389 1462 413 succrescens,
1490 384 1519 407 et
1542 384 1691 408 transacto

318 424 429 458 jejunio
449 434 515 451 cum
532 423 679 451 voluisset
697 424 752 450 sub
772 428 838 450 cute
856 421 971 450 clausas
991 428 1109 451 catenas
1127 426 1280 453 extrahere.
1298 435 1353 453 nec
1369 425 1493 458 valeret,
1513 433 1574 452 non
1592 429 1690 453 tamen

319 470 375 497 hoc
393 469 503 497 sactum
522 474 567 496 est
583 470 698 503 absque
716 477 821 501 magna
840 468 990 500 sanguinis
1010 468 1163 498 offusione.
1198 474 1321 498 Exstant
1347 473 1410 506 ejus
1432 470 1585 506 praeclara
1602 470 1690 497 mira-

319 515 401 548 cula,
427 523 551 548 quorum
570 514 698 541 narratio
718 514 805 546 longa
824 518 918 545 esset,
944 518 973 540 et
993 514 1073 549 apud
1091 518 1187 542 Deum
1204 520 1249 543 est
1267 516 1389 543 maximi
1407 516 1504 543 meriti
1523 520 1552 542 et
1570 515 1689 543 tandem

318 560 447 587 fideliter
464 570 480 587 a
498 563 561 587 Deo
580 564 625 587 est
641 564 827 586 remunerata
845 559 875 586 in
895 559 988 587 coelo.
1024 561 1116 593 Hujus
1136 566 1254 588 sanctae
1272 561 1414 588 transitus
1433 561 1574 588 recolitur
1588 560 1689 588 idibus

317 605 451 637 Augusti.
489 605 641 640 Quaedam
660 606 722 639 ejus
740 604 865 636 sanmla,
885 613 960 637 quae
979 613 1053 631 ausu
1069 606 1226 633 temerario
1245 606 1275 632 in
1291 607 1432 634 cathedra
1446 608 1552 634 beatae
1565 606 1689 639 virginis

318 650 450 682 sederet,
476 649 671 684 praesumsit,
695 650 777 683 quod
799 659 939 684 percussa
963 649 1102 681 ardebam
1128 650 1224 677 tribus
1251 651 1358 679 diebus
1377 652 1542 679 clamabat:
1569 652 1689 679 domina

317 695 507 726 Radegundis
525 695 662 729 peccavi,
689 694 766 721 male
785 694 848 726 egi,
876 694 995 726 ignosce
1014 695 1102 728 mihi,
1128 695 1267 728 refrigera
1293 697 1365 724 mihi
1389 698 1530 725 membra.
1567 701 1601 725 Et
1620 702 1689 733 post

317 740 424 767 multas
444 740 591 767 orationes
611 744 640 766 et
658 739 764 774 populi
782 739 921 766 exaudita
941 744 986 766 est
1003 744 1032 766 et
1051 745 1163 767 sanata.

692 1048 833 1123 GAP.
873 1049 1080 1124 flexu.
1120 1047 1293 1124 (212.)

476 1161 574 1204 De
619 1155 839 1204 sancto
877 1159 1170 1208 servatio
1210 1160 1519 1216 episcopo.

411 1272 520 1296 Beatus
547 1269 698 1296 Servatius
722 1269 753 1295 in
779 1273 884 1302 quarto
910 1269 1003 1301 gradu
1025 1270 1154 1297 attinens
1181 1269 1295 1296 Christo
1314 1273 1385 1297 Jesu
1402 1274 1488 1297 natus
1506 1270 1563 1297 suit
1582 1271 1612 1298 in
1630 1274 1681 1298 Ar-

311 1314 408 1341 menia
426 1324 463 1340 ex
480 1318 564 1348 patre
583 1318 612 1340 et
630 1319 724 1341 matre
742 1314 874 1342 Judaeis.
910 1314 963 1341 Hic
982 1314 1053 1341 sede
1076 1320 1202 1342 vacante
1227 1315 1257 1341 in
1283 1315 1409 1346 Tungris
1433 1315 1554 1342 civitate
1573 1319 1682 1344 *rento*

309 1359 376 1386 niae
395 1358 582 1385 ordinatione
601 1359 704 1385 divina
723 1368 775 1394 per
794 1360 930 1392 angelum
949 1360 986 1386 de
1004 1360 1188 1388 Hierusalem
1207 1360 1368 1395 perductus
1385 1360 1511 1392 Tongris
1529 1365 1557 1387 et
1572 1362 1684 1390 ibidem

310 1404 464 1431 ordinatus
484 1405 643 1439 episcopus
663 1415 716 1439 per
734 1405 870 1432 eundem.
906 1409 940 1432 In
966 1405 1063 1437 lingua
1082 1410 1214 1432 materna
1238 1405 1460 1437 intelligebatur
1478 1407 1515 1432 ab
1535 1407 1681 1440 omnibus,

309 1450 430 1483 quando
449 1450 614 1484 spiritualia
632 1450 838 1477 tantummodo
858 1450 1072 1484 pertractabat,
1098 1450 1152 1477 sed
1175 1460 1190 1476 a
1218 1450 1299 1477 nullo
1325 1451 1443 1485 penitus
1462 1450 1683 1484 intelligebatur

310 1495 368 1522 nisi
391 1504 446 1530 per
470 1495 678 1530 interpretem,
706 1496 825 1529 quando
851 1495 889 1522 de
915 1505 984 1522 cura
1010 1495 1220 1530 temporalium
1244 1497 1360 1528 agebat.
1395 1496 1448 1523 Vir
1472 1497 1537 1532 ipse
1562 1502 1681 1525 sanctus

308 1545 379 1575 post
402 1540 604 1575 receptionem
631 1540 773 1567 dominici
799 1540 931 1575 corporis
957 1540 1023 1575 ipso
1042 1540 1090 1567 die
1109 1541 1190 1568 nullo
1210 1542 1358 1576 corporali
1376 1541 1444 1568 cibo
1463 1542 1617 1575 utebatur,
1641 1542 1681 1569 ci*

311 1586 415 1612 borum
433 1594 553 1612 suorum
572 1586 705 1619 reliquiis
724 1586 860 1621 leprosos
878 1586 1059 1618 mundabat,
1087 1597 1163 1620 aqua
1187 1586 1309 1614 lotionis
1334 1597 1475 1614 manuum
1500 1597 1618 1614 suarum
1636 1588 1679 1615 in>

308 1631 408 1658 firmos
428 1631 564 1663 curabat,
592 1631 700 1658 infirmi
729 1640 904 1664 quocunque
928 1635 1009 1658 tactu
1033 1642 1172 1658 manuum
1197 1632 1248 1658 vel
1272 1632 1383 1666 pedum
1402 1641 1521 1659 suorum
1540 1633 1680 1660 continuo

308 1676 498 1705 sanabantur.
534 1678 650 1709 Ejectus
679 1680 778 1704 antem
803 1677 841 1703 de
864 1676 990 1710 Tongris
1016 1682 1138 1712 propter
1163 1677 1306 1704 malitiam
1338 1677 1568 1705 inhabitantium
1598 1679 1678 1705 venit

308 1722 492 1755 Trajeetum,
525 1721 577 1748 ubi
603 1721 752 1748 excidium
776 1722 937 1749 Galliarum
964 1732 1016 1757 per
1042 1726 1164 1750 linnnos
1198 1722 1330 1749 futurum
1362 1723 1463 1750 divina
1494 1723 1678 1750 revelatione

307 1766 455 1799 cognovit.
492 1766 707 1802 Episcoporum
721 1772 819 1794 autem
831 1768 1010 1795 Gallicorum
1026 1773 1128 1800 rogatu
1146 1778 1199 1802 pro
1218 1768 1305 1795 venia
1322 1768 1507 1804 impetranda
1528 1768 1679 1803 apostolo-

307 1822 370 1838 rum
397 1811 499 1839 limina
523 1811 619 1846 petiit.
656 1812 707 1839 Cui
734 1813 847 1839 sitienti
872 1812 901 1839 in
927 1813 977 1839 via
1004 1812 1117 1839 sontem
1137 1813 1273 1840 dominus
1293 1814 1409 1848 aperuit
1427 1819 1455 1840 et
1474 1814 1594 1846 angelus
1614 1822 1677 1847 scy-

307 1858 398 1891 phum
423 1858 588 1893 pretiosum
613 1857 721 1884 attulit.
757 1860 798 1884 Eo
823 1857 961 1890 equidem
985 1860 1108 1884 Romam
1133 1858 1261 1885 intrante
1293 1868 1452 1892 campanae
1486 1867 1588 1885 omnes
1615 1858 1678 1885 sine

283 1902 433 1933 ‚humano
452 1903 633 1929 adminiculo
652 1902 787 1937 pulsatae
813 1906 890 1929 sunt.
926 1902 1060 1929 Tandem
1087 1902 1185 1929 eidem
1205 1902 1300 1929 oranti
1325 1913 1340 1928 a
1367 1902 1487 1929 domino
1514 1902 1676 1929 revelatum

305 1952 359 1979 est,
377 1947 451 1974 iram
468 1948 523 1974 Dei
542 1948 571 1974 in
590 1948 733 1982 populum
753 1951 875 1981 propter
893 1956 994 1973 eorum
1014 1947 1125 1974 scelera
1144 1948 1355 1980 confirmatam,
1375 1949 1564 1981 Trajectense
1579 1952 1676 1974 tamen

304 1992 463 2026 oppidum,
490 1993 570 2026 quod
596 1993 693 2027 ipsum
721 1993 769 2027 pie
793 1997 965 2026 exceperat,
991 1997 1166 2019 servaretur.
1202 1995 1349 2019 Reversus
1369 1992 1458 2025 igitui-
1476 1992 1620 2027 populum
1640 1994 1676 2018 ml

306 2037 518 2070 poenitentiam
537 2037 704 2069 exhortans,
725 2038 795 2063 dum
814 2037 915 2063 divina
936 2036 1107 2069 celebraret,
1127 2038 1248 2070 angelus
1269 2039 1305 2064 ab
1327 2038 1439 2065 dextris
1458 2038 1559 2065 altaris
1579 2038 1675 2065 eidem

304 2093 388 2109 snum
415 2082 530 2109 obitum
557 2082 714 2109 nuntiavit.
751 2082 808 2117 Oui
834 2083 933 2113 statim
960 2087 1028 2116 post
1053 2082 1174 2110 missam
1199 2084 1335 2111 adstante
1362 2083 1475 2118 populo
1500 2083 1627 2110 elevatis
1646 2084 1676 2110 iu

303 2129 420 2155 coelum
439 2128 533 2155 oculis
552 2128 582 2155 iu
602 2127 724 2155 ‹lomim›
743 2127 869 2154 feliciter
888 2127 1072 2154 obdormivit
1098 2133 1127 2154 et
1153 2129 1252 2155 statim
1272 2129 1383 2156 cunctis
1402 2129 1576 2157 videntibus
1593 2130 1674 2156 vela-

303 2183 371 2200 men
396 2173 523 2200 sericum
548 2184 636 2209 super
660 2183 766 2209 corpus
794 2176 856 2208 ejus
884 2173 1025 2205 angelicis
1046 2174 1181 2201 manibus
1200 2179 1245 2202 est
1264 2175 1404 2203 delatum.
1442 2175 1559 2201 Gaudes
1580 2174 1677 2208 igitur,

303 2228 320 2245 ι)
340 2219 467 2251 gloriose
486 2220 622 2254 praesnh
641 2230 718 2246 nnnc
738 2230 802 2247 cum
824 2220 938 2247 Christo
957 2219 1077 2246 domino
1097 2228 1261 2252 exoramus,
1282 2224 1313 2246 ut
1333 2219 1389 2247 tuis
1409 2220 1518 2247 sanctis
1536 2221 1676 2256 precibus

302 2264 428 2298 efficias,
448 2270 478 2292 ut
498 2275 562 2292 cum
582 2274 617 2292 eo
636 2269 664 2292 et
684 2270 781 2293 tecum
800 2265 829 2292 in
848 2270 1001 2292 aeternum
1019 2265 1170 2292 laetemur.
1208 2268 1310 2292 Amen.
