1742 3005
272 91 354 133 888
558 93 655 142 Cap.
689 89 878 128 cxcvii.
936 90 995 127 De
1026 96 1157 127 sancto
1186 91 1372 142 Ruperto,

273 198 365 226 tando
393 198 430 222 ab
454 195 611 229 ydolorum
635 194 750 222 cultura
775 192 924 222 convertit
949 197 978 220 et
1004 192 1106 228 plures
1124 194 1216 222 variis
1235 194 1427 227 languoribus
1446 205 1607 231 oppressos
1628 197 1656 223 in

274 241 392 268 nomine
410 239 524 266 domini
543 238 671 267 sanavit.
707 239 851 266 Lauriaco
870 246 998 270 namque
1017 237 1185 270 degressus,
1204 239 1233 265 in
1253 247 1429 272 quocunqne
1446 239 1511 265 loco
1528 238 1656 272 amplius

273 287 389 311 terve-re
409 283 586 315 gentilitatis
606 291 735 310 errorem
755 282 910 315 cognovit,
936 282 1000 309 illic
1025 282 1193 317 intrepidus
1217 283 1356 316 necessit,
1380 282 1535 308 destruens
1559 282 1657 314 ydola,

272 328 448 354 deminuens
467 327 640 359 simulacra,
669 328 883 354 commendans
908 326 1020 359 ubique
1047 325 1162 353 domini
1186 325 1281 352 nostri
1299 329 1371 353 ,Iesu
1390 326 1498 352 Christi
1515 326 1656 352 divinita-

271 379 332 399 tem
351 372 464 407 pariter
482 376 510 398 et
530 380 645 398 sacram
663 373 727 405 ejus
746 371 990 403 incarnationem,
1008 374 1040 397 ut
1058 380 1134 397 unus
1153 370 1293 403 idemque
1307 374 1386 397 Deus
1405 378 1472 398 esse
1490 369 1657 396 crederetur

272 423 301 444 et
321 418 410 443 homo
429 421 498 443 ante
517 415 686 442 Luciferum
705 425 722 442 a
741 420 826 451 patre
845 420 908 443 Deo
926 425 1015 443 verns
1034 419 1113 442 Deus
1132 414 1262 447 genitus¹
1290 415 1320 441 in
1339 414 1398 441 fine
1416 418 1584 448 temportuu
1604 422 1657 448 pro

272 463 400 489 bumana
425 461 522 488 salute
549 469 586 486 ex
608 460 725 492 virgine
751 465 844 487 matre
870 461 996 487 verbum
1016 460 1070 487 Dei
1088 469 1177 487 verus
1197 461 1286 486 homo
1305 464 1406 491 natus,
1433 459 1484 492 qui
1508 458 1658 485 illuminat

271 515 391 533 omnem
410 504 561 532 hominem
578 503 750 530 venientem
769 503 799 531 in
818 504 895 531 hunc
913 505 1067 531 mundum.
1103 505 1164 532 Sed
1190 513 1256 531 cnm
1276 505 1334 537 jam
1353 504 1401 530 vir
1420 503 1534 530 domini
1553 512 1657 530 sec-un-

271 552 343 577 dum
368 549 604 585 postulationem
631 548 716 575 ducis
739 553 769 575 et
794 548 901 583 populi
927 549 986 576 sibi
1009 549 1107 576 locum
1131 550 1170 576 ad
1195 548 1402 583 episcopalem
1428 549 1531 575 sedem
1550 548 1658 580 eligere

271 601 375 630 aptum
394 594 606 625 meditaretur,
632 602 717 620 secus
743 598 881 626 stagnum
900 593 1019 621 walarii
1045 593 1103 620 laci
1126 594 1226 625 venit,
1252 593 1305 619 ubi
1323 592 1480 620 ecclesiam
1498 593 1529 619 in
1547 593 1659 620 honore

272 639 417 675 principis
436 638 642 673 apostolorum
661 637 737 664 Petri
757 638 921 665 construxit
940 642 969 664 et
989 638 1152 665 dedicavit.
1188 637 1267 664 Exiit
1292 637 1362 664 inde
1386 636 1425 663 ad
1444 640 1585 664 Juuarum
1604 637 1660 663 ssu-

271 685 368 715 vium,
394 683 448 709 ubi
473 682 545 709 olim
564 685 681 708 Juvauo
700 681 806 708 civitas
825 681 898 714 suit,
926 692 1001 714 quae
1021 683 1152 716 antiquis
1178 682 1355 709 mirabiliter
1374 686 1522 708 exstructa
1542 686 1659 715 tempo-

271 730 354 756 ribus
373 728 450 754 inter
469 726 629 753 Bavaricas
648 726 737 752 urbes
757 725 909 752 eminebat
927 726 1135 759 nobilissima,
1163 727 1217 754 sed
1244 731 1314 754 tunc
1340 735 1405 753 raro
1425 726 1659 753 incola'inhabi-

271 779 353 801 tante
380 782 476 808 paene
503 770 621 804 dilapsa
648 774 678 796 et
702 769 841 801 virgultis
867 773 930 796 erat
954 775 1106 804 cooperta.
1148 773 1243 806 Quem
1269 771 1367 798 locum
1400 780 1504 799 servus
1535 771 1589 797 Dei
1621 771 1660 798 ad

271 818 443 846 cathedram
470 815 675 851 episcopalem
706 813 900 840 considerans
932 823 999 842 esse
1026 814 1184 847 idoneum,
1217 815 1330 850 quippe
1363 815 1441 842 inter
1472 821 1613 842 montana
1643 825 1659 841 n

272 863 410 898 populari
429 861 559 888 tumultu
578 864 740 891 semotum,
768 859 951 894 proprietate
977 859 1065 893 hujus
1090 868 1107 885 a
1131 859 1206 886 duce
1232 861 1291 887 sibi
1318 860 1426 887 tradita
1452 870 1518 887 cnm
1544 868 1659 888 summo

272 908 373 934 studio
392 905 563 937 renovavit,
591 909 767 931 construens
786 903 830 930 ibi
848 903 1019 936 basilicam,
1047 914 1135 937 quam
1161 904 1191 931 in
1211 904 1322 932 honore
1342 904 1423 932 beati
1442 905 1518 932 l'etri
1537 909 1659 939 aposto-

273 953 367 980 lorum
387 950 531 986 principis
551 949 705 976 dedicavit
724 953 753 975 et
771 948 948 975 clericorum
966 948 1074 975 officiis
1094 949 1243 982 rebusque
1262 950 1439 977 necessariis
1458 950 1660 977 munificentia

271 996 446 1023 Theodonis
470 994 626 1026 magnifice
650 993 782 1025 dotavit,
810 997 916 1027 postea
941 1001 1014 1019 vero
1043 993 1181 1025 delegato
1208 994 1398 1021 sacerdotum
1422 994 1523 1022 officio
1542 1004 1661 1022 omnem

271 1041 386 1069 ibidem
411 1039 547 1074 quotidie
575 1048 694 1066 cursum
720 1046 849 1071 congruo
875 1038 980 1064 ordine
1011 1038 1083 1065 fecit
1115 1038 1270 1065 celebrari.
1307 1041 1434 1066 Sanctus
1466 1040 1513 1066 vir
1544 1040 1659 1067 domiui

272 1086 395 1121 cupiens
422 1088 628 1116 argumentare
654 1082 720 1110 loca
753 1093 770 1110 a
796 1082 936 1118 praefato
967 1083 1042 1110 duce
1073 1082 1202 1116 aliquem
1236 1084 1343 1111 fiscum
1374 1093 1476 1116 suum,
1509 1085 1661 1112 vocabulo

271 1132 385 1158 dictum
405 1129 543 1161 ridigen,
570 1129 648 1154 inter
673 1137 777 1154 aurum
803 1132 832 1154 et
858 1131 1012 1159 argentum
1038 1137 1105 1154 cuin
1131 1128 1262 1155 millenis
1289 1130 1475 1163 comparavit
1499 1129 1605 1157 solidis
1631 1135 1661 1157 et

271 1177 314 1204 sic
332 1175 475 1209 deinceps
496 1177 560 1200 Deo
579 1173 742 1199 auxiliante
762 1182 798 1199 ex
818 1172 980 1199 traditione
1000 1181 1100 1204 regum
1120 1173 1184 1200 sive
1204 1173 1313 1200 ducum
1341 1174 1407 1200 sive
1425 1174 1560 1201 fidelium
1578 1174 1659 1201 viro-

272 1231 336 1248 rum
362 1219 420 1246 loci
446 1228 492 1246 res
518 1227 686 1245 accrescere
714 1221 887 1252 coeperunt.
924 1220 1012 1244 l'orro
1032 1217 1140 1244 diebus
1160 1218 1281 1251 quidam
1300 1219 1475 1253 probabiles
1493 1219 1551 1246 viri
1571 1220 1660 1246 beato

271 1265 407 1301 pontifici
433 1274 500 1291 cum
526 1272 631 1295 magna
655 1262 853 1289 admiratione
879 1266 1089 1294 narraverunt,
1117 1262 1199 1295 quod
1225 1262 1284 1296 ipsi
1308 1262 1338 1289 in
1358 1272 1472 1296 eremo,
1497 1273 1572 1297 quae
1591 1269 1661 1292 tuno

272 1309 416 1344 temporis
439 1309 534 1335 verbo
562 1307 776 1343 appellationis
796 1307 905 1339 caruit,
931 1317 1009 1334 nunc
1034 1306 1178 1338 wongobi
1205 1306 1331 1339 dicitur,
1356 1308 1497 1335 coelestia
1522 1310 1661 1344 prodigia

271 1354 441 1381 ardentium
469 1353 654 1380 lucernarum
678 1357 723 1379 ter
752 1356 916 1385 quaterque
942 1352 1092 1379 vidissent
1118 1356 1146 1378 et
1174 1351 1318 1378 mirificae
1345 1353 1503 1380 suavitatis
1537 1354 1659 1381 odorem

270 1400 315 1426 ibi
336 1399 471 1426 redolere
491 1398 666 1426 sensissent.
703 1397 882 1424 Mirantibus
909 1401 1008 1423 antem
1035 1397 1165 1430 cunctis,
1192 1397 1242 1430 qui
1268 1397 1406 1430 aderant,
1434 1407 1523 1433 super
1549 1399 1660 1426 talibus

271 1444 417 1480 prodigiis
443 1448 563 1471 sanctus
589 1443 750 1478 episcopus
774 1441 972 1474 Domningum
998 1442 1199 1476 presbiterum
1225 1452 1311 1470 suum
1339 1443 1378 1469 ad
1404 1442 1533 1470 eundem
1563 1443 1660 1471 locum

272 1489 370 1522 misit,
397 1489 602 1524 praecipiens,
628 1492 660 1514 ut
684 1487 845 1514 veritatem
867 1487 954 1520 hujus
974 1486 1048 1519 signi
1069 1487 1228 1520 diligenter
1247 1488 1443 1522 approbaret,
1471 1488 1612 1522 ponendo
1632 1489 1661 1515 in

272 1536 380 1562 eodem
406 1535 472 1561 loco
496 1543 613 1561 crucem
640 1532 783 1565 ligneam,
810 1541 900 1565 quain
923 1531 988 1566 ipse
1016 1537 1136 1559 sanctus
1162 1541 1214 1560 sua
1244 1542 1333 1559 manu
1358 1532 1514 1559 benedixit
1545 1537 1575 1559 et
1600 1533 1662 1560 illio

273 1580 392 1607 direxit.
428 1578 613 1610 Domningus
640 1587 712 1605 vero
737 1587 804 1605 cum
827 1577 898 1604 illuc
924 1576 1128 1611 pervenisset,
1160 1577 1261 1604 statim
1289 1577 1385 1612 primo
1410 1578 1505 1604 noctis
1537 1578 1661 1605 exordio

273 1635 339 1652 cuin
359 1624 523 1657 religiosis,
550 1624 601 1657 qui
628 1632 728 1650 secum
747 1623 887 1654 aderant,
915 1621 1041 1648 coelitus
1061 1621 1185 1649 emissas
1205 1622 1392 1657 adspiciebat
1412 1622 1507 1649 claras
1527 1622 1661 1650 lucernas

273 1670 459 1697 descendere
487 1674 517 1696 et
541 1673 636 1695 totam
660 1668 743 1695 illam
766 1667 917 1700 regionem
944 1666 1001 1693 loci
1028 1666 1121 1693 instar
1139 1667 1244 1694 solaris
1265 1667 1341 1694 radii
1363 1667 1520 1701 irradiare,
1539 1672 1568 1695 et
1587 1669 1662 1696 hano

273 1715 423 1742 visionem
450 1724 503 1750 per
529 1718 589 1741 tres
616 1718 719 1741 noctes
746 1723 813 1740 cum
837 1712 986 1740 suavitate
1010 1711 1127 1738 mirifici
1153 1712 1255 1739 odoris
1284 1712 1327 1739 ibi
1360 1712 1479 1739 viderat
1510 1713 1661 1740 irradiare.

274 1764 359 1787 Tunc
385 1760 450 1795 ipse
476 1759 507 1786 in
533 1758 640 1786 eodem
666 1759 732 1786 loco
759 1757 949 1784 benedictam
976 1766 1093 1783 cruceni
1120 1756 1214 1784 erexit
1240 1761 1269 1784 et
1288 1757 1527 1792 superfabricato
1545 1759 1662 1791 tugurio

274 1806 313 1832 ad
333 1811 467 1833 sanctum
494 1808 657 1839 nupertum
680 1811 831 1836 regressus
859 1806 916 1834 est,
944 1802 1073 1836 priorem
1100 1801 1295 1829 assertionem
1322 1807 1401 1829 certa
1424 1803 1568 1830 relatione
1591 1812 1660 1830 con-

273 1852 406 1877 firmans.
441 1852 566 1876 Sanctus
592 1852 742 1883 Rupertus
769 1855 887 1880 quoque
912 1846 1135 1873 couniiunicans
1162 1846 1289 1873 consilio
1322 1856 1388 1873 cum
1415 1848 1580 1875 'l'heodone
1610 1858 1662 1883 per

275 1894 472 1928 semetipsum
506 1893 632 1920 eandem
663 1901 795 1919 eremum
827 1890 902 1917 adiit
933 1895 962 1917 et
994 1891 1102 1917 videns
1135 1890 1233 1917 locum
1261 1890 1398 1917 humanis
1425 1891 1661 1920 habitationibus

276 1948 365 1975 posse
390 1938 453 1965 lieri
480 1942 582 1972 aptum
608 1945 720 1963 annosa
747 1936 854 1962 robora
881 1934 1046 1969 exstirpare
1065 1934 1269 1967 silvarumque
1288 1934 1437 1962 condensa
1458 1936 1486 1962 in
1506 1936 1661 1971 planitiem

276 1983 374 2018 campi
400 1983 534 2015 redigere
560 1991 594 2008 ac
619 1980 777 2007 ecclesiam
804 1989 870 2006 cnm
896 1979 1076 2006 habitaculis
1100 1987 1255 2006 servorum
1281 1979 1336 2006 Dei
1367 1979 1526 2007 aedificare
1551 1983 1661 2017 coepit.

275 2029 386 2055 lisdem
405 2036 478 2054 vero
497 2026 682 2061 temporibus
701 2024 828 2051 Theodo
847 2025 1004 2051 adversam
1023 2023 1127 2050 incidit
1147 2023 1177 2050 in
1202 2023 1425 2056 valetudinmn,
1452 2034 1578 2059 cumque
1603 2027 1661 2054 sibi

276 2074 356 2100 vitae
375 2071 533 2098 terminum
552 2069 794 2105 appropinquare
813 2069 950 2101 sentiret,
974 2068 1097 2095 vocavit
1123 2067 1163 2094 ad
1188 2077 1220 2095 se
1239 2069 1442 2095 'l'heobertum
1464 2069 1557 2097 filium
1577 2080 1661 2099 suum

276 2122 305 2144 et
324 2118 430 2144 «lucem
450 2115 620 2144 Noricorum
638 2114 724 2141 illum
743 2113 912 2146 constituit,
939 2113 1129 2148 praecipiens
1148 2112 1175 2139 ei
1195 2113 1320 2140 obedire
1339 2118 1442 2140 sancto
1461 2117 1604 2150 Ruperto,
1623 2118 1663 2144 nd

276 2162 524 2191 christianitatem
550 2169 634 2187 suam
661 2163 690 2186 et
717 2158 756 2184 nd
783 2167 859 2194 opus
883 2158 1020 2185 divinum
1049 2158 1134 2184 illum
1160 2157 1319 2190 diligenter
1344 2158 1487 2192 adjuvare
1513 2165 1662 2188 sanctum-

277 2217 334 2242 que
348 2207 445 2234 locum
459 2204 650 2233 Juvaviensis
670 2203 814 2231 ecclesiae
834 2212 934 2230 amore
953 2208 979 2230 et
1000 2203 1164 2230 honoribus
1183 2207 1211 2230 et
1231 2203 1428 2235 dignitatibus
1444 2204 1550 2238 jugiter
1568 2207 1663 2233 subli-

277 2261 367 2279 mare.
404 2254 535 2284 Cumque
553 2248 759 2283 hujuscemodi
779 2249 928 2276 mandatis
955 2253 983 2275 et
1008 2248 1164 2281 omnibus,
1190 2248 1300 2282 quibus
1323 2248 1476 2282 voluerat,
1500 2250 1594 2278 filium
1618 2251 1663 2278 in-

277 2296 449 2327 struxisset,
476 2295 614 2321 ultimuin
640 2291 721 2320 diem
747 2293 853 2320 clausit
880 2293 1008 2326 migrans
1035 2294 1074 2320 ad
1098 2293 1262 2322 dominum.
1297 2297 1367 2321 Post
1392 2294 1448 2321 hoc
1470 2304 1544 2322 vero
1563 2297 1662 2324 Theo-

277 2343 380 2368 bertus
406 2349 472 2366 cuim
498 2339 695 2374 optimatibus
721 2338 782 2365 suis
809 2338 847 2364 ad
872 2343 1006 2365 sanctum
1033 2341 1196 2373 Rupertum
1222 2338 1341 2365 visendi
1361 2339 1452 2371 gratia
1473 2339 1514 2366 ire
1533 2341 1663 2375 perrexit

277 2391 307 2413 et
334 2385 458 2412 veniens
486 2385 525 2411 ad
550 2384 635 2411 illum
661 2384 691 2410 in
718 2382 888 2418 supradicta
916 2392 1015 2410 eremo
1034 2383 1132 2410 locum
1153 2383 1203 2418 pio
1221 2384 1422 2410 venerabatur
1440 2383 1564 2418 ass'ectu,
1588 2386 1662 2413 dans

278 2431 317 2457 nd
335 2430 508 2462 ecclesiam,
533 2439 620 2462 quatu
647 2432 766 2455 sanctus
786 2431 935 2463 Rupertus
961 2427 1002 2455 ibi
1028 2428 1193 2455 construxit
1219 2438 1253 2455 ac
1277 2428 1344 2463 ipso
1363 2429 1438 2456 duce
1459 2435 1614 2464 praesente
1633 2431 1661 2458 in

279 2478 392 2503 honore
418 2475 512 2502 sancti
537 2473 710 2501 Maximiani
737 2473 904 2505 dedicavit,
935 2473 990 2500 tria
1016 2473 1155 2500 milliaria
1178 2473 1310 2507 undique
1335 2474 1372 2501 de
1399 2474 1503 2501 eadem
1530 2475 1606 2502 silva
1632 2480 1661 2502 et

280 2521 383 2549 villam
402 2520 541 2547 Albinam
561 2529 627 2546 cum
646 2517 770 2545 caeteris
790 2517 922 2544 donariis
949 2518 978 2545 in
998 2518 1170 2546 alimoniam
1190 2519 1419 2551 monachorum,
1446 2528 1520 2553 quos
1542 2523 1661 2546 sanctus

281 2566 416 2600 pontifex
437 2564 478 2591 ibi
498 2568 560 2591 Deo
579 2563 768 2591 serviendum
790 2567 940 2597 posuerat.
977 2563 1028 2590 His
1055 2564 1093 2590 ita
1119 2563 1210 2596 gestis
1236 2564 1344 2591 videns
1370 2565 1418 2591 vir
1441 2564 1494 2591 Dei
1517 2564 1662 2591 navariae

282 2610 435 2641 dignitatis
461 2610 578 2636 culmen
601 2611 669 2643 jugo
690 2608 795 2635 Christi
815 2617 880 2635 sese
900 2607 1089 2640 subdidisse,
1115 2609 1168 2635 sed
1188 2608 1362 2640 gentilitatis
1381 2617 1478 2635 errore
1496 2607 1596 2642 plures
1616 2609 1660 2635 in-

282 2653 403 2681 volutos
423 2663 594 2689 supa-resse,
620 2653 658 2680 ad
677 2653 804 2688 patriam
823 2662 905 2680 surim
932 2653 1089 2688 repedavit
1116 2657 1143 2679 et
1163 2652 1233 2679 inde
1251 2662 1316 2680 cum
1336 2652 1493 2680 duodecim
1514 2652 1550 2677 nd
1575 2663 1660 2687 prae-

284 2697 442 2725 dicandum
475 2699 531 2725 sibi
567 2698 655 2725 sociis
689 2697 808 2731 electis,
847 2697 923 2725 inter
953 2706 1028 2732 quos
1063 2702 1145 2725 erant
1172 2696 1272 2725 eximii
1299 2697 1463 2728 ctismuus,
1498 2695 1658 2729 Cisilarius,
