1742 3005
215 136 269 175 84
487 137 580 187 Cap.
612 135 719 172 Xltl.
778 134 835 172 De
867 134 1150 172 circumcisione
1182 134 1336 171 domini.

217 243 322 276 cisio:
350 240 411 275 sed
431 241 489 285 qui
507 241 539 272 in
567 238 771 272 abscondito
786 238 940 274 ,Iudaeus
966 243 1030 280 est,
1060 242 1093 273 ct
1116 240 1331 273 circumcisio
1349 238 1463 273 cordis
1481 240 1514 272 in
1530 240 1601 283 spi

220 310 287 341 ritu
321 317 388 339 non
421 305 556 346 littera;
607 305 706 349 cujiis
731 303 808 337 laus
844 307 897 338 est
928 314 996 337 non
1027 314 1070 338 ex
1096 303 1310 347 hominibus,
1361 305 1423 339 sed
1449 314 1491 339 ex
1516 304 1601 339 Deo.

219 372 419 407 Circumcisi
445 371 530 404 estis
555 369 814 403 circumcisione
847 379 915 402 non
940 379 1042 403 manu
1069 369 1161 403 facta
1186 371 1219 403 in
1246 370 1500 414 exspoliatione
1527 380 1596 404 corr
1636 386 1666 394 Α·

220 438 315 483 poris
341 436 478 477 carnis,
522 434 583 470 sed
607 435 867 469 circumcisione
889 433 1030 468 Christi.
1079 433 1200 468 Tertio
1225 435 1360 469 ratione
1379 435 1603 472 Judaeorum.

219 508 255 538 ut
282 500 538 537 inexcusabiles
564 504 691 535 essent.
741 500 777 534 Si
804 501 892 533 enim
917 501 1137 533 circumcisus
1159 510 1226 534 uon
1248 499 1384 543 suisset,
1412 501 1606 545 potuissent

219 581 256 604 se
281 568 405 613 Judaei
431 576 600 602 excusare
624 570 659 600 et
684 565 818 600 dicere:
848 565 928 600 ideo
953 569 986 599 te
1012 576 1078 599 non
1105 566 1311 610 recipimus,
1348 567 1431 611 quia
1454 565 1603 600 dissime

219 636 262 669 lis
290 645 326 669 es
352 632 523 679 patribus.
572 632 704 672 Quarto
730 633 864 666 ratione
891 631 1106 673 daemonum,
1133 641 1175 665 ne
1198 631 1330 666 scilicet
1355 632 1605 666 iucarnationis

220 701 409 735 misterium
437 701 702 743 cognoscerent.
751 696 833 731 Cum
867 698 955 731 enim
988 697 1202 730 circumcisio
1227 696 1324 731 lieret
1350 701 1472 731 contra
1497 698 1604 743 origia

219 767 298 801 nale
323 767 522 810 peccatum,
546 761 694 797 credidit
721 762 891 807 (baliolus
916 765 950 796 et
973 761 1082 803 hunc7
1117 763 1176 806 qui
1202 763 1532 805 circumcidebatur,
1558 765 1606 797 si·-

220 832 346 866 militer
372 832 588 875 peccatorem
617 837 706 869 esse,
735 829 790 873 qui
817 829 1088 862 circumcisionis
1115 827 1267 862 remedio
1294 828 1478 873 indigeret.
1521 828 1606 862 Pro-

220 902 298 943 pter
323 895 466 931 eandem
491 903 630 928 causam
660 893 780 936 voluit,
807 897 841 927 ut
865 897 976 927 mater
999 903 1063 927 sua
1089 894 1188 938 virgo
1216 897 1387 938 perpetua
1416 897 1510 928 esset
1545 893 1606 928 ‹le—

220 966 401 1008 sponsata.
472 960 598 1000 Quinto
634 960 770 993 ratione
802 959 980 1004 perfectae
1010 960 1172 1003 justitiae
1209 959 1463 1004 adimplendae.
1512 959 1609 993 Sicut

221 1030 310 1063 enim
335 1027 509 1072 baptizari
536 1025 659 1066 voluit,
687 1028 723 1058 ut
749 1024 937 1069 pei-sectam
959 1026 1152 1068 Justitiam‚
1181 1025 1213 1058 id
1239 1029 1304 1067 est,
1330 1025 1520 1069 perfectam
1544 1025 1608 1059 liu-

220 1094 410 1134 militatem,
438 1101 527 1137 quae
553 1095 607 1126 est
634 1090 784 1126 subdere
809 1101 846 1125 se
862 1091 998 1131 minori,
1027 1091 1198 1135 impleret,
1224 1092 1273 1124 sic
1290 1092 1392 1125 etiam
1411 1091 1522 1125 voluit
1541 1093 1607 1125 cir—

219 1159 385 1199 cumcidi,
423 1161 460 1192 ut
486 1156 629 1192 eandem
656 1155 756 1190 nobis
782 1155 1007 1189 humilitatem
1037 1155 1257 1197 ostenderet,
1309 1156 1385 1190 dum
1420 1161 1541 1191 auctor
1575 1162 1610 1192 et

220 1226 378 1260 dontinus
402 1223 493 1270 legis
522 1222 630 1257 voluit
653 1232 691 1256 se
716 1221 866 1256 subdere
892 1221 974 1267 legi.
1046 1222 1153 1255 Sexto
1180 1223 1315 1256 ratione
1344 1222 1435 1268 legis
1461 1222 1608 1268 mosay-

221 1302 283 1326 cae
315 1288 587 1335 approbandae,
635 1297 725 1332 quae
757 1290 833 1321 erat
866 1286 959 1320 bona
985 1291 1017 1321 et
1046 1291 1168 1321 sancta
1195 1291 1228 1322 et
1252 1288 1477 1333 complenda,
1527 1291 1609 1335 quia

222 1368 290 1391 nou
316 1358 459 1390 venerat
482 1354 595 1399 legem
621 1353 759 1387 solvere
784 1353 845 1388 sed
872 1352 1073 1398 adimplere.
1102 1353 1337 1388 RomauXV:
1363 1340 1441 1389 dico
1453 1357 1539 1389 euim
1550 1356 1608 1391 Je—

224 1434 297 1458 suni
315 1423 506 1456 ministrum
524 1419 631 1453 fuisse
648 1419 932 1461 circumcisionis,
960 1423 1104 1464 propter
1119 1421 1299 1454 veritatem
1314 1419 1376 1454 Dei
1391 1424 1454 1455 etc.
1494 1421 1610 1461 Quare

224 1492 336 1523 autem
362 1486 576 1521 circumcisio
605 1488 729 1518 octava
754 1484 808 1519 die
836 1484 952 1527 tiebat,
979 1485 1157 1529 multiplex
1176 1489 1292 1529 potest
1317 1488 1406 1520 ratio
1421 1488 1608 1532 assignari.

224 1555 339 1589 Prima
362 1553 507 1587 sumitur
537 1560 644 1596 penes
680 1549 889 1584 intellectum
917 1549 1129 1595 hystoricum
1154 1552 1228 1585 sive
1255 1551 1451 1586 litteralem.
1524 1552 1609 1586 Nam

224 1621 313 1655 sicut
337 1618 420 1652 dicit
445 1616 558 1652 Rabbi
583 1615 746 1660 Moyses,
775 1617 944 1650 maximus
967 1615 1196 1660 philosophus
1223 1620 1256 1649 et
1280 1616 1488 1663 theologus,
1530 1618 1611 1653 licet

224 1686 398 1722 Judaeus:
449 1693 534 1728 puer
565 1683 599 1715 in
635 1684 765 1725 septem
810 1680 932 1715 diebus
967 1685 1084 1716 tantae
1123 1681 1235 1715 adhuc
1269 1682 1510 1717 teneritudinis
1544 1689 1609 1722 est,

228 1755 378 1797 quantae
415 1753 469 1783 est
503 1747 615 1782 adhuc
648 1748 680 1779 iu
708 1749 806 1780 utero
834 1748 953 1780 matris
980 1749 1154 1789 existens,
1206 1749 1238 1780 in
1265 1751 1389 1782 octava
1415 1752 1528 1783 autem
1554 1750 1610 1785 dic

227 1817 434 1851 fortificatur
460 1818 493 1848 et
519 1812 690 1847 solidatur
715 1817 747 1847 et
773 1813 870 1854 ideo,
911 1816 944 1846 ut
971 1812 1074 1854 dicit,
1114 1813 1226 1847 noluit
1257 1813 1413 1848 dominus
1441 1815 1609 1859 parvulos

225 1887 305 1917 aute
330 1886 488 1915 octavum
516 1879 603 1913 diem
629 1878 846 1921 circumcidi⁷
883 1889 925 1912 ue
951 1878 994 1911 ob
1020 1879 1155 1913 nimiam
1182 1879 1445 1914 teneritudinem
1472 1882 1608 1915 nimium

225 1948 458 1984 laederentur:
508 1945 605 1980 Uti-a
631 1949 788 1978 octavum
818 1954 899 1979 vero
927 1944 1013 1978 diem
1042 1945 1152 1988 ipsam
1179 1946 1469 1980 cii·ciuiu·isi0ue1n
1501 1946 1611 1979 noluit

226 2013 429 2059 prolongari
458 2015 602 2056 propter
629 2014 698 2044 tres
733 2020 877 2051 causas,
928 2020 1014 2055 quas
1048 2009 1277 2055 philosophus
1312 2010 1400 2045 idem
1437 2012 1607 2057 assignat.

224 2080 340 2114 Prima
364 2082 400 2112 ut
428 2076 615 2122 periculum
643 2077 803 2118 evitetur,
830 2087 872 2111 ne
900 2076 1052 2117 scilicet,
1079 2076 1108 2109 si
1134 2077 1271 2110 nimium
1299 2076 1508 2119 differretur,
1535 2079 1609 2111 siue

225 2145 484 2178 circumcisione
509 2152 570 2177 eos
592 2142 677 2175 mori
699 2143 929 2187 contingeret.
989 2141 1161 2184 Secunda,
1189 2146 1223 2176 ut
1250 2141 1362 2176 dolori
1387 2142 1609 2187 parvulorum

227 2208 463 2254 provideatur.
524 2208 605 2242 Cum
633 2209 720 2241 euim
748 2208 781 2240 iu
806 2194 1066 2240 circumcisione
1091 2208 1259 2240 maximus
1283 2207 1384 2241 dolor
1407 2209 1471 2249 sit,
1502 2207 1610 2241 voluit

226 2285 287 2309 eos
313 2274 468 2307 dominus
496 2271 715 2313 circumcidi,
767 2272 844 2305 dum
876 2282 1017 2316 parvam
1045 2270 1156 2305 adhuc
1181 2273 1475 2317 ymaginatiouem
1500 2272 1608 2308 habe--

227 2344 314 2382 rent,
341 2343 377 2372 ut
401 2339 564 2372 minorem
590 2336 635 2370 ibi
661 2336 815 2370 dolorem
833 2338 1000 2371 sentirent
1037 2336 1171 2377 Tertia,
1200 2341 1429 2382 utpareutum
1444 2339 1609 2374 tristitiae

225 2404 436 2440 consulatur.
464 2403 548 2438 Nam
574 2412 647 2436 cum
675 2413 716 2436 ex
732 2403 990 2436 circunuisiom·
1008 2402 1164 2447 plerique
1178 2402 1314 2447 parvuli
1330 2407 1557 2446 morerentur,
1581 2406 1609 2437 si

225 2471 415 2505 circumcisi
442 2468 589 2502 fuissent
609 2469 682 2513 Jam
712 2469 826 2513 magni
855 2471 888 2502 et
912 2478 953 2502 ex
980 2467 1045 2501 hoe
1071 2470 1208 2509 mortui,
1233 2470 1345 2513 major
1367 2468 1469 2503 dolor
1488 2468 1612 2502 suisset

227 2534 452 2579 parentibus,
503 2543 603 2578 quam
639 2535 667 2568 si
695 2536 910 2567 morerentur
935 2538 1012 2567 octo
1040 2537 1169 2567 tautum
1196 2533 1270 2568 dies
1297 2533 1473 2567 habentes.
1547 2533 1610 2568 Se-

227 2599 339 2632 cunda
365 2600 454 2632 ratio
491 2599 636 2632 sumitur
668 2609 774 2643 penes
815 2598 1023 2633 intellectum
1053 2600 1283 2645 anagogicum
1310 2600 1384 2632 sive
1412 2597 1607 2632 coelestem.

227 2663 308 2698 Ideo
335 2664 422 2697 euim
449 2667 572 2697 octavo
599 2663 654 2698 die
679 2663 802 2706 tiebat,
855 2668 890 2698 ut
923 2663 1065 2699 daretur
1091 2663 1256 2709 intelligi,
1307 2661 1399 2707 quod
1425 2663 1458 2696 in
1486 2666 1611 2696 octava

227 2728 491 2763 resurrectionis
519 2727 562 2761 ab
592 2730 681 2762 omui
708 2738 821 2773 poena
845 2733 879 2764 et
906 2730 1045 2765 miseria
1070 2727 1399 2763 circumciderenuir.
1429 2727 1470 2762 Et
1488 2737 1610 2762 secun·
