1742 3005
313 66 407 116 Cap.
433 65 563 103 CLVI.
619 65 679 102 De
707 70 838 101 sancto
869 64 973 102 Luca
1004 64 1249 115 evangelista.
1418 64 1497 103 695

120 169 292 214 principio
318 168 505 213 diligenter
541 177 584 201 ex
617 168 740 203 ordine
772 167 835 202 tibi
863 168 1036 208 scribere,
1066 168 1193 212 optime
1220 167 1438 213 Theopliile,
1466 172 1503 202 nt

118 242 291 278 agnoscas
319 243 436 267 eorum
463 232 657 275 verborum,
687 233 730 268 de
756 234 881 278 quibus
907 243 944 267 es
970 232 1138 273 eruditus,
1167 234 1358 267 veritatem.
1408 232 1500 273 Qua-

116 297 198 332 liter
223 299 326 333 etiam
351 298 513 343 praebuit
539 307 635 332 suum
659 308 763 333 nosse
800 300 834 332 in
868 298 1045 337 consiliis,
1079 301 1177 342 patet
1209 308 1249 332 ex
1283 297 1343 332 illo
1381 298 1498 340 verbo,

116 362 208 408 quod
229 362 313 397 dicit
328 363 553 408 Hieronymus
573 364 606 397 in
624 363 793 409 prologo,
822 364 903 408 quia
925 364 1000 407 ejus
1016 362 1123 397 verba
1141 365 1278 398 animae
1298 363 1498 409 languentis

116 432 196 463 sunt
221 428 406 464 medicina.
457 428 580 464 Tertio
609 430 685 473 ejus
713 429 801 463 velle
827 430 860 461 in
886 427 1086 467 desideriis,
1114 426 1205 470 quod
1233 430 1330 471 patet
1353 438 1395 462 ex
1420 427 1495 469 hoc,

114 494 205 539 quod
243 495 286 528 iis
320 494 464 529 salutem
497 498 675 529 aeternam
708 492 942 532 desideravit,
987 491 1124 526 Coloss.
1160 490 1233 525 1V.:
1269 491 1400 525 salutat
1435 502 1496 526 vos

112 559 226 594 Lucas
252 558 425 601 medicus,
453 559 601 599 salutat,
629 557 664 591 id
692 561 757 598 est,
784 556 930 591 salutem
958 560 1134 591 aeternam
1161 559 1314 600 exoptat.
1364 556 1495 595 Quarto

112 625 188 669 eJus
215 634 323 669 agere
349 625 383 657 in
411 623 615 668 obsequiis,
643 621 736 667 quod
762 625 860 666 patet
885 632 927 656 ex
954 621 1031 662 hoc,
1060 621 1152 666 quod
1180 621 1365 662 dominum,
1394 631 1494 665 quem

110 689 259 734 aliquem
286 689 508 733 peregrinum
536 687 781 728 existimabat,
819 687 973 732 hospitio
1008 688 1142 731 recepit
1181 692 1215 720 et
1248 687 1279 721 ei
1306 697 1406 721 omne
1431 686 1493 720 ob-

108 755 265 799 sequium
291 754 450 788 caritatis
485 752 653 788 exhibuit.
702 751 779 786 Fuit
813 754 901 787 enim
934 754 1050 787 socius
1076 751 1276 796 Cleophae‚
1312 751 1390 785 dum
1419 751 1493 785 ibat

107 820 141 852 in
157 817 297 861 Emaus,
326 820 415 853 sicut
437 818 545 863 aliqui
567 818 740 859 dixerunt,
769 822 870 862 prout
887 818 994 853 refert
1017 817 1208 863 Gregorius
1228 819 1262 850 in
1282 816 1489 852 Moralibus.

106 884 190 918 licet
222 883 444 918 Ambrosiusv
469 883 564 917 dicat
604 883 706 916 alium
749 883 879 924 fuisse,
926 884 1026 926 euJus
1067 883 1170 915 etiam
1215 891 1337 915 nomen
1381 882 1487 925 ponit.

107 947 229 983 Tertio
254 948 321 983 suit
349 949 435 984 bene
455 948 649 990 ordinatuS‚
678 952 838 992 quantum
865 948 909 982 ad
937 957 975 981 se
993 948 1114 991 ipsum.
1171 945 1259 980 Tria
1277 950 1390 980 autem
1411 949 1490 978 sunt

105 1013 292 1048 secundum
315 1013 551 1055 Bernardum,
587 1023 675 1058 quae
701 1015 831 1057 optime
857 1012 1022 1047 ordinant
1049 1011 1218 1046 hominem
1245 1011 1289 1045 ad
1314 1021 1351 1045 se
1377 1012 1486 1055 ipsum

103 1083 138 1114 et
172 1082 325 1113 sanctum
361 1079 510 1120 faciunt,
545 1079 681 1112 scilicet
715 1080 824 1112 victus
858 1078 1018 1118 sobrius,
1053 1081 1152 1111 actus
1183 1077 1321 1120 justus,
1363 1086 1487 1110 sensus

101 1144 192 1188 pius,
210 1148 244 1179 et
257 1143 439 1188 quodlibet
451 1144 571 1178 horum
590 1143 776 1178 secundum
795 1146 907 1188 ipsum
927 1142 1140 1177 Bernardum
1158 1143 1193 1175 in
1210 1143 1278 1175 tria
1302 1141 1485 1181 dividitur:

101 1210 223 1251 victus,
245 1209 370 1254 inquit,
396 1210 535 1243 sobrius
562 1211 638 1250 erit,
665 1211 693 1243 si
722 1210 950 1249 continenter,
977 1209 1007 1241 si
1036 1207 1230 1247 socialiter,
1256 1209 1285 1241 si
1312 1207 1486 1240 humiliter

100 1276 307 1317 vixerimus;
345 1278 442 1309 actus
467 1277 585 1320 justus
611 1277 696 1316 erit,
731 1277 760 1308 si
788 1274 893 1309 suerit
917 1277 1051 1314 rectus,
1093 1272 1286 1313 discretus,
1329 1271 1483 1306 fructuo-

99 1348 181 1381 sus3
217 1343 333 1374 rectus
358 1350 422 1383 per
445 1339 570 1373 bonam
597 1340 844 1380 intentionem,
881 1338 1087 1383 ¹)discretus
1115 1347 1178 1381 per
1213 1337 1483 1372 moderationem

99 1408 134 1438 et
184 1404 384 1439 fructuosus
424 1414 488 1448 per
536 1403 836 1446 aedificationem3
879 1414 1003 1438 sensus
1053 1405 1130 1448 pius
1180 1404 1266 1445 erit,
1319 1405 1349 1436 si
1396 1402 1483 1437 tides

99 1473 221 1504 nostra
252 1471 359 1505 sentit
390 1470 497 1504 Deum
530 1480 659 1504 summe
692 1473 888 1514 potentem,
932 1479 1061 1503 summe
1096 1470 1310 1512 sapientem,
1354 1477 1482 1502 summe

100 1534 245 1577 bonum,
287 1540 324 1569 ut
371 1546 434 1580 per
472 1538 547 1580 ejus
583 1536 772 1580 potentiam
818 1539 973 1568 nostram
1013 1533 1194 1568 credamus
1228 1533 1347 1577 juvari
1388 1531 1481 1566 infir-

99 1601 273 1643 mitatem,
319 1611 381 1645 per
413 1602 490 1646 ejus
533 1601 739 1645 sapientiam
780 1603 933 1633 nostram
976 1599 1157 1633 credamus
1210 1599 1343 1643 corrigi
1378 1599 1479 1642 igno-

99 1666 266 1706 rantiam,
322 1676 385 1711 per
427 1667 502 1711 ejiis
534 1665 724 1699 bonitatem
767 1668 921 1698 nostram
958 1663 1140 1699 credamus
1185 1662 1272 1697 dilui
1317 1664 1481 1707 iniquita‘

97 1734 175 1764 tem.
223 1730 317 1765 Haec
348 1731 569 1766 Bernardus.
600 1730 636 1765 In
670 1730 725 1764 his
759 1730 918 1764 omnibus
950 1729 1074 1764 heatus
1110 1728 1226 1763 Lucas
1260 1728 1325 1762 suit
1351 1729 1481 1772 optime

98 1794 291 1831 ordinatus.
360 1795 474 1831 Primo
515 1798 604 1832 enim
636 1796 759 1830 habuit
798 1796 922 1829 victum
957 1793 1133 1836 sobrium,
1180 1798 1214 1827 et
1257 1793 1324 1827 hoc
1366 1792 1480 1836 tripli-

97 1861 205 1903 citer,
241 1861 325 1906 quia
348 1862 435 1896 vixit
459 1862 695 1903 continentem
738 1870 829 1902 nam,
863 1863 900 1896 ut
929 1862 1079 1894 testatur
1109 1858 1336 1903 Hieronymus
1367 1857 1411 1892 de
1439 1868 1480 1892 eo

96 1926 131 1959 in
170 1926 322 1971 prologo
365 1936 472 1971 super
502 1926 655 1968 Lucam,
699 1927 775 1971 ipse
807 1936 869 1960 nec
904 1935 1047 1959 uxorem
1082 1934 1231 1970 unquam
1265 1923 1387 1958 habuit
1418 1932 1481 1956 nec

97 1988 199 2026 filios·
275 1990 434 2026 Secundo
474 1990 674 2032 socialiter3
722 1990 788 2024 hoc
829 1994 970 2024 notatur
1007 1991 1042 2023 in
1076 1989 1162 2030 hoc,
1219 1987 1312 2033 quod
1354 1987 1482 2022 dicitur

97 2054 140 2088 de
180 2055 258 2099 ipso
300 2058 335 2088 et
377 2054 420 2089 de
461 2054 618 2098 Gleopha
656 2056 822 2099 opinione
863 2053 1047 2098 praedicta
1085 2052 1170 2087 Luc.
1207 2053 1277 2087 ult:
1326 2051 1394 2086 duo
1437 2062 1479 2086 ex

97 2117 280 2163 discipulis
316 2118 401 2154 Jesu
440 2118 538 2153 ibant
576 2119 657 2163 ipsa
693 2117 750 2154 die
789 2122 853 2153 etc.
911 2117 1099 2152 Socialitas
1140 2117 1231 2151 enim
1272 2119 1413 2150 notatur
1444 2118 1479 2150 in

97 2183 185 2223 hoc,
211 2183 304 2228 quod
329 2183 474 2218 dicitur:
510 2182 599 2225 due,
636 2186 671 2218 et
694 2193 736 2218 ex
765 2183 849 2225 hoc,
880 2182 974 2228 quod
998 2182 1144 2217 dicitur:
1178 2180 1364 2226 discipuli,
1396 2182 1479 2226 quia

97 2248 332 2292 disciplinati,
374 2248 408 2282 id
442 2252 496 2284 est
523 2248 613 2283 bene
637 2249 857 2294 morigerati.
905 2247 1029 2282 Tertio
1061 2247 1256 2289 humiliter;
1288 2247 1389 2291 quus
1415 2245 1477 2279 lm-

97 2311 226 2346 militas
249 2314 446 2348 insinuatur
469 2314 505 2347 in
527 2311 616 2355 hoc,
643 2312 735 2358 quod
763 2323 887 2347 nomen
911 2313 999 2347 socii
1023 2313 1099 2354 sui,
1126 2312 1262 2346 scilicet
1287 2310 1477 2355 Cleophae,

95 2377 266 2421 repressit
305 2380 340 2411 et
380 2387 478 2411 suum
510 2379 630 2412 tacuit.
686 2377 773 2412 Nam
811 2377 998 2412 secundum
1030 2378 1228 2421 opinionem
1262 2374 1478 2421 quorundam

95 2442 212 2476 Lucas
248 2451 291 2476 ex
323 2440 519 2476 humilitate
552 2452 675 2477 nomen
708 2452 806 2476 suum
839 2442 946 2476 siluit.
1001 2441 1161 2476 Secundo
1201 2439 1325 2474 habuit
1365 2442 1477 2473 actum

92 2508 222 2552 justum
240 2534 248 2550 ,
283 2508 341 2552 qui
365 2505 501 2551 quidem
527 2510 625 2540 actus
653 2506 718 2541 suit
741 2510 856 2541 rectus
882 2516 945 2550 per
967 2507 1213 2547 intentionem;
1246 2504 1314 2538 hoc
1337 2506 1478 2538 notatur

164 2602 343 2636 1)Ed.1²r.:
364 2602 562 2630 discretus
590 2611 657 2636 per
684 2601 822 2628 bonam
850 2601 1114 2629 intentionem
1141 2605 1177 2627 et
1197 2607 1476 2628 commensura-

98 2651 257 2675 tionem.
