1742 3005
218 125 296 161 232
535 124 628 173 Cap.
662 123 761 159 Llll.
820 123 878 159 De
908 124 1086 173 passione
1118 122 1272 159 domini.

217 229 314 272 poris
341 232 415 261 erat
441 227 570 261 Romae
595 224 686 259 tilius
718 228 815 271 regis
840 224 1031 268 Fiant-iae,
1059 236 1158 272 quem
1185 225 1349 259 similiter
1376 235 1436 259 rex
1463 226 1606 260 miserat

218 292 355 327 Romam
383 303 444 336 pro
474 291 633 325 tributis:
661 289 740 324 huie
765 291 906 336 Pylatus
931 292 1131 325 associatus
1156 301 1230 325 cum
1256 302 1295 325 se
1316 290 1358 325 ab
1388 302 1428 325 eo
1451 291 1606 325 moribus

219 362 253 391 et
273 357 444 390 industria
469 355 639 400 praecelli
664 355 820 398 videret,
867 367 942 391 eum
975 355 1130 390 invidiae
1157 356 1305 390 stimulis
1330 358 1485 402 agitatus
1511 358 1604 390 ocei-

220 421 280 455 dit.
330 421 399 456 Sed
425 431 498 455 eum
527 420 689 462 Romani,
727 421 808 466 quid
843 420 887 455 de
921 432 962 456 eo
996 421 1192 455 faciendum
1227 425 1342 461 esset,
1379 422 1605 466 inquirerent,

220 487 403 521 dixerunt:
441 486 499 520 hie
525 488 554 520 si
585 487 838 531 supervixerit,
873 488 930 532 qui
958 487 1099 520 fratrem
1125 488 1281 528 necavit,
1317 486 1476 520 obsidem
1496 488 1606 532 jugu-

223 553 318 593 lavit,
336 552 554 597 reipublicae
582 553 763 597 plurimum
777 552 873 585 utilis
896 553 962 586 erit
986 556 1019 586 et
1038 552 1130 586 colla.
1152 552 1319 586 ferocium
1337 552 1487 587 hostium
1509 553 1608 588 ferox

221 619 299 661 ipse
324 617 486 651 domabit.
541 618 710 652 Dixerunt
736 627 842 662 ergo:
876 627 948 651 eum
977 628 1057 652 reus
1081 619 1201 651 mortis
1228 617 1419 660 habeatur,
1456 620 1490 652 in
1516 619 1607 653 Pon-

221 688 278 717 tos
302 683 449 717 insulam
485 684 648 729 gentibus
681 683 772 724 illis,
808 694 897 727 qaae
922 683 1051 717 nullum
1087 684 1264 727 patiuntur
1293 682 1468 727 judicem,
1499 684 1610 729 judex

222 748 468 792 praeficiatur,
502 750 531 781 si
559 748 650 781 sorte
687 749 764 791 eJus
797 749 954 792 nequitia
987 749 1141 792 ipsomm
1168 749 1385 781 contumacia
1420 749 1608 787 edometur,

224 813 254 845 si
279 823 367 848 non,
401 811 494 857 quod
528 814 669 847 meruit,
711 814 876 856 patiatur.
925 812 1058 846 Missus
1093 814 1202 858 igitur
1227 812 1367 856 Pylatus
1404 814 1446 847 ad
1473 820 1611 859 gentem

225 878 378 911 ferocem
405 882 439 912 et
463 887 603 911 suorum
626 877 782 922 judicum
808 878 1049 922 pei·eintricem
1076 888 1145 911 non
1173 878 1315 918 inscius,
1344 877 1388 911 ad
1415 889 1503 923 quos
1529 883 1612 914 mis-

225 953 286 976 sus
317 944 362 976 sit
397 947 431 977 et
464 953 565 988 quam
606 941 759 987 pendula
795 944 890 976 vitae
922 952 1008 976 suae
1034 944 1230 985 sententia,
1265 944 1372 977 tacite
1397 954 1467 978 rem
1495 947 1613 979 eonsi-

226 1008 353 1043 ‹lerans
379 1010 481 1042 vitam
508 1018 604 1042 suam
633 1018 776 1042 servare
807 1007 917 1041 voluit
944 1012 978 1042 et
1011 1013 1149 1053 gentem
1175 1017 1322 1053 nequam
1348 1010 1425 1052 ipse
1453 1011 1553 1043 minis
1581 1016 1615 1046 et

225 1075 430 1118 promissis,
465 1074 636 1118 supplicio
673 1077 706 1107 et
730 1074 843 1117 pretio
872 1075 1010 1117 penitus
1044 1074 1260 1118 subjugavit.
1320 1073 1384 1112 Qui
1413 1074 1522 1119 igitur
1544 1080 1613 1110 tam

226 1139 334 1173 durae
359 1140 476 1184 gentis
502 1140 614 1172 victor
636 1140 790 1179 exstitit,
818 1148 838 1171 a
858 1138 987 1172 Pontos
1012 1139 1126 1172 insula
1150 1138 1294 1172 Pontius
1326 1138 1467 1182 Pylatus
1491 1151 1613 1175 nomen

226 1206 371 1249 accepit.
420 1202 578 1239 Herodes
612 1206 726 1237 autem
752 1202 901 1236 hominis
935 1203 1029 1237 illius
1054 1204 1256 1238 industriam
1282 1208 1319 1237 ut
1346 1204 1499 1241 audivit,
1536 1216 1613 1239 ver-

227 1272 330 1304 sutiis
355 1271 431 1314 ejus
455 1268 681 1313 congaudens
705 1271 781 1313 ipse
805 1273 966 1303 versutus
997 1269 1133 1303 eumad
1160 1279 1198 1303 se
1220 1269 1419 1303 uulneribus
1448 1274 1481 1304 et
1505 1272 1613 1305 inter-

228 1337 356 1370 nuntiis
384 1336 542 1368 invitavit
568 1338 601 1368 et
627 1344 733 1378 super
759 1333 927 1368 Judaeam
950 1339 982 1368 et
1001 1333 1195 1369 Jerusalem
1217 1339 1424 1379 potestatem
1450 1339 1483 1369 et
1509 1337 1615 1371 vicem

228 1411 325 1435 suam
347 1402 378 1435 ei
393 1399 550 1434 tradidit.
584 1400 650 1439 Qui
676 1409 748 1433 eum
765 1401 945 1443 pecuniam
962 1400 1246 1434 innumerabilem
1263 1405 1529 1445 congregasset,
1554 1412 1616 1436 ne-

228 1467 360 1501 sciente
385 1465 522 1499 Herode
547 1464 689 1499 Romam
712 1464 801 1498 adiit
824 1469 859 1499 et
882 1464 1046 1499 infinitam
1081 1467 1262 1510 pecuniam
1287 1464 1440 1509 T3berio
1467 1467 1617 1510 impera-

229 1533 298 1565 tori
323 1531 451 1565 obtulit
475 1535 509 1565 et
536 1529 579 1564 ab
608 1540 648 1564 eo
675 1529 744 1563 sihi
770 1529 859 1572 dari,
889 1529 981 1575 quod
1005 1531 1047 1564 ab
1076 1531 1214 1565 Herode
1239 1530 1392 1572 tenebat,
1419 1532 1619 1566 muneribus

230 1598 438 1642 impetravit.
496 1595 744 1640 Hujuscemodi
769 1605 880 1629 eausa
906 1596 989 1629 sae-ti
1017 1600 1095 1630 sunt
1123 1597 1249 1630 inimici
1283 1595 1423 1640 Pylalus
1450 1602 1484 1631 et
1507 1597 1617 1632 Hero-

232 1664 315 1704 deS,
355 1661 584 1707 quoadusque
622 1665 778 1705 tempore
803 1663 980 1705 passionis
1010 1660 1139 1695 domini
1172 1673 1248 1696 eum
1273 1661 1341 1695 sibi
1366 1663 1619 1702 reconciliavit,

232 1739 273 1761 eo
294 1728 387 1772 quod
416 1727 589 1761 dominum
615 1726 660 1760 ad
687 1736 725 1760 so
752 1728 857 1760 misit.
894 1727 975 1760 Alia
1001 1737 1108 1760 causa
1131 1728 1334 1762 inimicitiae
1359 1730 1563 1774 assignatur
1588 1730 1622 1763 in

233 1793 390 1837 hystoria
414 1792 637 1826 scholastica.
688 1790 834 1830 Quidam
860 1794 948 1825 enim
976 1803 1015 1826 se
1043 1792 1148 1825 filium
1174 1792 1237 1825 liei
1265 1792 1400 1826 faciens
1426 1794 1552 1828 multos
1579 1794 1623 1829 de

234 1857 404 1892 Galilaeis
426 1856 626 1897 seduxerat,
654 1866 740 1901 quos
766 1866 839 1889 eum
865 1857 898 1889 in
915 1856 1064 1890 Gai-izim
1092 1856 1308 1897 deduxisset,
1335 1858 1393 1891 ubi
1419 1858 1557 1893 dixerat
1584 1871 1623 1895 se,

234 1923 481 1957 adscensurum
507 1923 540 1955 in
574 1922 725 1962 eoelum,
762 1923 1012 1965 superveniens
1047 1921 1187 1966 Pssatus
1214 1923 1325 1966 ipsum
1358 1934 1431 1956 eum
1465 1924 1624 1958 omnibus

236 1987 365 2021 oceidit
393 1988 538 2028 timens,
574 1998 617 2021 ne
650 1987 810 2020 similiter
834 1987 988 2021 ⁸ludaeos
1017 1986 1212 2021 seduceret.
1264 1987 1315 2022 01»
1345 1987 1411 2021 hoe
1438 1988 1522 2022 faeti
1547 1994 1625 2023 sunt

235 2054 385 2093 inimici,
424 2054 506 2097 quia
532 2052 690 2086 Herodes
717 2051 942 2095 praesidebat
967 2052 1152 2093 Galilaeis‚
1186 2057 1220 2086 et
1246 2057 1395 2097 utraque
1428 2063 1537 2088 causa
1560 2066 1624 2099 po-

235 2118 300 2150 tuit
326 2128 405 2151 esse
432 2128 524 2151 vera.
574 2118 655 2151 Cum
681 2122 794 2151 autem
820 2117 961 2161 Pylatus
988 2118 1159 2151 dominum
1187 2117 1334 2153 Judaeis
1356 2119 1626 2164 crucifigendum

238 2181 464 2220 tradidisset,
502 2183 627 2216 timens
660 2186 776 2217 tamen
805 2183 973 2216 offensam
1000 2183 1143 2227 Tyberii
1170 2183 1326 2216 Caesarii
1359 2193 1400 2217 eo
1426 2184 1517 2228 quod
1543 2194 1625 2218 eon-

239 2246 439 2281 demnasset
464 2248 666 2292 sanguinem
697 2248 930 2284 innocentem,
961 2247 1130 2292 quendam
1157 2246 1224 2280 sibi
1251 2247 1455 2282 familiarem
1483 2260 1545 2292 pro
1571 2251 1625 2283 sui

240 2312 465 2345 excusatione
498 2311 541 2345 ad
570 2312 755 2345 Caesarem
784 2311 982 2345 destinavit.
1041 2311 1178 2345 Interea
1202 2322 1275 2345 eum
1307 2312 1481 2357 ⁷1¹)l)erius
1507 2313 1628 2348 morbo

240 2377 339 2420 gravi
364 2380 553 2417 teneretur,
581 2377 757 2410 nuntiatur
782 2376 904 2411 eidem.
932 2377 1023 2421 quod
1042 2376 1284 2411 llierosolimis
1311 2377 1448 2422 quidam
1474 2378 1628 2413 medieas

242 2445 346 2481 esset,
373 2442 721 2486 quiomnesnmrbos
749 2441 826 2474 solo
853 2441 958 2475 verim
988 2446 1137 2483 curaret,
1165 2444 1327 2476 nesciens
1347 2442 1438 2487 quod
1467 2454 1541 2477 eum
1561 2443 1625 2486 Py-

241 2506 331 2539 latus
362 2511 395 2540 et
427 2505 553 2541 ,ludaei
589 2506 810 2540 occidissent.
872 2506 967 2540 Dixit
999 2508 1117 2551 itaque
1145 2506 1336 2541 Volusiano
1374 2506 1442 2540 sibi
1473 2508 1627 2550 privato:

241 2571 341 2603 titius
369 2571 454 2605 rade
479 2576 575 2605 trans
604 2575 722 2615 partes
747 2572 898 2605 marinas
925 2572 1090 2616 dicesque
1114 2571 1253 2616 P31ato,
1288 2576 1325 2605 ut
1350 2571 1439 2604 liano
1464 2568 1629 2603 medicum

243 2634 324 2667 mihi
351 2636 479 2674 mittat,
512 2637 569 2680 qui
595 2646 647 2669 me
674 2637 843 2679 pristinae
869 2638 1011 2670 sanitati
1035 2639 1205 2671 restituat.
1257 2636 1336 2669 Cum
1361 2638 1473 2667 autem
1502 2633 1561 2668 ille
1586 2634 1629 2667 ad

244 2697 395 2741 l'3latum
431 2701 580 2733 venisset
612 2705 642 2734 et
670 2701 866 2736 mandatum
894 2703 1114 2746 imperatoris
1141 2700 1364 2745 exposuisset
1389 2697 1524 2747 eidem,
1560 2703 1626 2733 ter>
