1742 3005
395 52 495 101 Cap.
528 50 717 88 chxlt.
778 53 834 89 De
867 60 996 90 saneta
1030 53 1247 91 (Tatlierina.
1437 56 1509 92 791

125 159 222 201 ipse3
254 155 320 190 hue
346 156 476 190 faciunt
501 158 611 200 stulti,
638 168 724 202 qnos
754 158 870 203 gloria
897 163 997 194 vexat
1023 160 1148 193 inanis.
1198 158 1372 194 Centiteor
1400 165 1511 193 tamen

125 231 233 256 meam
267 224 471 268 progeniem
505 233 573 257 non
608 228 742 258 tumore
774 224 988 268 jactantiae,
1034 224 1097 258 sed
1143 224 1346 258 tnnnilitatis
1378 234 1507 262 aurore.

124 298 192 334 ego
220 290 308 324 enim
335 300 409 324 sum
438 288 628 323 (latlierina
655 290 749 323 costi
781 292 876 335 regis
903 292 1004 324 urtica
1031 290 1120 331 lilia,
1155 300 1255 334 quae,
1289 291 1447 334 quamvis
1476 292 1507 323 in

121 364 275 399 purpura
310 359 393 389 nata
425 360 459 388 et
497 354 704 389 liberalibus
739 355 936 400 disciplinis
970 367 1038 389 non
1078 355 1300 389 mediocriter
1325 357 1505 399 instructa,

121 420 208 455 baec
240 425 355 455 tamen
395 422 510 454 omnia
543 422 711 454 contemsi
746 424 779 454 et
810 421 854 454 ad
881 421 1053 454 dominum
1079 420 1196 454 Jesum
1224 420 1398 455 Christum
1422 434 1504 456 con-

120 486 206 532 l'ugi.
253 486 309 520 Dii
344 490 477 526 autem,
519 496 606 530 quos
641 486 749 526 colis,
792 496 856 519 nec
899 490 932 519 te
968 496 1033 519 nee
1066 485 1156 518 alios
1188 486 1314 529 juvare
1347 492 1504 529 possunt.

120 552 147 586 0
183 553 292 596 igitur
325 550 485 585 infelices
518 549 636 583 talium
669 550 851 594 ydolorum
891 551 1062 592 cultores,
1103 551 1230 595 quibus
1263 550 1439 584 advocata
1473 554 1506 585 in

118 618 328 652 necessitate
353 626 421 649 non
447 614 596 655 adsunt,
622 616 656 648 in
682 615 911 650 tribulatione
944 627 1010 650 non
1036 620 1261 658 succurrunt,
1289 618 1320 650 in
1349 618 1504 661 periculo

117 693 184 716 non
213 680 424 716 defendunt!
474 680 535 714 Cui
563 691 640 714 rex:
667 682 697 715 si
724 683 773 715 ita
798 686 873 725 est,
908 687 943 716 ut
969 682 1079 723 dicis,
1117 685 1210 715 totus
1239 682 1383 716 mundus
1411 688 1503 717 errat

116 752 151 782 et
174 752 210 781 tu
234 746 313 781 sola
345 756 460 780 verum
494 746 602 785 dic-is;
640 757 715 781 eum
751 752 865 782 tamen
892 758 999 797 <omne
1034 746 1173 781 verbum
1210 749 1242 780 in
1270 758 1332 782 ore
1358 748 1501 782 duorum

117 813 168 848 vel
194 814 293 847 trium
321 813 460 846 testium
486 811 724 853 confirmetur,
759 814 787 846 si
814 813 962 859 angelus
995 822 1111 853 esses,
1146 814 1175 846 si
1210 813 1342 847 coelica
1379 816 1501 855 virtus,

114 878 228 913 adbuc
252 878 315 912 tibi
343 888 441 912 nemo
468 877 610 911 credere
638 877 799 920 deberet,
834 883 961 923 quanto
989 880 1122 919 minus,
1159 888 1231 911 eum
1268 877 1394 912 semina
1430 878 1499 912 sia

112 945 197 990 gilis
238 955 317 979 esse
357 942 539 988 probaris!
599 943 661 977 Cui
703 944 784 977 illa:
831 955 891 985 ne,
937 943 1107 985 obsecro,
1152 944 1284 976 Caesar
1325 953 1345 976 a
1382 943 1499 978 surore

113 1018 172 1045 tuo
206 1015 240 1045 te
275 1010 365 1045 vinci
398 1011 598 1053 permittas,
645 1013 681 1042 ut
714 1011 748 1042 in
783 1011 955 1054 sapientis
990 1010 1104 1043 animo
1141 1020 1206 1042 non
1241 1012 1311 1042 stet
1346 1009 1499 1043 turbatio

112 1077 200 1111 dira.
250 1076 307 1110 Sic
334 1085 480 1120 namque
506 1078 610 1118 poeta
636 1076 706 1109 ait:
731 1079 766 1108 tu
793 1076 822 1108 si
851 1076 966 1108 animo
994 1076 1141 1117 rexeris,
1169 1085 1227 1109 rex
1256 1075 1337 1115 eris,
1365 1075 1395 1107 si
1421 1085 1498 1108 (⁴012

111 1152 208 1187 pore,
233 1151 372 1177 servuS.
419 1139 463 1175 Et
488 1151 567 1175 rex:
596 1144 634 1174 ut
659 1141 771 1182 video,
798 1140 968 1185 pestifera
992 1140 1186 1175 ealliditate
1213 1150 1277 1173 nos
1305 1139 1498 1184 illaqueare

110 1208 282 1253 disponis,
308 1206 386 1240 dum
404 1217 467 1251 per
485 1206 643 1251 exempla
659 1205 946 1251 pbilosophorum
967 1216 1158 1241 sermonem
1179 1204 1385 1250 protrahere
1410 1206 1491 1239 nite

111 1275 172 1310 ris.
206 1272 336 1307 Videns
355 1276 470 1306 autem
490 1273 635 1313 Caesar,
663 1270 755 1317 quod
782 1273 858 1316 ejus
885 1273 1079 1316 sapientiae
1105 1271 1249 1305 obviare
1274 1282 1339 1305 non
1366 1274 1497 1315 posset,

113 1339 290 1374 mandavit
316 1338 451 1371 occulte
477 1348 540 1382 per
565 1337 724 1379 litteras,
759 1342 796 1371 ut
820 1347 938 1372 omnes
965 1339 1182 1383 grammatici
1208 1341 1243 1372 et
1269 1336 1429 1370 rhetores
1450 1335 1494 1369 ad

108 1405 319 1450 praetorium
361 1402 598 1437 Alexandriae
633 1403 840 1438 festinanter
872 1405 1027 1438 venirent
1062 1405 1230 1437 immensa
1264 1412 1405 1436 munera
1439 1412 1491 1436 re-

105 1471 262 1515 cepturi,
296 1470 328 1502 si
361 1469 656 1502 concionatricem
690 1471 856 1514 virginem
890 1472 963 1503 suis
989 1468 1247 1503 assertionibus
1273 1471 1494 1511 superarent.

107 1535 258 1570 Adducti
293 1539 373 1569 sunt
409 1535 518 1580 igitur
552 1534 595 1568 de
620 1534 771 1569 (liversis
798 1536 988 1580 provinciis
1014 1535 1042 1569 L
1069 1538 1249 1575 oratores,
1284 1534 1343 1577 qui
1377 1543 1494 1565 omnes

106 1601 273 1636 mortales
316 1603 349 1634 in
393 1601 486 1634 ouini
517 1600 689 1635 mundana
720 1602 896 1646 sapientia
929 1598 1160 1634 excellebant.
1219 1598 1351 1639 Quibus
1384 1599 1491 1631 inter-

108 1667 335 1714 rogantibus,
369 1677 431 1700 cur
465 1665 508 1701 de
532 1670 602 1700 tam
631 1667 773 1700 remotis
802 1665 960 1710 partibus
986 1667 1123 1700 evocati
1159 1665 1328 1705 fuissent,
1363 1663 1493 1697 Caesar

106 1732 307 1777 respondit:
335 1736 388 1766 est
412 1731 503 1776 apud
531 1742 594 1765 nos
623 1732 793 1776 quaedam
819 1731 937 1776 puella
963 1742 1067 1765 sensu
1093 1734 1127 1765 et
1151 1730 1337 1775 prudentia
1364 1730 1489 1763 inconr

106 1798 297 1843 parabilis⁷
331 1807 421 1843 quae
452 1808 570 1832 omnes
597 1799 776 1842 sapientes
801 1797 958 1831 confutat
982 1801 1016 1831 et
1040 1796 1133 1831 Deos
1160 1806 1278 1830 omnes
1305 1795 1491 1829 daemones

105 1874 186 1899 esse
212 1863 376 1900 affirmat.
425 1862 532 1903 Quam
560 1865 591 1897 si
615 1864 886 1909 superaveritis,
923 1873 997 1897 eum
1022 1862 1155 1896 honore
1183 1872 1309 1907 magno
1337 1860 1380 1894 ad
1411 1871 1472 1905 pro

105 1931 182 1973 pria
201 1929 375 1964 redibitis.
424 1928 479 1963 Ad
499 1928 588 1963 haec
605 1940 691 1964 unus
712 1928 915 1975 indignatus
935 1927 1167 1964 stomachanti
1186 1938 1270 1963 voce
1292 1925 1489 1971 respondit2

104 2006 124 2029 ο
152 2005 314 2040 magnum
339 1996 561 2040 imperatoris
586 1994 792 2036 consilium,
828 1995 885 2039 qui
914 1995 957 2027 ob
991 1996 1092 2028 unius
1118 1993 1327 2039 degenerem
1354 1991 1490 2036 puellae

105 2059 302 2094 conflictum
327 2062 510 2104 sapientes
528 2061 643 2094 mundi
667 2060 710 2094 de
733 2061 878 2093 remotis
896 2058 1054 2102 partibus
1071 2058 1278 2097 advocavit,
1311 2067 1385 2090 cum
1405 2066 1490 2089 unus

104 2126 287 2160 exnostris
307 2124 482 2159 clientulis
505 2135 580 2159 eam
600 2127 741 2169 poterat
757 2124 934 2157 levissime
955 2122 1148 2156 confutare.
1174 2120 1216 2155 Et
1232 2131 1312 2155 rex:
1334 2124 1488 2164 poteram

104 2190 242 2237 quidem
255 2189 346 2224 lianc
364 2191 396 2225 vi
418 2189 462 2225 ad
475 2189 739 2224 sacrificandum
755 2188 933 2233 impellere
952 2191 1012 2223 aut
1029 2188 1152 2232 poenis
1169 2187 1407 2232 exstinguere,
1427 2184 1488 2219 sed

104 2256 227 2291 melius
240 2255 412 2302 Judieavi‚
430 2260 467 2290 ut
482 2257 609 2292 vestris
626 2255 840 2300 argumentis
856 2255 993 2298 penitus
1012 2252 1220 2288 confutetur.
1248 2251 1311 2287 Cui
1327 2250 1378 2284 illi
1390 2250 1487 2284 dixe0

108 2327 206 2357 runt:
233 2322 428 2357 adducatur
446 2331 562 2357 eoram
581 2321 683 2356 nobis
704 2320 841 2366 puella,
870 2323 908 2354 ut
925 2329 988 2354 sua
1011 2320 1209 2353 temeritate
1223 2317 1383 2352 convicta
1402 2326 1487 2348 nun—

108 2398 209 2434 quam
229 2398 267 2423 se
287 2389 465 2433 sapientes
483 2387 614 2423 vidisse
631 2391 835 2433 cognoseat.
885 2385 954 2420 Sed
973 2396 1046 2419 cum
1069 2386 1169 2430 virgo
1188 2386 1373 2421 certamen,
1399 2380 1490 2425 quod

103 2454 173 2490 sibi
191 2453 403 2496 imminebat,
431 2453 626 2497 didicisset,
653 2457 763 2488 totam
782 2463 821 2487 se
840 2453 980 2487 domino
996 2449 1250 2484 commendavit
1273 2452 1307 2482 et
1329 2456 1408 2482 ecce
1428 2455 1489 2480 an-

104 2519 209 2567 gelus
229 2518 362 2553 domini
381 2520 521 2554 adstitit
540 2519 608 2553 sibi
633 2523 678 2561 et,
706 2522 744 2553 ut
761 2521 964 2552 constanter
979 2520 1101 2559 staret,
1121 2516 1299 2550 admonuit
1315 2522 1489 2552 asserens,

105 2585 198 2632 quod
233 2596 302 2620 non
336 2585 447 2620 solum
480 2585 523 2619 ab
557 2585 612 2619 liis
640 2577 728 2619 vinei
762 2595 829 2618 non
864 2585 1014 2628 poterit,
1048 2582 1110 2618 sed
1136 2583 1278 2627 insuper
1303 2580 1365 2614 illa
1391 2580 1489 2622 ipsos

103 2661 292 2688 conversos
330 2651 374 2687 ad
410 2651 555 2697 palmam
582 2651 726 2685 martirii
758 2648 959 2685 destinabit.
1010 2650 1091 2685 Cum
1119 2658 1203 2694 ergo
1228 2657 1344 2682 eoram
1371 2649 1487 2680 orato-
