1742 3005
258 114 339 152 (326
466 114 560 163 Cap.
594 113 707 149 cxl..
768 112 825 148 De
868 119 996 148 sancto
1029 111 1222 149 Matthaeo
1255 111 1442 162 apostolo.

262 221 396 254 ratione
422 217 705 250 documentorum
721 240 731 257 ,
760 217 841 261 quia
867 215 915 249 ibi
940 225 1067 260 magna
1094 216 1300 251 documenta
1326 215 1502 256 exhibuit,
1535 215 1644 247 sieut:

261 280 538 317 misericordiam
564 281 662 322 volo,
701 285 736 316 et
769 291 838 315 non
871 279 1099 323 sacrificiunt,
1131 285 1183 315 et:
1218 291 1288 315 non
1319 285 1442 326 egent,
1479 281 1537 325 qui
1570 279 1647 312 sani

261 352 363 391 sunt,
401 346 536 381 medico
572 350 637 381 etc.
689 346 820 386 Quarto
852 348 986 381 ratione
1019 348 1264 388 invitatorum,
1307 347 1390 391 quia
1421 345 1539 390 magni
1574 343 1647 377 dis-

251 404 464 448 cumbentes
492 413 594 446 etiam
624 413 758 446 invitati
785 412 934 453 suerunt,
961 412 1097 446 seilicet
1124 411 1284 446 Christus
1313 414 1347 446 et
1372 410 1536 454 discipuli
1560 412 1648 453 ejus.

263 478 421 513 Tertium
452 478 530 523 ejus
566 477 764 519 humilitas,
798 488 888 523 quae
921 480 1085 523 apparuit
1117 479 1152 511 in
1177 477 1327 514 duobus.
1374 475 1489 511 Primo
1514 476 1549 507 in
1573 473 1650 514 hoe,

263 544 356 589 quod
391 554 430 578 se
463 543 683 588 publicanum
718 544 969 580 manifestavit.
1019 542 1160 578 Caeteri
1198 542 1460 588 evangelistae,
1501 543 1538 574 ut
1570 538 1654 573 dicit

265 609 411 651 Glossa,
442 609 675 644 verecundiae
701 619 808 644 causa
834 612 869 643 et
893 609 1135 655 evangelistae
1169 607 1303 643 honore
1327 617 1453 642 nomen
1476 605 1652 651 vulgatum

263 685 332 708 non
358 678 509 718 ponunt,
540 676 629 719 ipse,
655 674 841 709 secundum
868 674 960 719 quod
987 676 1152 719 seriptum
1178 677 1250 715 est,
1272 675 1390 718 justus
1415 672 1573 717 inprimis
1600 672 1655 705 est

264 743 450 772 accusator
475 740 550 779 sui,
585 739 803 773 Matthaeum
831 749 869 774 se
894 744 928 773 et
953 739 1177 783 publicanum
1201 740 1376 780 nominat,
1414 742 1451 772 ut
1477 735 1653 777 ostendat,

264 804 393 838 nullum
429 814 633 838 conversum
667 803 798 838 debere
833 803 876 838 de
910 804 1023 838 salute
1058 803 1239 845 dissidere,
1285 814 1360 837 cum
1403 802 1588 848 apostolus
1621 804 1656 836 et

265 869 486 915 evangelista
511 868 553 903 de
578 868 765 914 publicano
792 873 936 913 repente
957 870 1003 903 sit
1032 869 1157 904 faetus.
1205 868 1367 915 Secundo
1394 870 1429 902 in
1453 868 1534 910 hoe,
1562 866 1654 911 quod

266 934 310 969 ad
337 945 419 969 suas
444 935 592 980 injurias
618 935 757 978 patiens
782 933 857 968 suit.
907 934 1052 974 Quando
1080 935 1168 969 enim
1190 933 1370 979 pharisaei
1386 931 1654 972 murmurabant,

267 1000 361 1046 quod
388 999 548 1035 Christus
575 999 617 1033 ad
643 999 814 1034 hominem
840 1005 1060 1044 peccatorem
1092 1000 1359 1045 ¹)devertisset,
1403 999 1577 1044 potuisset
1611 998 1654 1030 iis

270 1067 436 1110 ³¹)merito
457 1065 673 1109 respondere
693 1075 732 1099 ac
754 1065 891 1100 dicere:
920 1076 980 1099 vos
997 1067 1115 1110 potius
1131 1067 1249 1100 miseri
1270 1076 1311 1099 ac
1333 1068 1539 1110 peccatores
1556 1063 1655 1103 estis,

267 1133 324 1176 qui
353 1141 414 1164 vos
434 1132 552 1174 Justos
579 1130 792 1165 arbitrantes
817 1130 985 1165 medicum
1012 1130 1187 1175 refugitis,
1217 1142 1284 1176 ego
1302 1135 1414 1165 autem
1430 1131 1502 1175 Jam
1529 1137 1654 1174 pecca-

268 1201 324 1230 tor
359 1196 426 1230 dici
462 1206 529 1229 non
565 1195 686 1235 valeo,
733 1197 791 1240 qui
823 1196 867 1230 ad
903 1196 1068 1230 medicum
1103 1197 1227 1231 salutis
1266 1196 1430 1241 confugio
1472 1199 1505 1229 et
1543 1193 1655 1229 eidem

269 1262 389 1296 vulnus
415 1272 525 1295 meum
551 1271 619 1294 nou
644 1260 834 1295 abscondo.
884 1262 1049 1301 Quartum
1075 1266 1128 1296 est
1153 1262 1327 1307 evangelii
1356 1262 1466 1305 ipsius
1489 1261 1521 1293 in
1541 1259 1655 1294 ecele-

267 1329 322 1362 sia
347 1337 472 1372 magua
498 1326 728 1361 sollemnitas.
777 1326 862 1372 Ejus
894 1330 981 1362 enim
1014 1327 1234 1372 evangelium
1263 1337 1346 1371 prae
1371 1327 1519 1361 caeteris
1547 1334 1653 1359 evau-

268 1393 372 1439 geliis
399 1394 511 1437 magis
537 1393 572 1426 in
599 1392 750 1427 ecclesia
774 1393 1027 1438 frequentatur,
1053 1394 1141 1427 sicut
1163 1393 1286 1436 psalmi
1305 1391 1416 1426 David
1435 1395 1469 1425 et
1484 1389 1655 1434 epistolae

270 1458 365 1493 Pauli
393 1468 477 1502 prae
502 1460 654 1493 caeteris
680 1460 863 1504 seripturis
889 1459 1038 1503 amplius
1065 1461 1098 1493 in
1125 1458 1274 1493 ecclesia
1300 1459 1499 1492 recitantur.
1548 1456 1656 1500 CuJus

268 1524 355 1558 haee
385 1528 437 1558 est
464 1525 572 1564 ratio,
608 1526 769 1569 quoniam
798 1529 887 1560 teste
910 1525 1046 1560 ,Iacobo
1070 1527 1139 1559 tria
1165 1529 1243 1558 sunt
1265 1533 1399 1569 genera
1421 1525 1655 1568 peecatorum,

268 1589 403 1623 scilicet
421 1592 600 1631 peccatum
617 1590 817 1634 superbiae,
842 1590 1041 1633 ³)luxuriae
1054 1592 1279 1625 etavaritiae.
1308 1589 1456 1624 Peccato
1469 1586 1656 1632 superbiae

269 1654 429 1699 peccavit
446 1653 573 1687 Saulus
595 1664 615 1688 a
634 1654 739 1689 Saule
756 1656 1008 1699 superbissimo
1025 1666 1110 1702 rege
1128 1655 1253 1698 dietus,
1276 1655 1530 1701 quiecclesiam
1551 1662 1657 1696 super

268 1719 403 1753 modum
424 1723 628 1763 persecutus
649 1723 713 1753 est.
742 1719 890 1754 Peccato
909 1721 1068 1756 luxuriae
1090 1723 1248 1765 peccavit
1264 1720 1394 1762 David,
1417 1721 1474 1765 qui
1494 1723 1527 1753 et
1553 1717 1653 1752 adul-

270 1786 392 1820 terium
409 1784 580 1818 commisit
598 1788 631 1818 et
650 1788 794 1829 propter
817 1785 1023 1820 adulterium
1043 1785 1279 1820 fidelissimum
1299 1785 1441 1820 militem
1456 1783 1569 1819 Uriam
1594 1792 1653 1817 oc-

267 1849 364 1883 cidit.
392 1848 538 1883 Peccato
557 1852 728 1884 avaritiae
748 1852 906 1893 peccavit
925 1850 1137 1893 Matthaeus,
1164 1852 1222 1895 qui
1251 1861 1313 1894 per
1338 1851 1520 1884 avaritiam
1546 1848 1653 1882 luc-ris

268 1913 429 1958 turpibus
456 1913 636 1957 inhiabat,
673 1914 736 1948 suit
768 1917 856 1949 enim
893 1916 1119 1950 telonearius.
1167 1915 1229 1949 Est
1252 1919 1364 1949 autem
1390 1914 1585 1955 teloneum,
1617 1916 1653 1946 ut

268 1978 352 2012 dicit
377 1978 558 2021 Ysidorus,
584 1980 680 2014 locus
710 1982 742 2014 in
768 1985 869 2025 portu
896 1983 1014 2022 maris,
1041 1980 1099 2014 ubi
1122 1991 1252 2014 merces
1271 1981 1404 2013 navium
1423 1983 1456 2013 et
1472 1982 1652 2012 nautarum

269 2046 497 2080 emolumenta
532 2045 740 2087 redduntur,
776 2046 867 2080 telos
906 2051 1019 2080 autem
1047 2056 1195 2091 graece,
1230 2049 1267 2079 nt
1293 2044 1376 2078 dicit
1398 2043 1514 2084 Beda,
1545 2043 1652 2078 latine

267 2111 395 2144 dicitur
433 2110 597 2155 ret-tigal.
644 2109 744 2145 Licet
787 2106 895 2156 igitur
935 2112 992 2145 isti
1031 2114 1235 2155 peccatores
1278 2111 1492 2150 exstiterint,
1535 2119 1652 2143 eorum

268 2181 380 2210 tamen
407 2176 623 2219 poenitentia
648 2175 738 2210 adeo
766 2176 917 2220 placuit,
942 2179 978 2209 ut
1002 2186 1069 2209 uon
1095 2176 1205 2210 solum
1231 2175 1388 2210 domiuus
1405 2185 1523 2210 eorum
1540 2174 1653 2219 culpis

267 2243 487 2286 ignosceret,
513 2239 575 2273 scd
602 2241 705 2274 etiam
733 2242 766 2275 in
793 2243 834 2275 iis
862 2241 955 2275 dona
980 2250 1043 2275 sua
1068 2240 1292 2285 multiplicius
1316 2240 1517 2275 eiunularet.
1566 2238 1651 2273 Nam

266 2306 507 2339 saevissimum
534 2309 793 2349 persecutorem
818 2306 901 2341 feeit
926 2306 1163 2340 lidelissinuim
1188 2306 1488 2351 praedicatorem,
1514 2305 1651 2340 adulte-

267 2381 339 2405 rum
366 2375 400 2404 et
424 2369 631 2404 homicidam
658 2370 740 2405 fecit
767 2371 971 2416 prophetam
998 2376 1032 2406 et
1052 2372 1267 2415 psalmistam
1287 2376 1321 2406 et
1339 2371 1445 2405 lucris
1464 2370 1650 2405 inhiantem

267 2439 301 2470 et
335 2434 496 2479 cupidum
529 2435 610 2470 fecit
640 2437 837 2480 apostolum
877 2441 912 2472 et
947 2437 1212 2482 evangelistam.
1260 2436 1342 2472 ldeo
1384 2438 1492 2482 igitur
1529 2435 1649 2470 horum

266 2502 368 2535 trium
399 2500 495 2535 dicta
527 2500 627 2535 nobis
661 2505 728 2536 tam
763 2502 979 2548 frequentius
1010 2503 1219 2545 recitantur,
1252 2506 1289 2536 ut
1312 2502 1444 2543 nullus,
1477 2501 1534 2546 qui
1563 2509 1646 2534 con-

335 2621 361 2651 1)
382 2620 433 2646 Ed.
461 2624 502 2647 t'r.
531 2621 826 2650 ‹loson-...tisss-e.
932 2625 960 2656 2¹)
980 2617 1056 2650 Alii:
1077 2623 1299 2649 Matthaeus
1326 2617 1582 2653 respondisse
1607 2628 1646 2644 ar·

267 2662 423 2690 dixisse.
536 2667 554 2697 ἲ)
575 2666 625 2694 Ed.
648 2670 688 2693 Ιϊ.
709 2668 819 2694 oinium
843 2668 949 2693 wrtm:
979 2666 1159 2693 luxuri-w·-
1185 2680 1214 2686 --
1245 2663 1462 2699 superbiae
1481 2667 1509 2689 vt
1531 2667 1643 2689 tantuin

266 2704 346 2730 ‚ulnlit
368 2716 383 2736 q
397 2716 411 2730 ιι
424 2716 448 2731 υΔ
