<?xml version="1.0" encoding="UTF-8"?>
<!DOCTYPE html PUBLIC "-//W3C//DTD XHTML 1.0 Transitional//EN"
    "http://www.w3.org/TR/xhtml1/DTD/xhtml1-transitional.dtd">
<html xmlns="http://www.w3.org/1999/xhtml" xml:lang="en" lang="en">
 <head>
  <title>
</title>
<meta http-equiv="Content-Type" content="text/html;charset=utf-8" />
  <meta name='ocr-system' content='tesseract 3.04.00' />
  <meta name='ocr-capabilities' content='ocr_page ocr_carea ocr_par ocr_line ocrx_word'/>
</head>
<body>
  <div class='ocr_page' id='page_1' title='image "./legendaaureavulg00jacouoft_0145.png"; bbox 0 0 1742 3005; ppageno 0'>
   <div class='ocr_carea' id='block_1_1' title="bbox 206 100 1483 152">
    <p class='ocr_par' dir='ltr' id='par_1_1' title="bbox 206 100 1483 152">
     <span class='ocr_line' id='line_1_1' title="bbox 206 100 1483 152; baseline 0.002 -13"><span class='ocrx_word' id='word_1_1' title='bbox 206 103 306 152; x_wconf 75' lang='lat' dir='ltr'>Cap.</span> <span class='ocrx_word' id='word_1_2' title='bbox 340 100 497 138; x_wconf 80' lang='lat' dir='ltr'>xxvu.</span> <span class='ocrx_word' id='word_1_3' title='bbox 555 102 613 139; x_wconf 84' lang='lat' dir='ltr'>De</span> <span class='ocrx_word' id='word_1_4' title='bbox 646 108 774 139; x_wconf 78' lang='lat' dir='ltr'>sancto</span> <span class='ocrx_word' id='word_1_5' title='bbox 807 102 979 139; x_wconf 75' lang='lat' dir='ltr'>Johanue</span> <span class='ocrx_word' id='word_1_6' title='bbox 1011 102 1325 139; x_wconf 75' lang='lat' dir='ltr'>Eleemosinario.</span> <span class='ocrx_word' id='word_1_7' title='bbox 1407 104 1483 141; x_wconf 74' lang='lat'>129</span> 
     </span>
    </p>
   </div>
   <div class='ocr_carea' id='block_1_2' title="bbox 82 205 1511 2029">
    <p class='ocr_par' dir='ltr' id='par_1_2' title="bbox 82 205 1511 2029">
     <span class='ocr_line' id='line_1_2' title="bbox 92 205 1480 253; baseline 0 -12"><span class='ocrx_word' id='word_1_8' title='bbox 92 208 199 250; x_wconf 82' lang='lat' dir='ltr'>baris,</span> <span class='ocrx_word' id='word_1_9' title='bbox 229 208 390 253; x_wconf 84' lang='lat' dir='ltr'>quoniam</span> <span class='ocrx_word' id='word_1_10' title='bbox 415 208 558 242; x_wconf 86' lang='lat' dir='ltr'>mentita</span> <span class='ocrx_word' id='word_1_11' title='bbox 584 218 641 248; x_wconf 82' lang='lat' dir='ltr'>es3</span> <span class='ocrx_word' id='word_1_12' title='bbox 680 211 715 241; x_wconf 90' lang='lat' dir='ltr'>ut</span> <span class='ocrx_word' id='word_1_13' title='bbox 745 206 935 242; x_wconf 77' lang='lat' dir='ltr'><strong>fornicetur</strong></span> <span class='ocrx_word' id='word_1_14' title='bbox 958 208 1066 248; x_wconf 72' lang='lat' dir='ltr'>enim,</span> <span class='ocrx_word' id='word_1_15' title='bbox 1091 205 1285 252; x_wconf 79' lang='lat' dir='ltr'>ingreditur</span> <span class='ocrx_word' id='word_1_16' title='bbox 1310 208 1480 252; x_wconf 74' lang='lat' dir='ltr'>pessimus·</span> 
     </span>
     <span class='ocr_line' id='line_1_3' title="bbox 90 271 1476 318; baseline 0.001 -12"><span class='ocrx_word' id='word_1_17' title='bbox 90 275 156 307; x_wconf 86' lang='lat' dir='ltr'>iste</span> <span class='ocrx_word' id='word_1_18' title='bbox 184 276 219 308; x_wconf 88' lang='lat' dir='ltr'>et</span> <span class='ocrx_word' id='word_1_19' title='bbox 243 283 312 307; x_wconf 88' lang='lat' dir='ltr'>non</span> <span class='ocrx_word' id='word_1_20' title='bbox 339 276 483 318; x_wconf 85' lang='lat' dir='ltr'>propter</span> <span class='ocrx_word' id='word_1_21' title='bbox 508 272 613 307; x_wconf 87' lang='lat' dir='ltr'>aliud.</span> <span class='ocrx_word' id='word_1_22' title='bbox 671 272 826 318; x_wconf 78' lang='lat' dir='ltr'>Vespere</span> <span class='ocrx_word' id='word_1_23' title='bbox 854 277 967 307; x_wconf 90' lang='lat' dir='ltr'>autem</span> <span class='ocrx_word' id='word_1_24' title='bbox 997 271 1088 306; x_wconf 83' lang='lat' dir='ltr'>facto</span> <span class='ocrx_word' id='word_1_25' title='bbox 1115 271 1252 307; x_wconf 83' lang='lat' dir='ltr'>dicebat</span> <span class='ocrx_word' id='word_1_26' title='bbox 1279 272 1476 317; x_wconf 80' lang='lat' dir='ltr'>praedictus</span> 
     </span>
     <span class='ocr_line' id='line_1_4' title="bbox 92 337 1478 384; baseline 0.001 -12"><span class='ocrx_word' id='word_1_27' title='bbox 92 337 216 372; x_wconf 79' lang='lat' dir='ltr'>vitalis</span> <span class='ocrx_word' id='word_1_28' title='bbox 237 340 369 372; x_wconf 89' lang='lat' dir='ltr'>cunctis</span> <span class='ocrx_word' id='word_1_29' title='bbox 396 338 636 373; x_wconf 86' lang='lat' dir='ltr'>audientibus:</span> <span class='ocrx_word' id='word_1_30' title='bbox 686 338 765 372; x_wconf 84' lang='lat' dir='ltr'>volo</span> <span class='ocrx_word' id='word_1_31' title='bbox 799 340 870 380; x_wconf 88' lang='lat' dir='ltr'>ire,</span> <span class='ocrx_word' id='word_1_32' title='bbox 916 339 998 383; x_wconf 87' lang='lat' dir='ltr'>quia</span> <span class='ocrx_word' id='word_1_33' title='bbox 1023 338 1104 371; x_wconf 82' lang='lat' dir='ltr'>talis</span> <span class='ocrx_word' id='word_1_34' title='bbox 1131 337 1269 372; x_wconf 86' lang='lat' dir='ltr'>domina</span> <span class='ocrx_word' id='word_1_35' title='bbox 1297 343 1478 384; x_wconf 70' lang='lat' dir='ltr'>exspectat</span> 
     </span>
     <span class='ocr_line' id='line_1_5' title="bbox 89 403 1477 451; baseline 0.001 -14"><span class='ocrx_word' id='word_1_36' title='bbox 89 414 155 439; x_wconf 88' lang='lat' dir='ltr'>mc.</span> <span class='ocrx_word' id='word_1_37' title='bbox 224 403 346 439; x_wconf 81' lang='lat' dir='ltr'>Multis</span> <span class='ocrx_word' id='word_1_38' title='bbox 384 415 467 440; x_wconf 77' lang='lat' dir='ltr'>vero</span> <span class='ocrx_word' id='word_1_39' title='bbox 500 406 594 439; x_wconf 88' lang='lat' dir='ltr'>illum</span> <span class='ocrx_word' id='word_1_40' title='bbox 629 404 890 440; x_wconf 75' lang='lat' dir='ltr'>crIminantihus</span> <span class='ocrx_word' id='word_1_41' title='bbox 917 403 1172 447; x_wconf 84' lang='lat' dir='ltr'>respondebat:</span> <span class='ocrx_word' id='word_1_42' title='bbox 1220 404 1384 449; x_wconf 87' lang='lat' dir='ltr'>numquid</span> <span class='ocrx_word' id='word_1_43' title='bbox 1410 415 1477 451; x_wconf 78' lang='lat' dir='ltr'>ego</span> 
     </span>
     <span class='ocr_line' id='line_1_6' title="bbox 89 467 1477 515; baseline 0.002 -13"><span class='ocrx_word' id='word_1_44' title='bbox 89 479 157 503; x_wconf 91' lang='lat' dir='ltr'>non</span> <span class='ocrx_word' id='word_1_45' title='bbox 181 468 296 504; x_wconf 88' lang='lat' dir='ltr'>haheo</span> <span class='ocrx_word' id='word_1_46' title='bbox 321 479 460 515; x_wconf 86' lang='lat' dir='ltr'>corpus,</span> <span class='ocrx_word' id='word_1_47' title='bbox 489 475 524 504; x_wconf 91' lang='lat' dir='ltr'>ut</span> <span class='ocrx_word' id='word_1_48' title='bbox 550 480 688 511; x_wconf 88' lang='lat' dir='ltr'>omnes,</span> <span class='ocrx_word' id='word_1_49' title='bbox 717 474 777 503; x_wconf 89' lang='lat' dir='ltr'>aut</span> <span class='ocrx_word' id='word_1_50' title='bbox 799 467 978 503; x_wconf 88' lang='lat' dir='ltr'>monachis</span> <span class='ocrx_word' id='word_1_51' title='bbox 1005 468 1116 502; x_wconf 91' lang='lat' dir='ltr'>solum</span> <span class='ocrx_word' id='word_1_52' title='bbox 1139 469 1250 502; x_wconf 85' lang='lat' dir='ltr'>iratus</span> <span class='ocrx_word' id='word_1_53' title='bbox 1276 474 1330 504; x_wconf 88' lang='lat' dir='ltr'>est</span> <span class='ocrx_word' id='word_1_54' title='bbox 1358 470 1477 505; x_wconf 76' lang='lat' dir='ltr'>Deus?</span> 
     </span>
     <span class='ocr_line' id='line_1_7' title="bbox 90 525 1477 580; baseline 0.002 -12"><span class='ocrx_word' id='word_1_55' title='bbox 90 533 179 569; x_wconf 78' lang='lat' dir='ltr'>Vere</span> <span class='ocrx_word' id='word_1_56' title='bbox 205 525 239 570; x_wconf 84' lang='lat' dir='ltr'>et</span> <span class='ocrx_word' id='word_1_57' title='bbox 262 536 331 580; x_wconf 88' lang='lat' dir='ltr'>ipsi</span> <span class='ocrx_word' id='word_1_58' title='bbox 355 540 435 569; x_wconf 89' lang='lat' dir='ltr'>sunt</span> <span class='ocrx_word' id='word_1_59' title='bbox 457 535 614 571; x_wconf 89' lang='lat' dir='ltr'>homines</span> <span class='ocrx_word' id='word_1_60' title='bbox 640 539 678 569; x_wconf 91' lang='lat' dir='ltr'>ut</span> <span class='ocrx_word' id='word_1_61' title='bbox 701 535 842 569; x_wconf 86' lang='lat' dir='ltr'>caeteri.</span> <span class='ocrx_word' id='word_1_62' title='bbox 898 533 1067 569; x_wconf 75' lang='lat' dir='ltr'><strong>Dicebant</strong></span> <span class='ocrx_word' id='word_1_63' title='bbox 1091 538 1205 569; x_wconf 87' lang='lat' dir='ltr'>autem</span> <span class='ocrx_word' id='word_1_64' title='bbox 1231 535 1390 579; x_wconf 86' lang='lat' dir='ltr'>quidam:</span> <span class='ocrx_word' id='word_1_65' title='bbox 1419 547 1477 571; x_wconf 85' lang='lat' dir='ltr'>ac-</span> 
     </span>
     <span class='ocr_line' id='line_1_8' title="bbox 89 598 1477 645; baseline 0.003 -12"><span class='ocrx_word' id='word_1_66' title='bbox 89 601 164 645; x_wconf 79' lang='lat' dir='ltr'>cipe</span> <span class='ocrx_word' id='word_1_67' title='bbox 188 600 254 634; x_wconf 88' lang='lat' dir='ltr'>tihi</span> <span class='ocrx_word' id='word_1_68' title='bbox 278 600 455 635; x_wconf 84' lang='lat' dir='ltr'>mulierem</span> <span class='ocrx_word' id='word_1_69' title='bbox 480 610 593 643; x_wconf 79' lang='lat' dir='ltr'>unam,</span> <span class='ocrx_word' id='word_1_70' title='bbox 620 600 726 642; x_wconf 86' lang='lat' dir='ltr'>abba,</span> <span class='ocrx_word' id='word_1_71' title='bbox 751 604 786 635; x_wconf 89' lang='lat' dir='ltr'>et</span> <span class='ocrx_word' id='word_1_72' title='bbox 810 604 904 634; x_wconf 90' lang='lat' dir='ltr'>muta</span> <span class='ocrx_word' id='word_1_73' title='bbox 930 598 1097 642; x_wconf 86' lang='lat' dir='ltr'>habitum,</span> <span class='ocrx_word' id='word_1_74' title='bbox 1121 604 1239 634; x_wconf 88' lang='lat' dir='ltr'>utnon</span> <span class='ocrx_word' id='word_1_75' title='bbox 1260 601 1477 637; x_wconf 83' lang='lat' dir='ltr'>scandalises</span> 
     </span>
     <span class='ocr_line' id='line_1_9' title="bbox 88 665 1475 712; baseline 0.003 -13"><span class='ocrx_word' id='word_1_76' title='bbox 88 665 188 700; x_wconf 89' lang='lat' dir='ltr'>alios.</span> <span class='ocrx_word' id='word_1_77' title='bbox 236 665 298 700; x_wconf 87' lang='lat' dir='ltr'>llle</span> <span class='ocrx_word' id='word_1_78' title='bbox 324 669 438 701; x_wconf 84' lang='lat' dir='ltr'>autem</span> <span class='ocrx_word' id='word_1_79' title='bbox 465 666 600 712; x_wconf 86' lang='lat' dir='ltr'>fingens</span> <span class='ocrx_word' id='word_1_80' title='bbox 625 677 663 702; x_wconf 91' lang='lat' dir='ltr'>se</span> <span class='ocrx_word' id='word_1_81' title='bbox 691 668 817 701; x_wconf 88' lang='lat' dir='ltr'>iratum</span> <span class='ocrx_word' id='word_1_82' title='bbox 841 665 1000 700; x_wconf 87' lang='lat' dir='ltr'>dicebat:</span> <span class='ocrx_word' id='word_1_83' title='bbox 1042 676 1125 700; x_wconf 77' lang='lat' dir='ltr'>vere</span> <span class='ocrx_word' id='word_1_84' title='bbox 1148 677 1217 700; x_wconf 88' lang='lat' dir='ltr'>non</span> <span class='ocrx_word' id='word_1_85' title='bbox 1237 667 1375 702; x_wconf 81' lang='lat' dir='ltr'>audiam</span> <span class='ocrx_word' id='word_1_86' title='bbox 1402 679 1475 709; x_wconf 72' lang='lat' dir='ltr'>vos,</span> 
     </span>
     <span class='ocr_line' id='line_1_10' title="bbox 87 730 1476 777; baseline 0.004 -13"><span class='ocrx_word' id='word_1_87' title='bbox 87 732 134 766; x_wconf 91' lang='lat' dir='ltr'>ite</span> <span class='ocrx_word' id='word_1_88' title='bbox 160 740 182 765; x_wconf 88' lang='lat' dir='ltr'>a</span> <span class='ocrx_word' id='word_1_89' title='bbox 205 740 268 765; x_wconf 88' lang='lat' dir='ltr'>me.</span> <span class='ocrx_word' id='word_1_90' title='bbox 316 730 381 771; x_wconf 83' lang='lat' dir='ltr'>Qui</span> <span class='ocrx_word' id='word_1_91' title='bbox 411 732 484 766; x_wconf 80' lang='lat' dir='ltr'>vult</span> <span class='ocrx_word' id='word_1_92' title='bbox 510 732 764 774; x_wconf 85' lang='lat' dir='ltr'>scandalisari,</span> <span class='ocrx_word' id='word_1_93' title='bbox 802 731 1060 766; x_wconf 86' lang='lat' dir='ltr'>scandalisetur</span> <span class='ocrx_word' id='word_1_94' title='bbox 1084 736 1118 766; x_wconf 92' lang='lat' dir='ltr'>et</span> <span class='ocrx_word' id='word_1_95' title='bbox 1150 733 1184 777; x_wconf 86' lang='lat'>¹)</span> <span class='ocrx_word' id='word_1_96' title='bbox 1211 733 1354 768; x_wconf 89' lang='lat' dir='ltr'>collidat</span> <span class='ocrx_word' id='word_1_97' title='bbox 1381 735 1476 769; x_wconf 80' lang='lat' dir='ltr'>fron-</span> 
     </span>
     <span class='ocr_line' id='line_1_11' title="bbox 86 797 1511 844; baseline 0.004 -14"><span class='ocrx_word' id='word_1_98' title='bbox 86 800 153 831; x_wconf 86' lang='lat' dir='ltr'>tem</span> <span class='ocrx_word' id='word_1_99' title='bbox 179 797 213 830; x_wconf 87' lang='lat' dir='ltr'>in</span> <span class='ocrx_word' id='word_1_100' title='bbox 237 797 417 842; x_wconf 87' lang='lat' dir='ltr'>parietem.</span> <span class='ocrx_word' id='word_1_101' title='bbox 443 798 616 844; x_wconf 81' lang='lat' dir='ltr'>Numquid</span> <span class='ocrx_word' id='word_1_102' title='bbox 637 797 775 844; x_wconf 87' lang='lat' dir='ltr'>judices</span> <span class='ocrx_word' id='word_1_103' title='bbox 799 799 978 832; x_wconf 88' lang='lat' dir='ltr'>constituti</span> <span class='ocrx_word' id='word_1_104' title='bbox 1003 799 1087 832; x_wconf 88' lang='lat' dir='ltr'>estis</span> <span class='ocrx_word' id='word_1_105' title='bbox 1112 808 1219 842; x_wconf 86' lang='lat' dir='ltr'>super</span> <span class='ocrx_word' id='word_1_106' title='bbox 1243 810 1295 834; x_wconf 88' lang='lat' dir='ltr'>me</span> <span class='ocrx_word' id='word_1_107' title='bbox 1323 809 1344 834; x_wconf 87' lang='lat' dir='ltr'>a</span> <span class='ocrx_word' id='word_1_108' title='bbox 1372 800 1476 836; x_wconf 81' lang='lat' dir='ltr'>Deo?</span> <span class='ocrx_word' id='word_1_109' title='bbox 1507 818 1511 822; x_wconf 45' lang='lat'><strong>¹</strong></span> 
     </span>
     <span class='ocr_line' id='line_1_12' title="bbox 86 861 1475 909; baseline 0.004 -14"><span class='ocrx_word' id='word_1_110' title='bbox 86 861 136 896; x_wconf 86' lang='lat' dir='ltr'>Ite</span> <span class='ocrx_word' id='word_1_111' title='bbox 173 866 206 896; x_wconf 84' lang='lat' dir='ltr'>et</span> <span class='ocrx_word' id='word_1_112' title='bbox 244 861 345 897; x_wconf 81' lang='lat' dir='ltr'>vobis</span> <span class='ocrx_word' id='word_1_113' title='bbox 379 874 497 898; x_wconf 84' lang='lat' dir='ltr'>curam</span> <span class='ocrx_word' id='word_1_114' title='bbox 529 864 676 907; x_wconf 86' lang='lat' dir='ltr'>habete,</span> <span class='ocrx_word' id='word_1_115' title='bbox 725 875 788 899; x_wconf 63' lang='lat' dir='ltr'>vos</span> <span class='ocrx_word' id='word_1_116' title='bbox 823 874 887 909; x_wconf 89' lang='lat' dir='ltr'>pro</span> <span class='ocrx_word' id='word_1_117' title='bbox 915 874 968 898; x_wconf 88' lang='lat' dir='ltr'>me</span> <span class='ocrx_word' id='word_1_118' title='bbox 1001 874 1068 897; x_wconf 92' lang='lat' dir='ltr'>non</span> <span class='ocrx_word' id='word_1_119' title='bbox 1103 863 1257 898; x_wconf 88' lang='lat' dir='ltr'>reddetis</span> <span class='ocrx_word' id='word_1_120' title='bbox 1291 867 1475 901; x_wconf 86' lang='lat' dir='ltr'>rationem.</span> 
     </span>
     <span class='ocr_line' id='line_1_13' title="bbox 86 926 1476 977; baseline 0.004 -15"><span class='ocrx_word' id='word_1_121' title='bbox 86 926 178 962; x_wconf 85' lang='lat' dir='ltr'>Haec</span> <span class='ocrx_word' id='word_1_122' title='bbox 203 931 319 963; x_wconf 88' lang='lat' dir='ltr'>autem</span> <span class='ocrx_word' id='word_1_123' title='bbox 343 938 418 963; x_wconf 90' lang='lat' dir='ltr'>cum</span> <span class='ocrx_word' id='word_1_124' title='bbox 444 930 594 965; x_wconf 85' lang='lat' dir='ltr'>clamore</span> <span class='ocrx_word' id='word_1_125' title='bbox 620 929 758 964; x_wconf 80' lang='lat' dir='ltr'>dicebat</span> <span class='ocrx_word' id='word_1_126' title='bbox 780 940 924 975; x_wconf 87' lang='lat' dir='ltr'>cmnque</span> <span class='ocrx_word' id='word_1_127' title='bbox 951 929 995 963; x_wconf 86' lang='lat' dir='ltr'>ad</span> <span class='ocrx_word' id='word_1_128' title='bbox 1016 929 1154 964; x_wconf 86' lang='lat' dir='ltr'>beatum</span> <span class='ocrx_word' id='word_1_129' title='bbox 1178 929 1372 966; x_wconf 70' lang='lat' dir='ltr'>‚Iohannem</span> <span class='ocrx_word' id='word_1_130' title='bbox 1392 943 1476 977; x_wconf 85' lang='lat' dir='ltr'>que-</span> 
     </span>
     <span class='ocr_line' id='line_1_14' title="bbox 87 993 1475 1042; baseline 0.005 -16"><span class='ocrx_word' id='word_1_131' title='bbox 87 994 234 1027; x_wconf 85' lang='lat' dir='ltr'>rimonia</span> <span class='ocrx_word' id='word_1_132' title='bbox 259 993 468 1037; x_wconf 85' lang='lat' dir='ltr'>deferretur,</span> <span class='ocrx_word' id='word_1_133' title='bbox 495 1006 556 1030; x_wconf 88' lang='lat' dir='ltr'>cor</span> <span class='ocrx_word' id='word_1_134' title='bbox 580 997 656 1042; x_wconf 84' lang='lat' dir='ltr'>ejus</span> <span class='ocrx_word' id='word_1_135' title='bbox 681 995 773 1030; x_wconf 88' lang='lat' dir='ltr'>Deus</span> <span class='ocrx_word' id='word_1_136' title='bbox 800 995 990 1038; x_wconf 78' lang='lat' dir='ltr'>induravit,</span> <span class='ocrx_word' id='word_1_137' title='bbox 1016 1005 1058 1029; x_wconf 88' lang='lat' dir='ltr'>ne</span> <span class='ocrx_word' id='word_1_138' title='bbox 1085 994 1139 1029; x_wconf 88' lang='lat' dir='ltr'>bis</span> <span class='ocrx_word' id='word_1_139' title='bbox 1165 995 1264 1031; x_wconf 81' lang='lat' dir='ltr'>iidem</span> <span class='ocrx_word' id='word_1_140' title='bbox 1280 997 1475 1033; x_wconf 83' lang='lat' dir='ltr'>adhiberet.</span> 
     </span>
     <span class='ocr_line' id='line_1_15' title="bbox 84 1059 1474 1106; baseline 0.004 -12"><span class='ocrx_word' id='word_1_141' title='bbox 84 1059 350 1104; x_wconf 84' lang='lat' dir='ltr'>Deprecabatur</span> <span class='ocrx_word' id='word_1_142' title='bbox 372 1065 486 1096; x_wconf 87' lang='lat' dir='ltr'>autem</span> <span class='ocrx_word' id='word_1_143' title='bbox 514 1061 640 1105; x_wconf 60' lang='lat' dir='ltr'>Deum,</span> <span class='ocrx_word' id='word_1_144' title='bbox 681 1065 714 1095; x_wconf 93' lang='lat' dir='ltr'>ut</span> <span class='ocrx_word' id='word_1_145' title='bbox 739 1065 819 1106; x_wconf 91' lang='lat' dir='ltr'>post</span> <span class='ocrx_word' id='word_1_146' title='bbox 844 1065 986 1095; x_wconf 88' lang='lat' dir='ltr'>mortem</span> <span class='ocrx_word' id='word_1_147' title='bbox 1013 1070 1109 1095; x_wconf 86' lang='lat' dir='ltr'>suam</span> <span class='ocrx_word' id='word_1_148' title='bbox 1135 1072 1223 1106; x_wconf 92' lang='lat' dir='ltr'>opus</span> <span class='ocrx_word' id='word_1_149' title='bbox 1249 1073 1345 1097; x_wconf 91' lang='lat' dir='ltr'>suum</span> <span class='ocrx_word' id='word_1_150' title='bbox 1372 1065 1474 1099; x_wconf 83' lang='lat' dir='ltr'>alicui</span> 
     </span>
     <span class='ocr_line' id='line_1_16' title="bbox 85 1125 1476 1173; baseline 0.004 -13"><span class='ocrx_word' id='word_1_151' title='bbox 85 1125 271 1169; x_wconf 79' lang='lat' dir='ltr'>revelaret,</span> <span class='ocrx_word' id='word_1_152' title='bbox 300 1131 338 1161; x_wconf 91' lang='lat' dir='ltr'>ut</span> <span class='ocrx_word' id='word_1_153' title='bbox 360 1137 429 1160; x_wconf 88' lang='lat' dir='ltr'>non</span> <span class='ocrx_word' id='word_1_154' title='bbox 452 1127 682 1171; x_wconf 74' lang='lat' dir='ltr'>imputaretur</span> <span class='ocrx_word' id='word_1_155' title='bbox 707 1129 740 1161; x_wconf 91' lang='lat' dir='ltr'>in</span> <span class='ocrx_word' id='word_1_156' title='bbox 766 1131 945 1173; x_wconf 85' lang='lat' dir='ltr'>peccatum</span> <span class='ocrx_word' id='word_1_157' title='bbox 972 1125 1048 1169; x_wconf 89' lang='lat' dir='ltr'>bis,</span> <span class='ocrx_word' id='word_1_158' title='bbox 1082 1128 1140 1172; x_wconf 86' lang='lat' dir='ltr'>qui</span> <span class='ocrx_word' id='word_1_159' title='bbox 1166 1126 1207 1161; x_wconf 86' lang='lat' dir='ltr'>(le</span> <span class='ocrx_word' id='word_1_160' title='bbox 1234 1138 1274 1162; x_wconf 80' lang='lat' dir='ltr'>eo</span> <span class='ocrx_word' id='word_1_161' title='bbox 1300 1130 1476 1165; x_wconf 83' lang='lat' dir='ltr'>scandali-</span> 
     </span>
     <span class='ocr_line' id='line_1_17' title="bbox 85 1191 1474 1239; baseline 0.004 -14"><span class='ocrx_word' id='word_1_162' title='bbox 85 1191 265 1227; x_wconf 84' lang='lat' dir='ltr'>sahantur.</span> <span class='ocrx_word' id='word_1_163' title='bbox 331 1192 463 1228; x_wconf 88' lang='lat' dir='ltr'>Multas</span> <span class='ocrx_word' id='word_1_164' title='bbox 489 1194 598 1238; x_wconf 80' lang='lat' dir='ltr'>igitur</span> <span class='ocrx_word' id='word_1_165' title='bbox 623 1192 665 1229; x_wconf 86' lang='lat' dir='ltr'>de</span> <span class='ocrx_word' id='word_1_166' title='bbox 692 1193 882 1239; x_wconf 78' lang='lat' dir='ltr'>praedictis</span> <span class='ocrx_word' id='word_1_167' title='bbox 906 1191 1109 1226; x_wconf 88' lang='lat' dir='ltr'>mulieribus</span> <span class='ocrx_word' id='word_1_168' title='bbox 1135 1192 1180 1226; x_wconf 86' lang='lat' dir='ltr'>ad</span> <span class='ocrx_word' id='word_1_169' title='bbox 1210 1196 1474 1231; x_wconf 79' lang='lat' dir='ltr'>conversionem</span> 
     </span>
     <span class='ocr_line' id='line_1_18' title="bbox 85 1257 1474 1305; baseline 0.004 -13"><span class='ocrx_word' id='word_1_170' title='bbox 85 1257 247 1302; x_wconf 87' lang='lat' dir='ltr'>perduxit</span> <span class='ocrx_word' id='word_1_171' title='bbox 272 1262 307 1294; x_wconf 84' lang='lat' dir='ltr'>et</span> <span class='ocrx_word' id='word_1_172' title='bbox 331 1259 365 1293; x_wconf 89' lang='lat' dir='ltr'>in</span> <span class='ocrx_word' id='word_1_173' title='bbox 393 1262 605 1295; x_wconf 85' lang='lat' dir='ltr'>monasterio</span> <span class='ocrx_word' id='word_1_174' title='bbox 630 1260 798 1305; x_wconf 86' lang='lat' dir='ltr'>plurimas</span> <span class='ocrx_word' id='word_1_175' title='bbox 823 1258 1019 1292; x_wconf 85' lang='lat' dir='ltr'>collocavit.</span> <span class='ocrx_word' id='word_1_176' title='bbox 1085 1257 1242 1298; x_wconf 85' lang='lat' dir='ltr'>Quodam</span> <span class='ocrx_word' id='word_1_177' title='bbox 1268 1270 1368 1295; x_wconf 86' lang='lat' dir='ltr'>mane</span> <span class='ocrx_word' id='word_1_178' title='bbox 1397 1261 1474 1297; x_wconf 89' lang='lat' dir='ltr'>dum</span> 
     </span>
     <span class='ocr_line' id='line_1_19' title="bbox 84 1322 1475 1371; baseline 0.004 -14"><span class='ocrx_word' id='word_1_179' title='bbox 84 1322 129 1358; x_wconf 86' lang='lat' dir='ltr'>ab</span> <span class='ocrx_word' id='word_1_180' title='bbox 155 1333 224 1358; x_wconf 81' lang='lat' dir='ltr'>una</span> <span class='ocrx_word' id='word_1_181' title='bbox 247 1324 385 1359; x_wconf 89' lang='lat' dir='ltr'>illarum</span> <span class='ocrx_word' id='word_1_182' title='bbox 409 1325 658 1371; x_wconf 72' lang='lat' dir='ltr'>egrederetur,</span> <span class='ocrx_word' id='word_1_183' title='bbox 698 1324 856 1358; x_wconf 74' lang='lat' dir='ltr'>obviavit</span> <span class='ocrx_word' id='word_1_184' title='bbox 879 1325 912 1358; x_wconf 92' lang='lat' dir='ltr'>ei</span> <span class='ocrx_word' id='word_1_185' title='bbox 935 1323 1073 1367; x_wconf 86' lang='lat' dir='ltr'>quidam</span> <span class='ocrx_word' id='word_1_186' title='bbox 1101 1323 1303 1369; x_wconf 82' lang='lat' dir='ltr'>ingrediens</span> <span class='ocrx_word' id='word_1_187' title='bbox 1329 1327 1373 1360; x_wconf 90' lang='lat' dir='ltr'>ad</span> <span class='ocrx_word' id='word_1_188' title='bbox 1403 1327 1475 1362; x_wconf 83' lang='lat' dir='ltr'>sor-</span> 
     </span>
     <span class='ocr_line' id='line_1_20' title="bbox 85 1388 1472 1436; baseline 0.004 -14"><span class='ocrx_word' id='word_1_189' title='bbox 85 1389 267 1424; x_wconf 86' lang='lat' dir='ltr'>nicandum</span> <span class='ocrx_word' id='word_1_190' title='bbox 292 1400 367 1424; x_wconf 87' lang='lat' dir='ltr'>cum</span> <span class='ocrx_word' id='word_1_191' title='bbox 393 1400 435 1425; x_wconf 88' lang='lat' dir='ltr'>ea</span> <span class='ocrx_word' id='word_1_192' title='bbox 460 1390 617 1436; x_wconf 83' lang='lat' dir='ltr'>dansque</span> <span class='ocrx_word' id='word_1_193' title='bbox 642 1391 674 1425; x_wconf 88' lang='lat' dir='ltr'>ei</span> <span class='ocrx_word' id='word_1_194' title='bbox 700 1390 838 1434; x_wconf 81' lang='lat' dir='ltr'>alapam</span> <span class='ocrx_word' id='word_1_195' title='bbox 864 1388 969 1422; x_wconf 79' lang='lat' dir='ltr'>dixit:</span> <span class='ocrx_word' id='word_1_196' title='bbox 997 1400 1106 1434; x_wconf 86' lang='lat' dir='ltr'>usque</span> <span class='ocrx_word' id='word_1_197' title='bbox 1134 1400 1201 1435; x_wconf 89' lang='lat' dir='ltr'>quo</span> <span class='ocrx_word' id='word_1_198' title='bbox 1228 1392 1379 1434; x_wconf 80' lang='lat' dir='ltr'>pessime</span> <span class='ocrx_word' id='word_1_199' title='bbox 1404 1404 1472 1428; x_wconf 89' lang='lat' dir='ltr'>non</span> 
     </span>
     <span class='ocr_line' id='line_1_21' title="bbox 86 1453 1472 1503; baseline 0.004 -15"><span class='ocrx_word' id='word_1_200' title='bbox 86 1453 250 1489; x_wconf 86' lang='lat' dir='ltr'>emendas</span> <span class='ocrx_word' id='word_1_201' title='bbox 277 1458 311 1490; x_wconf 85' lang='lat' dir='ltr'>te</span> <span class='ocrx_word' id='word_1_202' title='bbox 336 1455 379 1490; x_wconf 86' lang='lat' dir='ltr'>ab</span> <span class='ocrx_word' id='word_1_203' title='bbox 406 1455 460 1490; x_wconf 90' lang='lat' dir='ltr'>his</span> <span class='ocrx_word' id='word_1_204' title='bbox 482 1457 551 1490; x_wconf 84' lang='lat' dir='ltr'>tuis</span> <span class='ocrx_word' id='word_1_205' title='bbox 578 1456 813 1490; x_wconf 84' lang='lat' dir='ltr'>immunditiis.</span> <span class='ocrx_word' id='word_1_206' title='bbox 860 1453 904 1489; x_wconf 86' lang='lat' dir='ltr'>Et</span> <span class='ocrx_word' id='word_1_207' title='bbox 930 1454 1009 1489; x_wconf 86' lang='lat' dir='ltr'>ille:</span> <span class='ocrx_word' id='word_1_208' title='bbox 1052 1454 1156 1490; x_wconf 86' lang='lat' dir='ltr'>crede</span> <span class='ocrx_word' id='word_1_209' title='bbox 1181 1454 1284 1499; x_wconf 88' lang='lat' dir='ltr'>mihi,</span> <span class='ocrx_word' id='word_1_210' title='bbox 1321 1459 1472 1503; x_wconf 76' lang='lat' dir='ltr'>accipies</span> 
     </span>
     <span class='ocr_line' id='line_1_22' title="bbox 86 1520 1471 1568; baseline 0.004 -14"><span class='ocrx_word' id='word_1_211' title='bbox 86 1529 107 1554; x_wconf 86' lang='lat' dir='ltr'>a</span> <span class='ocrx_word' id='word_1_212' title='bbox 126 1530 179 1554; x_wconf 87' lang='lat' dir='ltr'>me</span> <span class='ocrx_word' id='word_1_213' title='bbox 202 1520 307 1555; x_wconf 85' lang='lat' dir='ltr'>talem</span> <span class='ocrx_word' id='word_1_214' title='bbox 329 1521 481 1566; x_wconf 83' lang='lat' dir='ltr'>alapam,</span> <span class='ocrx_word' id='word_1_215' title='bbox 508 1525 543 1555; x_wconf 89' lang='lat' dir='ltr'>ut</span> <span class='ocrx_word' id='word_1_216' title='bbox 565 1525 641 1556; x_wconf 83' lang='lat' dir='ltr'>tota.</span> <span class='ocrx_word' id='word_1_217' title='bbox 665 1521 881 1557; x_wconf 79' lang='lat' dir='ltr'>Alexandria</span> <span class='ocrx_word' id='word_1_218' title='bbox 905 1524 1154 1565; x_wconf 69' lang='lat' dir='ltr'>congregetur.</span> <span class='ocrx_word' id='word_1_219' title='bbox 1202 1520 1246 1556; x_wconf 88' lang='lat' dir='ltr'>Et</span> <span class='ocrx_word' id='word_1_220' title='bbox 1271 1532 1350 1557; x_wconf 89' lang='lat' dir='ltr'>ecce</span> <span class='ocrx_word' id='word_1_221' title='bbox 1376 1529 1471 1568; x_wconf 89' lang='lat' dir='ltr'>post-</span> 
     </span>
     <span class='ocr_line' id='line_1_23' title="bbox 85 1584 1472 1632; baseline 0.004 -14"><span class='ocrx_word' id='word_1_222' title='bbox 85 1584 222 1619; x_wconf 89' lang='lat' dir='ltr'>modum</span> <span class='ocrx_word' id='word_1_223' title='bbox 256 1585 427 1632; x_wconf 75' lang='lat' dir='ltr'>dyabolus</span> <span class='ocrx_word' id='word_1_224' title='bbox 461 1588 495 1622; x_wconf 89' lang='lat' dir='ltr'>iu</span> <span class='ocrx_word' id='word_1_225' title='bbox 533 1589 649 1632; x_wconf 90' lang='lat' dir='ltr'>specie</span> <span class='ocrx_word' id='word_1_226' title='bbox 675 1587 792 1622; x_wconf 84' lang='lat' dir='ltr'>Mauri</span> <span class='ocrx_word' id='word_1_227' title='bbox 817 1586 885 1621; x_wconf 85' lang='lat' dir='ltr'>sibi</span> <span class='ocrx_word' id='word_1_228' title='bbox 909 1585 1048 1630; x_wconf 82' lang='lat' dir='ltr'>alapam</span> <span class='ocrx_word' id='word_1_229' title='bbox 1075 1585 1169 1619; x_wconf 89' lang='lat' dir='ltr'>dedit</span> <span class='ocrx_word' id='word_1_230' title='bbox 1194 1585 1330 1622; x_wconf 84' lang='lat' dir='ltr'>dicens:</span> <span class='ocrx_word' id='word_1_231' title='bbox 1386 1589 1472 1625; x_wconf 80' lang='lat' dir='ltr'>hae(-</span> 
     </span>
     <span class='ocr_line' id='line_1_24' title="bbox 85 1650 1471 1703; baseline 0.004 -18"><span class='ocrx_word' id='word_1_232' title='bbox 85 1654 139 1685; x_wconf 83' lang='lat' dir='ltr'>est</span> <span class='ocrx_word' id='word_1_233' title='bbox 166 1650 293 1696; x_wconf 83' lang='lat' dir='ltr'>alapa,</span> <span class='ocrx_word' id='word_1_234' title='bbox 319 1663 422 1697; x_wconf 89' lang='lat' dir='ltr'>quam</span> <span class='ocrx_word' id='word_1_235' title='bbox 449 1654 553 1687; x_wconf 87' lang='lat' dir='ltr'>mittit.</span> <span class='ocrx_word' id='word_1_236' title='bbox 578 1653 641 1687; x_wconf 88' lang='lat' dir='ltr'>tibi</span> <span class='ocrx_word' id='word_1_237' title='bbox 666 1652 777 1687; x_wconf 86' lang='lat' dir='ltr'>abbas</span> <span class='ocrx_word' id='word_1_238' title='bbox 804 1652 942 1694; x_wconf 61' lang='lat' dir='ltr'>vitalis,</span> <span class='ocrx_word' id='word_1_239' title='bbox 969 1655 1003 1685; x_wconf 90' lang='lat' dir='ltr'>ct</span> <span class='ocrx_word' id='word_1_240' title='bbox 1030 1653 1146 1685; x_wconf 87' lang='lat' dir='ltr'>statim</span> <span class='ocrx_word' id='word_1_241' title='bbox 1173 1657 1318 1689; x_wconf 82' lang='lat' dir='ltr'>vexatur</span> <span class='ocrx_word' id='word_1_242' title='bbox 1342 1666 1363 1703; x_wconf 84' lang='lat' dir='ltr'>a</span> <span class='ocrx_word' id='word_1_243' title='bbox 1388 1655 1471 1691; x_wconf 84' lang='lat' dir='ltr'>dae-</span> 
     </span>
     <span class='ocr_line' id='line_1_25' title="bbox 84 1717 1472 1765; baseline 0.005 -15"><span class='ocrx_word' id='word_1_244' title='bbox 84 1727 196 1759; x_wconf 87' lang='lat' dir='ltr'>mone,</span> <span class='ocrx_word' id='word_1_245' title='bbox 220 1718 271 1752; x_wconf 86' lang='lat' dir='ltr'>ita</span> <span class='ocrx_word' id='word_1_246' title='bbox 295 1718 388 1763; x_wconf 85' lang='lat' dir='ltr'>quod</span> <span class='ocrx_word' id='word_1_247' title='bbox 412 1718 456 1753; x_wconf 88' lang='lat' dir='ltr'>ad</span> <span class='ocrx_word' id='word_1_248' title='bbox 484 1728 584 1753; x_wconf 86' lang='lat' dir='ltr'>voces</span> <span class='ocrx_word' id='word_1_249' title='bbox 609 1721 686 1765; x_wconf 89' lang='lat' dir='ltr'>ejus</span> <span class='ocrx_word' id='word_1_250' title='bbox 713 1729 832 1753; x_wconf 84' lang='lat' dir='ltr'>omnes</span> <span class='ocrx_word' id='word_1_251' title='bbox 856 1717 1055 1760; x_wconf 86' lang='lat' dir='ltr'>currebant,</span> <span class='ocrx_word' id='word_1_252' title='bbox 1081 1718 1143 1753; x_wconf 90' lang='lat' dir='ltr'>sed</span> <span class='ocrx_word' id='word_1_253' title='bbox 1158 1723 1271 1754; x_wconf 85' lang='lat' dir='ltr'>tamen</span> <span class='ocrx_word' id='word_1_254' title='bbox 1288 1723 1472 1765; x_wconf 79' lang='lat' dir='ltr'>poenitens</span> 
     </span>
     <span class='ocr_line' id='line_1_26' title="bbox 84 1783 1471 1832; baseline 0.004 -16"><span class='ocrx_word' id='word_1_255' title='bbox 84 1793 147 1826; x_wconf 86' lang='lat' dir='ltr'>per</span> <span class='ocrx_word' id='word_1_256' title='bbox 170 1783 246 1828; x_wconf 84' lang='lat' dir='ltr'>ejus</span> <span class='ocrx_word' id='word_1_257' title='bbox 273 1785 465 1819; x_wconf 87' lang='lat' dir='ltr'>orationem</span> <span class='ocrx_word' id='word_1_258' title='bbox 490 1784 659 1820; x_wconf 87' lang='lat' dir='ltr'>liberatus</span> <span class='ocrx_word' id='word_1_259' title='bbox 685 1789 750 1820; x_wconf 90' lang='lat' dir='ltr'>est.</span> <span class='ocrx_word' id='word_1_260' title='bbox 821 1783 883 1820; x_wconf 75' lang='lat' dir='ltr'>Vir</span> <span class='ocrx_word' id='word_1_261' title='bbox 913 1788 1028 1819; x_wconf 88' lang='lat' dir='ltr'>autem</span> <span class='ocrx_word' id='word_1_262' title='bbox 1063 1784 1126 1820; x_wconf 89' lang='lat' dir='ltr'>Dei</span> <span class='ocrx_word' id='word_1_263' title='bbox 1151 1786 1253 1820; x_wconf 87' lang='lat' dir='ltr'>morti</span> <span class='ocrx_word' id='word_1_264' title='bbox 1278 1790 1471 1832; x_wconf 89' lang='lat' dir='ltr'>appropin-</span> 
     </span>
     <span class='ocr_line' id='line_1_27' title="bbox 83 1847 1469 1897; baseline 0.004 -15"><span class='ocrx_word' id='word_1_265' title='bbox 83 1857 194 1893; x_wconf 83' lang='lat' dir='ltr'>quans</span> <span class='ocrx_word' id='word_1_266' title='bbox 218 1847 307 1884; x_wconf 82' lang='lat' dir='ltr'>lianc</span> <span class='ocrx_word' id='word_1_267' title='bbox 331 1851 539 1896; x_wconf 82' lang='lat' dir='ltr'>scripturam</span> <span class='ocrx_word' id='word_1_268' title='bbox 566 1851 726 1897; x_wconf 89' lang='lat' dir='ltr'>reliquit:</span> <span class='ocrx_word' id='word_1_269' title='bbox 778 1851 884 1886; x_wconf 90' lang='lat' dir='ltr'>nolite</span> <span class='ocrx_word' id='word_1_270' title='bbox 912 1854 992 1885; x_wconf 89' lang='lat' dir='ltr'>ante</span> <span class='ocrx_word' id='word_1_271' title='bbox 1018 1854 1153 1896; x_wconf 88' lang='lat' dir='ltr'>tempus</span> <span class='ocrx_word' id='word_1_272' title='bbox 1175 1851 1360 1897; x_wconf 90' lang='lat' dir='ltr'>judicare;</span> <span class='ocrx_word' id='word_1_273' title='bbox 1397 1864 1469 1888; x_wconf 87' lang='lat' dir='ltr'>mu-</span> 
     </span>
     <span class='ocr_line' id='line_1_28' title="bbox 82 1912 1470 1964; baseline 0.005 -18"><span class='ocrx_word' id='word_1_274' title='bbox 82 1912 228 1948; x_wconf 88' lang='lat' dir='ltr'>lieribus</span> <span class='ocrx_word' id='word_1_275' title='bbox 261 1918 375 1950; x_wconf 87' lang='lat' dir='ltr'>autem</span> <span class='ocrx_word' id='word_1_276' title='bbox 408 1916 672 1959; x_wconf 85' lang='lat' dir='ltr'>confitentibus,</span> <span class='ocrx_word' id='word_1_277' title='bbox 724 1927 814 1962; x_wconf 87' lang='lat' dir='ltr'>quae</span> <span class='ocrx_word' id='word_1_278' title='bbox 850 1915 1022 1958; x_wconf 82' lang='lat' dir='ltr'>faciebat,</span> <span class='ocrx_word' id='word_1_279' title='bbox 1070 1927 1188 1951; x_wconf 86' lang='lat' dir='ltr'>omnes</span> <span class='ocrx_word' id='word_1_280' title='bbox 1223 1917 1470 1964; x_wconf 72' lang='lat' dir='ltr'>glorificabant</span> 
     </span>
     <span class='ocr_line' id='line_1_29' title="bbox 83 1978 1468 2029; baseline 0.005 -17"><span class='ocrx_word' id='word_1_281' title='bbox 83 1978 190 2014; x_wconf 89' lang='lat' dir='ltr'>Deum</span> <span class='ocrx_word' id='word_1_282' title='bbox 214 1983 249 2014; x_wconf 87' lang='lat' dir='ltr'>et</span> <span class='ocrx_word' id='word_1_283' title='bbox 273 1982 460 2026; x_wconf 84' lang='lat' dir='ltr'>praecipue</span> <span class='ocrx_word' id='word_1_284' title='bbox 486 1982 610 2017; x_wconf 83' lang='lat' dir='ltr'>beatus</span> <span class='ocrx_word' id='word_1_285' title='bbox 634 1982 814 2018; x_wconf 82' lang='lat' dir='ltr'>Johannes</span> <span class='ocrx_word' id='word_1_286' title='bbox 839 1982 976 2017; x_wconf 87' lang='lat' dir='ltr'>dicens:</span> <span class='ocrx_word' id='word_1_287' title='bbox 1004 1984 1167 2028; x_wconf 88' lang='lat' dir='ltr'>quoniam</span> <span class='ocrx_word' id='word_1_288' title='bbox 1192 1983 1344 2028; x_wconf 84' lang='lat' dir='ltr'>alapam,</span> <span class='ocrx_word' id='word_1_289' title='bbox 1367 1995 1468 2029; x_wconf 88' lang='lat' dir='ltr'>quam</span> 
     </span>
    </p>
   </div>
   <div class='ocr_carea' id='block_1_3' title="bbox 22 2044 1467 2095">
    <p class='ocr_par' dir='ltr' id='par_1_3' title="bbox 22 2044 1467 2095">
     <span class='ocr_line' id='line_1_30' title="bbox 22 2044 1467 2095; baseline 0.005 -18"><span class='ocrx_word' id='word_1_290' title='bbox 22 2084 31 2088; x_wconf 19' lang='lat' dir='ltr'>N</span> <span class='ocrx_word' id='word_1_291' title='bbox 83 2044 142 2079; x_wconf 85' lang='lat' dir='ltr'>ille</span> <span class='ocrx_word' id='word_1_292' title='bbox 166 2047 313 2091; x_wconf 85' lang='lat' dir='ltr'>accepit,</span> <span class='ocrx_word' id='word_1_293' title='bbox 340 2049 553 2092; x_wconf 88' lang='lat' dir='ltr'>accepissem</span> <span class='ocrx_word' id='word_1_294' title='bbox 577 2053 612 2084; x_wconf 90' lang='lat' dir='ltr'>et</span> <span class='ocrx_word' id='word_1_295' title='bbox 636 2059 716 2095; x_wconf 85' lang='lat' dir='ltr'>ego.</span> <span class='ocrx_word' id='word_1_296' title='bbox 733 2069 777 2074; x_wconf 87' lang='lat'>—</span> <span class='ocrx_word' id='word_1_297' title='bbox 802 2069 846 2074; x_wconf 95' lang='lat'><strong>—</strong></span> <span class='ocrx_word' id='word_1_298' title='bbox 871 2069 915 2074; x_wconf 84' lang='lat'><em>-</em></span> <span class='ocrx_word' id='word_1_299' title='bbox 939 2052 984 2086; x_wconf 64' lang='lat'>4.</span> <span class='ocrx_word' id='word_1_300' title='bbox 1012 2049 1158 2089; x_wconf 82' lang='lat' dir='ltr'>Quidam</span> <span class='ocrx_word' id='word_1_301' title='bbox 1184 2059 1319 2094; x_wconf 87' lang='lat' dir='ltr'>pauper</span> <span class='ocrx_word' id='word_1_302' title='bbox 1345 2051 1378 2083; x_wconf 79' lang='lat' dir='ltr'>in</span> <span class='ocrx_word' id='word_1_303' title='bbox 1404 2049 1467 2084; x_wconf 87' lang='lat' dir='ltr'>ha-</span> 
     </span>
    </p>
   </div>
   <div class='ocr_carea' id='block_1_4' title="bbox 78 2109 1468 2608">
    <p class='ocr_par' dir='ltr' id='par_1_4' title="bbox 78 2109 1468 2608">
     <span class='ocr_line' id='line_1_31' title="bbox 81 2109 1467 2159; baseline 0.004 -15"><span class='ocrx_word' id='word_1_304' title='bbox 81 2109 156 2144; x_wconf 87' lang='lat' dir='ltr'>bitu</span> <span class='ocrx_word' id='word_1_305' title='bbox 181 2112 361 2157; x_wconf 84' lang='lat' dir='ltr'>peregrini</span> <span class='ocrx_word' id='word_1_306' title='bbox 387 2112 432 2147; x_wconf 86' lang='lat' dir='ltr'>ad</span> <span class='ocrx_word' id='word_1_307' title='bbox 453 2113 647 2149; x_wconf 83' lang='lat' dir='ltr'>Johannem</span> <span class='ocrx_word' id='word_1_308' title='bbox 671 2116 765 2150; x_wconf 77' lang='lat' dir='ltr'>venit</span> <span class='ocrx_word' id='word_1_309' title='bbox 789 2119 824 2149; x_wconf 91' lang='lat' dir='ltr'>et</span> <span class='ocrx_word' id='word_1_310' title='bbox 848 2114 892 2149; x_wconf 86' lang='lat' dir='ltr'>ab</span> <span class='ocrx_word' id='word_1_311' title='bbox 919 2126 960 2150; x_wconf 87' lang='lat' dir='ltr'>eo</span> <span class='ocrx_word' id='word_1_312' title='bbox 987 2115 1233 2150; x_wconf 87' lang='lat' dir='ltr'>eleemosinam</span> <span class='ocrx_word' id='word_1_313' title='bbox 1253 2115 1467 2159; x_wconf 63' lang='lat' dir='ltr'>postulabat„</span> 
     </span>
     <span class='ocr_line' id='line_1_32' title="bbox 82 2175 1468 2224; baseline 0.005 -15"><span class='ocrx_word' id='word_1_314' title='bbox 82 2179 118 2209; x_wconf 84' lang='lat' dir='ltr'>at</span> <span class='ocrx_word' id='word_1_315' title='bbox 141 2175 201 2211; x_wconf 92' lang='lat' dir='ltr'>ille</span> <span class='ocrx_word' id='word_1_316' title='bbox 226 2181 350 2212; x_wconf 85' lang='lat' dir='ltr'>vocato</span> <span class='ocrx_word' id='word_1_317' title='bbox 376 2177 621 2224; x_wconf 84' lang='lat' dir='ltr'>dispensatore</span> <span class='ocrx_word' id='word_1_318' title='bbox 647 2180 752 2215; x_wconf 79' lang='lat' dir='ltr'>dixit:</span> <span class='ocrx_word' id='word_1_319' title='bbox 792 2180 838 2215; x_wconf 87' lang='lat' dir='ltr'>da</span> <span class='ocrx_word' id='word_1_320' title='bbox 862 2182 894 2215; x_wconf 86' lang='lat' dir='ltr'>ei</span> <span class='ocrx_word' id='word_1_321' title='bbox 919 2191 981 2216; x_wconf 88' lang='lat' dir='ltr'>sex</span> <span class='ocrx_word' id='word_1_322' title='bbox 1005 2182 1223 2215; x_wconf 85' lang='lat' dir='ltr'>numismata.</span> <span class='ocrx_word' id='word_1_323' title='bbox 1286 2181 1383 2221; x_wconf 87' lang='lat' dir='ltr'>Quae</span> <span class='ocrx_word' id='word_1_324' title='bbox 1410 2182 1468 2217; x_wconf 90' lang='lat' dir='ltr'>illo</span> 
     </span>
     <span class='ocr_line' id='line_1_33' title="bbox 83 2242 1466 2291; baseline 0.006 -17"><span class='ocrx_word' id='word_1_325' title='bbox 83 2242 257 2286; x_wconf 84' lang='lat' dir='ltr'>accipiens</span> <span class='ocrx_word' id='word_1_326' title='bbox 284 2247 318 2277; x_wconf 91' lang='lat' dir='ltr'>et</span> <span class='ocrx_word' id='word_1_327' title='bbox 344 2243 466 2279; x_wconf 86' lang='lat' dir='ltr'>abiens</span> <span class='ocrx_word' id='word_1_328' title='bbox 503 2244 657 2280; x_wconf 89' lang='lat' dir='ltr'>habitum</span> <span class='ocrx_word' id='word_1_329' title='bbox 691 2248 835 2281; x_wconf 88' lang='lat' dir='ltr'>mutavit</span> <span class='ocrx_word' id='word_1_330' title='bbox 869 2251 902 2281; x_wconf 90' lang='lat' dir='ltr'>et</span> <span class='ocrx_word' id='word_1_331' title='bbox 927 2248 1049 2282; x_wconf 86' lang='lat' dir='ltr'>iterum</span> <span class='ocrx_word' id='word_1_332' title='bbox 1077 2247 1121 2280; x_wconf 84' lang='lat' dir='ltr'>ad</span> <span class='ocrx_word' id='word_1_333' title='bbox 1146 2245 1383 2291; x_wconf 82' lang='lat' dir='ltr'>patriarcham</span> <span class='ocrx_word' id='word_1_334' title='bbox 1412 2257 1466 2282; x_wconf 91' lang='lat' dir='ltr'>re-</span> 
     </span>
     <span class='ocr_line' id='line_1_34' title="bbox 83 2295 1465 2357; baseline 0.004 -19"><span class='ocrx_word' id='word_1_335' title='bbox 83 2304 181 2340; x_wconf 90' lang='lat' dir='ltr'>diens</span> <span class='ocrx_word' id='word_1_336' title='bbox 205 2305 249 2340; x_wconf 82' lang='lat' dir='ltr'>ab</span> <span class='ocrx_word' id='word_1_337' title='bbox 275 2317 316 2341; x_wconf 88' lang='lat' dir='ltr'>eo</span> <span class='ocrx_word' id='word_1_338' title='bbox 341 2308 586 2346; x_wconf 87' lang='lat' dir='ltr'>eleemosinam</span> <span class='ocrx_word' id='word_1_339' title='bbox 610 2313 814 2357; x_wconf 88' lang='lat' dir='ltr'>postulavit.</span> <span class='ocrx_word' id='word_1_340' title='bbox 884 2312 947 2348; x_wconf 88' lang='lat' dir='ltr'>Ille</span> <span class='ocrx_word' id='word_1_341' title='bbox 983 2295 1097 2348; x_wconf 81' lang='lat' dir='ltr'>autem</span> <span class='ocrx_word' id='word_1_342' title='bbox 1133 2312 1378 2356; x_wconf 85' lang='lat' dir='ltr'>dispensatore</span> <span class='ocrx_word' id='word_1_343' title='bbox 1406 2323 1465 2346; x_wconf 82' lang='lat' dir='ltr'>vo-</span> 
     </span>
     <span class='ocr_line' id='line_1_35' title="bbox 81 2370 1463 2419; baseline 0.004 -15"><span class='ocrx_word' id='word_1_344' title='bbox 81 2374 160 2405; x_wconf 87' lang='lat' dir='ltr'>cato</span> <span class='ocrx_word' id='word_1_345' title='bbox 185 2370 291 2406; x_wconf 85' lang='lat' dir='ltr'>dixit:</span> <span class='ocrx_word' id='word_1_346' title='bbox 317 2372 363 2407; x_wconf 88' lang='lat' dir='ltr'>da</span> <span class='ocrx_word' id='word_1_347' title='bbox 387 2375 420 2408; x_wconf 91' lang='lat' dir='ltr'>ei</span> <span class='ocrx_word' id='word_1_348' title='bbox 444 2384 507 2409; x_wconf 84' lang='lat' dir='ltr'>sex</span> <span class='ocrx_word' id='word_1_349' title='bbox 530 2386 669 2413; x_wconf 87' lang='lat' dir='ltr'>aureos.</span> <span class='ocrx_word' id='word_1_350' title='bbox 711 2379 806 2419; x_wconf 88' lang='lat' dir='ltr'>Quos</span> <span class='ocrx_word' id='word_1_351' title='bbox 829 2389 905 2413; x_wconf 89' lang='lat' dir='ltr'>cum</span> <span class='ocrx_word' id='word_1_352' title='bbox 930 2377 998 2413; x_wconf 89' lang='lat' dir='ltr'>sihi</span> <span class='ocrx_word' id='word_1_353' title='bbox 1027 2377 1184 2412; x_wconf 87' lang='lat' dir='ltr'>dedisset</span> <span class='ocrx_word' id='word_1_354' title='bbox 1209 2380 1242 2409; x_wconf 89' lang='lat' dir='ltr'>et</span> <span class='ocrx_word' id='word_1_355' title='bbox 1267 2375 1325 2409; x_wconf 90' lang='lat' dir='ltr'>ille</span> <span class='ocrx_word' id='word_1_356' title='bbox 1355 2375 1463 2410; x_wconf 88' lang='lat' dir='ltr'>abiis-</span> 
     </span>
     <span class='ocr_line' id='line_1_36' title="bbox 81 2435 1464 2487; baseline 0.004 -17"><span class='ocrx_word' id='word_1_357' title='bbox 81 2440 146 2478; x_wconf 80' lang='lat' dir='ltr'>set,</span> <span class='ocrx_word' id='word_1_358' title='bbox 175 2435 262 2470; x_wconf 87' lang='lat' dir='ltr'>dixit</span> <span class='ocrx_word' id='word_1_359' title='bbox 286 2437 318 2471; x_wconf 86' lang='lat' dir='ltr'>ei</span> <span class='ocrx_word' id='word_1_360' title='bbox 343 2437 584 2483; x_wconf 86' lang='lat' dir='ltr'>dispensator:</span> <span class='ocrx_word' id='word_1_361' title='bbox 609 2453 672 2487; x_wconf 88' lang='lat' dir='ltr'>per</span> <span class='ocrx_word' id='word_1_362' title='bbox 697 2445 876 2478; x_wconf 88' lang='lat' dir='ltr'>orationes</span> <span class='ocrx_word' id='word_1_363' title='bbox 902 2446 993 2483; x_wconf 89' lang='lat' dir='ltr'>tuas,</span> <span class='ocrx_word' id='word_1_364' title='bbox 1020 2445 1133 2486; x_wconf 79' lang='lat' dir='ltr'>pater,</span> <span class='ocrx_word' id='word_1_365' title='bbox 1160 2441 1225 2474; x_wconf 87' lang='lat' dir='ltr'>iste</span> <span class='ocrx_word' id='word_1_366' title='bbox 1252 2439 1340 2474; x_wconf 90' lang='lat' dir='ltr'>idem</span> <span class='ocrx_word' id='word_1_367' title='bbox 1360 2440 1464 2476; x_wconf 86' lang='lat' dir='ltr'>hodie</span> 
     </span>
     <span class='ocr_line' id='line_1_37' title="bbox 79 2501 1462 2550; baseline 0.006 -16"><span class='ocrx_word' id='word_1_368' title='bbox 79 2505 210 2536; x_wconf 82' lang='lat' dir='ltr'>mutato</span> <span class='ocrx_word' id='word_1_369' title='bbox 239 2501 360 2536; x_wconf 84' lang='lat' dir='ltr'>habitu</span> <span class='ocrx_word' id='word_1_370' title='bbox 386 2502 441 2538; x_wconf 88' lang='lat' dir='ltr'>bis</span> <span class='ocrx_word' id='word_1_371' title='bbox 469 2508 614 2550; x_wconf 85' lang='lat' dir='ltr'>accepit.</span> <span class='ocrx_word' id='word_1_372' title='bbox 684 2508 813 2544; x_wconf 87' lang='lat' dir='ltr'>Beatus</span> <span class='ocrx_word' id='word_1_373' title='bbox 846 2511 959 2542; x_wconf 87' lang='lat' dir='ltr'>autem</span> <span class='ocrx_word' id='word_1_374' title='bbox 993 2505 1170 2541; x_wconf 88' lang='lat' dir='ltr'>Johannes</span> <span class='ocrx_word' id='word_1_375' title='bbox 1205 2506 1305 2550; x_wconf 81' lang='lat' dir='ltr'>quasi</span> <span class='ocrx_word' id='word_1_376' title='bbox 1335 2505 1399 2540; x_wconf 88' lang='lat' dir='ltr'>hoc</span> <span class='ocrx_word' id='word_1_377' title='bbox 1425 2517 1462 2542; x_wconf 91' lang='lat' dir='ltr'>se</span> 
     </span>
     <span class='ocr_line' id='line_1_38' title="bbox 78 2567 1462 2608; baseline 0.004 -7"><span class='ocrx_word' id='word_1_378' title='bbox 78 2568 213 2602; x_wconf 87' lang='lat' dir='ltr'>nescire</span> <span class='ocrx_word' id='word_1_379' title='bbox 239 2567 481 2604; x_wconf 84' lang='lat' dir='ltr'>dissimulavit.</span> <span class='ocrx_word' id='word_1_380' title='bbox 538 2570 663 2606; x_wconf 82' lang='lat' dir='ltr'>Iterum</span> <span class='ocrx_word' id='word_1_381' title='bbox 691 2574 749 2608; x_wconf 87' lang='lat' dir='ltr'>ille</span> <span class='ocrx_word' id='word_1_382' title='bbox 781 2575 884 2608; x_wconf 86' lang='lat' dir='ltr'>tertio</span> <span class='ocrx_word' id='word_1_383' title='bbox 910 2571 1064 2606; x_wconf 85' lang='lat' dir='ltr'>habitum</span> <span class='ocrx_word' id='word_1_384' title='bbox 1090 2574 1225 2605; x_wconf 86' lang='lat' dir='ltr'>mutans</span> <span class='ocrx_word' id='word_1_385' title='bbox 1253 2571 1297 2606; x_wconf 89' lang='lat' dir='ltr'>ad</span> <span class='ocrx_word' id='word_1_386' title='bbox 1324 2571 1462 2607; x_wconf 87' lang='lat' dir='ltr'>beatum</span> 
     </span>
    </p>
   </div>
   <div class='ocr_carea' id='block_1_5' title="bbox 144 2713 1114 2753">
    <p class='ocr_par' dir='ltr' id='par_1_5' title="bbox 144 2713 1114 2753">
     <span class='ocr_line' id='line_1_39' title="bbox 144 2713 1114 2753; baseline 0.006 -16"><span class='ocrx_word' id='word_1_387' title='bbox 144 2713 244 2747; x_wconf 26' lang='lat' dir='ltr'>1)7Ed.</span> <span class='ocrx_word' id='word_1_388' title='bbox 263 2717 307 2743; x_wconf 83' lang='lat' dir='ltr'>Pr.</span> <span class='ocrx_word' id='word_1_389' title='bbox 326 2714 480 2743; x_wconf 78' lang='lat' dir='ltr'>dumtaxat</span> <span class='ocrx_word' id='word_1_390' title='bbox 500 2716 603 2744; x_wconf 70' lang='lat' dir='ltr'>oll&#39;ert:</span> <span class='ocrx_word' id='word_1_391' title='bbox 637 2718 653 2742; x_wconf 84' lang='lat' dir='ltr'>d</span> <span class='ocrx_word' id='word_1_392' title='bbox 667 2728 682 2743; x_wconf 64' lang='lat' dir='ltr'>e</span> <span class='ocrx_word' id='word_1_393' title='bbox 704 2718 786 2744; x_wconf 76' lang='lat' dir='ltr'>l&#39;ron</span> <span class='ocrx_word' id='word_1_394' title='bbox 799 2722 806 2744; x_wconf 85' lang='lat' dir='ltr'>t</span> <span class='ocrx_word' id='word_1_395' title='bbox 819 2728 834 2743; x_wconf 75' lang='lat' dir='ltr'>e</span> <span class='ocrx_word' id='word_1_396' title='bbox 855 2718 888 2744; x_wconf 81' lang='lat' dir='ltr'>in</span> <span class='ocrx_word' id='word_1_397' title='bbox 910 2716 1114 2753; x_wconf 77' lang='lat' dir='ltr'>parietem.</span> 
     </span>
    </p>
   </div>
   <div class='ocr_carea' id='block_1_6' title="bbox 220 2763 1184 2800">
    <p class='ocr_par' dir='ltr' id='par_1_6' title="bbox 220 2763 1184 2800">
     <span class='ocr_line' id='line_1_40' title="bbox 220 2763 1184 2800; baseline 0.004 -4"><span class='ocrx_word' id='word_1_398' title='bbox 220 2763 234 2770; x_wconf 87' lang='grc'><em>“</em></span> <span class='ocrx_word' id='word_1_399' title='bbox 1162 2769 1184 2800; x_wconf 68' lang='grc' dir='ltr'>Ε)</span> 
     </span>
    </p>
   </div>
  </div>
 </body>
</html>
