1742 3005
433 70 528 118 Cap.
560 68 755 106 Lxxwi.
817 68 876 106 De
907 75 1037 106 sancto
1068 69 1239 108 Urbanoss
1456 70 1533 108 341

140 172 260 208 celtum
283 174 480 217 perveniat,
508 177 568 207 aut
583 175 698 207 statim
721 184 747 206 a·
760 173 929 208 daemone
955 178 1079 218 captus
1108 174 1237 206 insanit
1264 176 1323 207 aut
1347 173 1476 206 cadens
1508 176 1538 207 in

135 240 366 282 pavimentum
392 240 551 283 protinus
579 241 681 273 vitam
708 240 834 284 perdit.
885 240 944 274 Lis
973 251 1042 274 non
1067 239 1205 273 medica
1231 239 1320 273 inter
1339 238 1426 272 duos
1455 244 1531 273 erat

136 308 169 338 et
190 304 301 349 judex
328 315 423 339 reum
450 305 585 339 minime
610 306 809 350 ignorabat.
860 306 945 340 Zelo
967 308 1076 351 igitur
1095 305 1259 349 jiistitiae
1276 304 1387 348 judex
1405 305 1528 338 duetus

133 370 254 404 ambos
290 370 333 404 ad
363 370 475 405 altare
506 372 617 404 saneti
652 371 747 406 Petri
780 371 925 405 deduxit
960 375 994 405 et
1021 370 1147 404 ibIdem
1173 381 1267 404 reum
1294 371 1523 404 innocentiam

132 446 251 479 suam,
279 446 380 481 quam
407 436 681 482 praetendebat,
711 438 910 481 Juranlento
937 437 1081 480 expiare
1105 436 1245 479 coegit,
1282 445 1413 480 rogans
1437 446 1523 480 apo-

130 501 277 545 stolum,
314 506 350 536 ut
385 502 503 547 aliquo
535 501 674 546 jndicio
713 500 917 535 ostenderet
948 502 1142 534 veritatem.
1193 499 1276 534 Cum
1311 504 1423 534 autem
1462 502 1523 536 ille

125 568 285 612 jurasset
317 571 351 602 et
385 566 473 600 nihil
503 566 585 599 mali
609 576 736 610 passus
764 566 909 608 suisset,
939 565 1049 611 judex
1075 566 1152 610 ejus
1179 565 1334 599 malitiae
1359 568 1521 600 conscius

128 633 204 667 zelo
227 641 396 666 accensus
415 632 579 676 justitiae
606 631 833 666 exclamavit:
859 633 979 666 senior
1003 633 1070 665 iste
1095 630 1218 665 Petrus
1244 635 1305 665 aut
1327 632 1429 665 nimis
1456 634 1519 665 mi-

127 699 280 733 sericors
316 701 369 732 est
403 701 464 731 aut
492 698 619 731 minori
647 697 772 732 defert.
820 697 949 732 Eamus
980 697 1026 731 ad
1051 696 1271 731 Pancratium
1295 698 1459 742 juvenem
1487 703 1521 733 et

124 763 167 797 ab
195 774 237 799 eo
263 765 493 808 requiramus.
544 762 626 797 Cum
653 773 739 808 ergo
766 764 946 796 venissent
973 766 1006 797 et
1032 773 1140 807 super
1163 762 1328 797 tumulum
1356 773 1436 797 reus
1458 764 1518 808 ju-

123 839 202 864 rare
218 828 342 863 falsum
358 830 644 874 praesumsisset,
671 838 805 862 manuni
821 828 901 862 inde
927 827 1069 862 trahere
1094 838 1163 861 non
1191 829 1306 872 potuit
1329 833 1363 862 et
1390 829 1517 863 ibidem

122 894 341 940 postmodum
374 896 587 939 exspiravit,
622 893 713 928 unde
742 904 853 938 usque
890 892 996 927 hodie
1028 903 1050 926 a
1082 892 1262 937 plerisque
1296 893 1516 929 observatur.

121 967 158 997 ut
183 972 290 1008 super
318 961 485 1008 reliquias
509 960 607 994 beati
635 958 811 994 Pancratii
838 968 901 1002 pro
930 957 1050 994 arduis
1073 959 1307 1003 Juramentum
1335 958 1404 993 fiat.

118 1121 197 1158 lle
228 1118 624 1161 festivitatibus,
660 1128 795 1163 quae
830 1119 1106 1155 occurrunt
1141 1116 1282 1153 infra
1315 1117 1512 1163 tempus

589 1183 1042 1230 peregrinationis.

204 1273 307 1308 Dicto
334 1272 378 1308 de
404 1272 672 1314 festivitatibus,
700 1282 789 1317 quae
815 1275 1002 1313 occurrunt
1024 1272 1115 1305 inter
1139 1274 1275 1315 tempus
1300 1272 1507 1306 reconcilia-

112 1340 233 1382 tionis,
260 1338 352 1384 quod
378 1343 513 1382 tempus
541 1342 785 1381 repraesentat
814 1337 967 1371 ecclesia
994 1347 1014 1371 a
1040 1326 1175 1381 pascha
1202 1347 1313 1382 usque
1339 1336 1383 1370 ad
1409 1342 1504 1371 octa-

114 1414 189 1438 vam
215 1407 458 1449 pentecostes,
492 1404 650 1448 sequitur
688 1402 807 1437 videre
834 1402 876 1437 de
908 1403 1183 1443 festivitatibus,
1219 1412 1308 1447 quae
1343 1405 1506 1436 eveniunt

114 1469 206 1503 infra
239 1473 376 1514 tempus
412 1470 730 1515 peregrinationis,
772 1467 865 1512 quod
901 1473 1036 1512 tempus
1073 1473 1317 1512 repraesentat
1352 1469 1506 1502 ecclesia

112 1534 156 1569 ab
182 1539 307 1570 octava
331 1539 556 1580 pentecostes
583 1545 693 1580 usque
718 1534 762 1568 ad
789 1533 983 1567 adventum.
1033 1533 1243 1577 Principium
1270 1537 1383 1567 autem
1400 1533 1503 1579 hujus

112 1603 280 1646 temporis
313 1612 381 1636 non
416 1612 554 1646 semper
582 1600 638 1635 hic
670 1601 811 1644 incipit,
858 1598 921 1634 sed
953 1600 1057 1644 juxta
1088 1598 1289 1644 paschalem
1322 1601 1501 1636 terminum

111 1668 278 1702 variatur.
643 1644 665 1661 ο

528 2070 652 2132 GAP.
694 2072 899 2134 txxvll.
947 2073 1075 2136 (72.)

343 2173 467 2239 'De
511 2173 836 2217 saneto
879 2172 1248 2218 Urbano.

191 2277 350 2313 Urbanus
375 2279 418 2313 ab
443 2279 641 2316 urbanitate
666 2281 779 2316 dictus
804 2281 859 2317 vel
885 2282 1044 2317 Urbanus
1070 2281 1113 2315 ab
1139 2291 1198 2322 ur,
1240 2279 1331 2325 quod
1360 2283 1412 2316 est
1440 2281 1473 2313 lu

101 2354 177 2378 men
205 2344 258 2379 vel
286 2345 401 2389 ignis,
428 2349 462 2379 et
485 2345 590 2379 banal
614 2348 812 2391 responsio.
861 2346 940 2381 Fuit
965 2348 1053 2381 enim
1078 2346 1192 2381 lumen
1219 2356 1282 2390 per
1302 2355 1488 2380 converser

100 2412 227 2444 tionem
260 2408 463 2451 honestam,
502 2411 596 2456 ignis
631 2421 694 2455 per
729 2413 906 2446 caritatem
941 2422 1163 2453 succensam,
1206 2411 1392 2454 responsio
1427 2422 1490 2455 per

100 2475 315 2516 doctrinan13
344 2474 409 2509 suit
434 2475 547 2509 lumen
573 2477 648 2511 sive
673 2476 752 2518 Ιιικ,
787 2478 869 2522 qula
899 2477 956 2510 lux
983 2479 1036 2511 est
1062 2477 1095 2509 in
1120 2475 1289 2520 adspectu
1314 2475 1488 2518 amabilis,

102 2543 134 2575 in
159 2543 316 2576 essentia
350 2540 608 2583 immaterialis,
642 2542 677 2575 in
710 2542 780 2575 situ
816 2541 1016 2583 coelestis,v
1040 2542 1074 2574 in
1105 2545 1182 2575 actu
1210 2542 1382 2585 perutilis.
1431 2542 1490 2576 Sic

100 2606 159 2642 ille
184 2611 328 2642 sanetus
361 2606 425 2641 fuit
452 2607 614 2641 amabilis
646 2609 680 2641 in
710 2608 996 2648 conversatione,
1033 2607 1272 2642 immaterialis
1306 2610 1339 2641 in
1372 2608 1488 2642 mundi

83 2673 346 2720 —despeetione,
374 2673 540 2709 eoelestis
567 2674 599 2708 in
627 2673 940 2718 contemplatione,
966 2672 1062 2708 utilis
1089 2674 1122 2708 in
1148 2673 1422 2718 praedieatione.
