1742 3005
331 110 428 159 Cap.
458 92 594 145 XC'Vl,
653 108 712 145 De
750 115 880 145 sancta
909 108 1028 145 Maria
1057 106 1296 157 Magdalena.
1424 104 1507 144 409

120 215 268 247 mantem
289 212 589 257 videnslacrymas
611 213 790 246 continere
807 222 873 246 non
895 214 1017 257 potuit.
1047 212 1153 257 CuJus
1172 211 1359 247 dilectione
1371 212 1505 257 quatri-

122 276 270 311 duanum
289 277 432 313 fratrem
453 289 550 312 suum
563 279 798 321 resuscitavit,
820 279 918 323 cujus
931 288 1048 313 amore
1060 277 1233 312 Martham
1244 287 1399 312 sororem
1411 287 1508 311 suam

121 351 142 376 a
165 342 259 378 fluxu
275 346 472 390 sanguinis,
499 355 599 390 quem
625 348 756 388 septem
777 346 876 378 annis
904 354 1076 389 perpessa
1094 343 1219 386 fuerat,
1247 343 1423 385 liberavit,
1449 353 1508 378 cu-

116 409 176 454 jus
202 411 334 444 meritis
361 409 551 445 Martillam
575 411 710 443 sororis
748 419 832 443 suae
863 409 1048 450 famulam,
1081 414 1118 443 ut
1152 409 1237 443 illud
1267 413 1336 443 tam
1368 408 1507 444 beatum

121 478 156 509 et
180 478 250 508 tam
277 475 376 510 dulce
402 476 542 511 verbum
568 476 765 510 exclamans
791 474 941 508 diceret:
965 474 1090 508 beatus
1117 478 1254 516 venter,
1284 476 1341 520 qui
1367 479 1401 509 te
1428 486 1512 519 por-

121 542 230 583 tavit,
257 541 398 587 dignam
424 542 517 576 fecit.
565 540 651 574 Nam
676 539 865 573 secundum
889 539 1109 574 Ambrosium
1136 540 1198 574 illa
1224 540 1290 574 suit
1312 539 1454 574 Martha
1479 544 1513 575 et

122 606 210 641 haec
234 608 310 652 ejus
338 606 479 641 famula.
524 605 619 640 Haec
647 608 722 646 est,
749 606 911 650 inquam,
937 605 1018 648 illa,
1053 615 1142 651 quae
1169 606 1298 640 domini
1323 605 1433 651 pedes
1458 605 1511 639 la-

124 673 248 716 crymis
275 671 381 713 lavit,
408 671 547 716 capillis
570 673 673 706 tersit
698 674 731 705 et
755 676 934 717 unguento
968 673 1148 716 perunxit,
1183 683 1272 718 quae
1298 673 1332 706 in
1357 676 1514 716 tempore

123 738 262 783 gratiae
286 736 486 772 sollemnem
511 738 760 782 poenitentiam
788 738 898 782 primo
925 737 1028 779 fecit,
1064 747 1153 782 quae
1188 739 1351 783 optimam
1379 741 1514 782 partem

118 801 254 848 elegit,
288 812 379 848 quae
405 803 450 837 ad
474 803 583 848 pedes
612 802 739 838 sedens
765 802 895 836 domini
921 803 1062 838 verbnm
1088 804 1221 838 audivit
1248 808 1280 838 et
1305 804 1434 837 domini
1456 813 1515 837 ca-

123 872 185 913 put
219 869 403 912 perunxit,
440 879 530 915 quae
561 870 666 915 juxta
698 879 833 903 crucem
868 870 903 902 in
937 868 1068 903 domini
1101 870 1267 914 passione
1303 869 1387 911 suit,
1427 878 1517 913 quae

124 938 305 978 unguenta
339 944 467 979 parans
499 945 627 980 corpus
664 935 740 980 ejus
777 945 911 980 ungere
943 935 1072 977 voluit,
1111 945 1200 980 quae
1240 944 1261 969 a
1297 938 1517 968 monumento

114 986 310 1044 ‘discipulis
333 1001 577 1037 recedentibus
603 1012 672 1035 non
697 1003 863 1043 recessit,
902 1002 957 1036 cui
991 1000 1151 1036 Christus
1185 1011 1374 1047 resurgens
1406 1002 1517 1045 primo

127 1067 293 1111 apparuit
315 1071 350 1101 et
374 1067 614 1112 apostolorum
638 1067 834 1112 apostolam
866 1067 960 1103 fecit.
1008 1066 1093 1101 Post
1119 1066 1384 1101 adscensionem
1411 1067 1520 1111 igitur

129 1131 279 1175 domini,
307 1132 442 1168 scilicet
466 1143 556 1167 anno
583 1132 673 1168 XIV.
703 1144 724 1168 a
749 1136 915 1179 passione
942 1144 1015 1168 cum
1041 1133 1167 1169 Judaei
1192 1132 1405 1177 Stephanum
1427 1132 1519 1176 jam-

128 1197 187 1232 diu
213 1198 426 1233 occidissent
452 1204 487 1234 et
511 1204 671 1234 caeteros
708 1199 900 1244 discipulos
937 1210 958 1233 a
982 1198 1140 1234 Judaeae
1165 1198 1290 1232 finibus
1316 1199 1519 1244 eJecissent,

129 1263 347 1299 diversarum
372 1257 528 1310 gentium
553 1265 718 1310 discipuli
742 1265 893 1300 subeunt
918 1266 1105 1311 regiones,
1130 1265 1273 1299 verbum
1298 1264 1427 1298 domini
1452 1263 1519 1297 ihi-

129 1331 206 1366 dem
231 1332 455 1366 seminantes.
502 1330 590 1366 Erat
624 1335 738 1366 autem
772 1335 852 1365 tunc
885 1333 1053 1376 temporis
1085 1340 1158 1365 cum
1197 1330 1370 1376 apostolis
1395 1329 1521 1364 heatus

128 1396 340 1432 Maximinus
373 1407 461 1431 unus
495 1396 537 1431 de
569 1396 699 1430 LXXII
733 1396 862 1431 domini
896 1397 1100 1442 discipulis,
1138 1398 1193 1431 cui
1226 1407 1246 1431 a
1279 1396 1383 1431 beato
1417 1395 1522 1430 Petro

130 1462 249 1498 Maria
282 1461 502 1507 Magdalena
534 1462 650 1499 suerat
682 1462 932 1498 commendata.
981 1462 1019 1497 In
1055 1462 1120 1497 hac
1157 1464 1265 1509 igitur
1300 1462 1522 1506 dispersione

131 1528 255 1563 beatus
279 1528 489 1563 Maximinus
505 1556 513 1571 ,
538 1528 654 1563 Maria
678 1528 913 1574 Magdalena,
940 1527 1098 1562 Lazarus
1124 1528 1234 1563 frater
1260 1529 1355 1573 ejus,
1380 1526 1524 1561 Martha

132 1604 236 1628 soror
269 1596 381 1639 ipsius
420 1599 454 1630 et
486 1594 644 1630 Martilla
679 1594 893 1640 pedissequa
924 1593 1087 1629 Marthae
1127 1604 1189 1629 nec
1222 1604 1290 1628 non
1329 1597 1362 1628 et
1397 1592 1523 1627 beatus

135 1659 332 1703 Cedonius,
366 1662 425 1706 qui
449 1670 572 1695 caecus
599 1670 620 1694 a
643 1661 828 1695 nativitate
856 1661 1062 1703 exstiterat,
1096 1660 1159 1695 sed
1195 1671 1216 1694 a
1242 1659 1380 1694 domino
1410 1660 1526 1694 suerat

132 1725 318 1769 liberatus,
346 1736 464 1762 omnes
489 1726 526 1761 hi
551 1726 746 1761 insimulet
781 1726 898 1771 plures
933 1726 995 1760 alii
1031 1727 1216 1761 christiani
1252 1728 1334 1761 navi
1368 1727 1410 1760 ab
1448 1724 1525 1759 inli-

133 1792 270 1827 delibus
296 1794 452 1838 impositi
475 1797 510 1827 et
534 1792 663 1838 pelago
690 1794 766 1827 sine
792 1793 909 1838 aliquo
937 1793 1176 1838 gubernatore
1202 1794 1367 1838 expositi,
1392 1796 1429 1827 ut
1450 1803 1524 1826 om-

133 1868 196 1893 nes
230 1858 365 1894 scilieet
398 1859 500 1894 simul
531 1858 861 1905 submergerentur,
897 1859 1015 1894 divino
1047 1859 1186 1894 tandem
1220 1864 1305 1894 nutu
1328 1858 1526 1894 Massiliam

133 1923 359 1960 advenerunt.
407 1924 474 1960 Ubi
499 1935 574 1959 eum
597 1925 725 1967 nullos,
751 1926 810 1971 qui
835 1936 896 1961 eos
924 1924 1079 1971 hospitio
1104 1928 1264 1971 recipere
1293 1926 1444 1968 vellent,
1473 1926 1526 1958 in-

134 1991 326 2032 venissent,
352 1991 416 2025 sub
442 1991 591 2035 quadam
617 1993 768 2036 porticu,
797 2001 888 2036 quae
909 1986 995 2025 'lano
1020 1993 1136 2037 gentis
1161 1992 1257 2027 illius
1281 1996 1399 2027 terrae
1424 2001 1527 2036 prae-

137 2059 229 2098 erat,
254 2057 491 2090 morabantur.
540 2057 624 2091 Cum
651 2061 765 2092 autem
790 2054 896 2092 beata
920 2056 1036 2092 Maria
1060 2057 1277 2103 Magdalena
1305 2056 1441 2091 videret
1465 2066 1529 2100 po—

135 2121 252 2167 pulum
277 2121 323 2156 ad
359 2122 476 2156 sanum
508 2121 704 2164 confluere,
738 2127 776 2157 ut
807 2122 923 2168 ydolis
955 2122 1171 2164 immolaret,
1205 2132 1398 2168 assurgens
1435 2121 1530 2156 vultu

135 2187 294 2233 placido,
328 2187 419 2223 facie
444 2198 591 2230 serena,
622 2189 744 2235 lingua
770 2188 924 2223 discreta
949 2198 1010 2223 eos
1036 2187 1080 2222 ab
1104 2187 1287 2233 ydolorum
1312 2188 1448 2222 cultura
1472 2197 1530 2222 re-

136 2254 287 2289 vocabat
319 2259 354 2290 et
387 2254 562 2290 Christum
597 2256 881 2290 constantissime
914 2253 1164 2299 praedicabat,
1202 2258 1236 2289 et
1264 2254 1426 2289 admirati
1452 2258 1532 2288 sunt

138 2320 294 2354 universi
325 2331 414 2365 prae
445 2322 585 2366 specie,
619 2331 704 2366 prae
739 2320 924 2363 facundia,
962 2330 1049 2365 prae
1087 2319 1272 2355 dulcedine
1309 2320 1532 2365 eloquentiae

139 2386 229 2431 eJus.
276 2383 347 2419 Nec
371 2387 511 2429 mirum,
550 2388 581 2421 si
615 2397 676 2431 os,
707 2387 802 2433 quod
834 2391 905 2421 tam
944 2387 1005 2432 pia
1038 2390 1073 2420 et
1101 2390 1172 2420 tam
1206 2385 1353 2430 pulchra
1384 2384 1533 2430 pedibus

140 2449 330 2485 salvatoris
371 2450 532 2486 infixerat
574 2452 720 2495 oscula,
765 2453 916 2488 caeteris
960 2453 1109 2497 amplius
1145 2453 1245 2487 verbi
1279 2451 1346 2486 Dei
1379 2452 1534 2496 spiraret

141 2515 295 2551 odorem.
314 2535 359 2543 —
382 2520 427 2554 2.
453 2516 538 2551 Post
560 2516 626 2552 hoc
644 2521 759 2552 autem
779 2518 920 2553 advenit
941 2520 1106 2562 princeps
1125 2519 1327 2562 provinciae
1343 2517 1438 2552 illius
1458 2527 1533 2552 cum

141 2591 251 2617 uxore
273 2592 350 2624 sua,
376 2586 414 2616 ut
437 2593 501 2627 pro
526 2582 692 2617 habenda
718 2583 816 2628 prole
840 2583 955 2628 ydolis
980 2584 1186 2619 immolaret,
1236 2583 1298 2618 Cui
1317 2582 1534 2629 Magdalena

144 2647 321 2683 Christum
355 2647 565 2693 praedicans
600 2647 777 2682 sacrificia
809 2647 990 2683 dissuasit.
1038 2648 1177 2684 Interea
1213 2649 1364 2685 evolutis
1398 2649 1547 2694 aliquot,-

145 2711 277 2749 dierum
300 2714 482 2750 curriculis
509 2715 671 2760 apparuit
700 2715 736 2748 in
762 2715 840 2749 visu
867 2713 1086 2760 Magdalena
1116 2715 1168 2750 illi
1192 2719 1371 2750 matronae
1396 2715 1534 2749 dicens:
