1742 3005
169 118 263 166 Cap.
298 116 483 154 CLXXX.
549 117 606 153 De
637 116 776 152 sanctis
807 115 981 152 Barlamn
1015 121 1051 152 et
1080 115 1276 166 Josaphat,
1355 115 1432 154 Sil

54 220 127 260 Quo
153 220 246 255 dicto
272 222 387 255 statim
413 222 572 265 spiritum
607 231 680 255 cum
720 221 848 266 gaudio
876 221 1001 255 emisit.
1050 219 1224 255 Videbant
1249 221 1335 254 enim
1362 231 1437 255 eum

53 286 275 331 colligentem
311 287 489 330 spiritum,
530 286 816 331 quemadmodum
851 288 880 320 si
915 288 992 332 quis
1025 286 1154 320 salutet
1190 287 1318 320 amicos
1354 296 1437 320 suos

53 351 209 386 dilectos.
260 351 351 387 Haec
379 353 410 385 iu
440 354 520 386 vitis
548 356 694 396 patrum.

608 512 702 519 μ’..-»
713 515 881 519 ,.-—,-—.

468 674 593 735 GAP.
631 674 827 735 CLXXX.
866 674 1022 737 (175.)

161 777 260 820 De
290 772 532 820 sanctis
561 773 866 819 Barlaam
901 774 966 818 et
994 773 1328 830 Josapllat.

140 883 345 924 Baarlaam,
372 883 470 927 cujus
497 882 686 927 hystoriam
713 882 890 917 Johanncs
921 882 1154 915 Damascenus
1181 881 1342 926 diligenti
1367 885 1441 915 stu-

52 948 109 982 dio
150 948 368 993 compilavit,
412 953 581 992 operante
617 949 650 981 in
688 957 729 981 co
772 947 889 981 divina
930 948 1048 992 gratia
1081 951 1236 980 sanctum
1269 946 1441 991 Josaphat

56 1024 172 1059 regem
208 1013 253 1047 ad
289 1013 388 1048 fidem
422 1014 604 1050 convertit,
652 1012 785 1047 Etenim
823 1023 896 1046 cum
931 1013 1095 1047 universa
1119 1011 1218 1045 ludia
1240 1011 1441 1046 christianis

52 1083 87 1114 et
115 1079 293 1113 monachis
320 1079 423 1123 plena
449 1082 561 1121 esset,
597 1080 748 1112 surrexit
780 1090 840 1113 rex
868 1078 1006 1124 quidam
1034 1081 1267 1122 praepotens,
1302 1078 1440 1111 nomine

52 1147 228 1187 Auennir,
264 1146 323 1190 qui
357 1144 570 1178 christianos
606 1148 639 1178 et
672 1146 861 1189 praecipue
903 1143 1093 1177 monachos
1138 1144 1318 1187 plurimum
1359 1153 1440 1186 per-

52 1211 276 1257 sequebatur.
326 1210 462 1245 Accidit
486 1214 621 1252 autem,
657 1214 694 1243 ut
730 1210 869 1254 quidam
906 1211 1001 1255 regis
1028 1210 1159 1242 amicus
1190 1210 1281 1243 etin
1307 1208 1440 1252 palatio

52 1287 116 1311 suo
144 1277 274 1322 primus
301 1276 418 1310 divina
442 1276 669 1309 commonitus
703 1277 820 1321 gratia
856 1277 988 1321 regiam
1024 1275 1137 1309 aulam
1170 1275 1384 1319 relinqueret
1409 1277 1443 1308 et

52 1344 278 1377 monasticum
304 1341 459 1376 ordinem
484 1342 657 1377 introiret.
707 1341 806 1380 Quod
835 1353 893 1376 rex
919 1341 1067 1376 audiens
1088 1352 1172 1386 prae
1194 1341 1246 1374 ira
1264 1341 1442 1374 insaniens

53 1419 128 1443 eum
163 1418 227 1453 per
260 1416 418 1452 quaeque
453 1405 595 1440 deserta
630 1408 757 1451 inquiri
794 1406 875 1442 fecit
901 1412 935 1442 et
962 1409 1017 1441 vix
1043 1408 1215 1440 inventum
1243 1405 1286 1439 ad
1315 1416 1353 1440 se
1379 1405 1443 1439 ad-

56 1473 136 1508 duci
165 1472 363 1514 mandavit,
397 1471 589 1516 vidensque
626 1482 701 1506 eum
734 1472 791 1506 vili
826 1474 941 1506 tunica
969 1475 1169 1516 coopertum
1197 1475 1230 1505 et
1255 1471 1344 1505 same
1369 1480 1441 1504 ma-

55 1544 229 1582 ceratum,
272 1539 332 1583 qui
371 1537 566 1582 splendidis
612 1539 827 1572 vestimentis
863 1537 1056 1572 ornabatur
1088 1540 1121 1571 et
1161 1537 1275 1570 multis
1309 1536 1443 1570 divitiis

54 1604 201 1639 affluere
232 1606 484 1645 consueverat,
513 1603 602 1637 dixit
627 1605 677 1637 ei:
711 1614 731 1636 o
757 1605 862 1638 stulte
888 1608 922 1638 et
947 1604 1070 1637 mentis
1097 1602 1255 1647 perdite,
1293 1614 1355 1637 cur
1378 1603 1442 1636 lio-

54 1681 173 1705 norem
207 1672 240 1704 in
265 1670 505 1705 contumeliam
531 1671 778 1704 commutasti?
825 1668 936 1712 Ecce,
977 1669 1091 1703 ludum
1122 1679 1305 1713 puerorum
1331 1673 1365 1702 te
1392 1668 1443 1702 se—

55 1737 144 1770 cisti.
194 1735 257 1770 Cui
283 1736 362 1771 ille:
395 1737 425 1770 si
451 1735 555 1780 hujus
582 1744 603 1768 a
627 1745 678 1769 me
703 1736 869 1769 rationem
898 1735 1021 1770 audire
1046 1735 1250 1776 desideras,
1286 1735 1444 1767 inimicos

55 1805 134 1836 tuos
161 1801 282 1846 procul
312 1812 334 1836 a
356 1805 391 1837 te
417 1801 577 1846 abjicias.
626 1799 722 1847 Rege
748 1806 884 1843 autem,
921 1803 979 1846 qui
1006 1805 1125 1835 essent
1149 1799 1350 1845 hujusmodi
1376 1801 1442 1832 ini-

55 1868 155 1911 mici,
191 1871 381 1913 quaerente
407 1868 475 1902 ait:
511 1867 563 1900 ira
595 1870 630 1901 et
655 1868 955 1911 eoncupiscentia;
991 1866 1078 1901 haec
1116 1867 1205 1900 enim
1239 1865 1444 1910 impediunt,

56 1945 99 1969 ne
138 1936 272 1969 veritas
303 1933 482 1975 videatur,
525 1932 707 1968 assideant
741 1937 854 1968 autem
895 1932 939 1967 ad
972 1921 1183 1967 audientiam
1222 1931 1447 1966 dicendorum

57 1999 243 2044 prudentia
276 2003 311 2034 ct
346 1990 518 2044 aequitas.
568 1998 631 2033 Cui
656 2009 735 2033 rex:
769 1998 850 2041 fiat,
886 2003 924 2033 ut
958 1999 1126 2044 loqueris.
1174 1997 1217 2032 Et
1244 1997 1327 2032 ille:
1361 1998 1447 2030 insi-

57 2067 194 2108 pientes
220 2073 282 2105 ea,
309 2074 398 2108 quae
423 2068 524 2106 sunt,
560 2064 775 2108 despiciunt,
809 2067 910 2110 quasi
935 2075 1003 2098 non
1029 2066 1118 2105 sint,
1154 2073 1196 2097 ea
1222 2073 1324 2103 vero,
1359 2072 1448 2106 quae

58 2139 125 2163 non
161 2132 263 2171 sunt,
305 2130 407 2173 quasi
442 2130 533 2171 sint,
568 2129 835 2173 apprehendere
872 2129 1070 2163 moliuntur.
1131 2128 1197 2168 Qui
1232 2131 1345 2162 autem
1380 2137 1448 2161 non

57 2195 256 2241 gustaverit
295 2204 434 2237 eorum,
479 2204 569 2240 quae
608 2197 707 2235 sunt,
752 2193 996 2236 dulcedinem,
1049 2204 1117 2227 non
1150 2195 1280 2238 poterit
1318 2203 1448 2234 eorum,

60 2269 150 2305 quae
175 2270 242 2293 non
270 2264 371 2303 sunt,
398 2259 584 2294 addiscere
608 2261 801 2294 veritatem.
849 2258 963 2295 Multa
988 2262 1101 2293 autem
1129 2259 1189 2293 illo
1214 2259 1258 2293 de
1283 2259 1449 2303 mysterio

60 2326 310 2360 incarnationis
337 2329 372 2361 et
398 2324 479 2360 fidei
505 2329 740 2371 prosequente
767 2336 827 2359 rex
853 2326 920 2360 ait:
946 2326 1013 2358 nisi
1034 2324 1098 2359 tibi
1120 2326 1154 2359 in
1174 2325 1345 2370 principio
1366 2334 1447 2368 pro-

60 2392 253 2433 misissem,
291 2391 383 2436 quod
417 2391 459 2426 de
495 2391 608 2426 medio
651 2391 790 2425 consilii
824 2392 910 2425 iram
941 2401 1178 2432 removerem,
1211 2399 1302 2423 nunc
1329 2392 1449 2433 utique

62 2457 137 2502 igni
160 2465 283 2490 carnes
309 2459 388 2490 tuas
414 2457 609 2498 traderem3
636 2467 743 2501 surge
768 2457 877 2502 igitur
903 2460 936 2491 et
964 2456 1046 2502 suge
1073 2467 1115 2491 ex
1143 2455 1255 2490 oculis
1282 2455 1380 2496 meis,
1408 2465 1450 2489 ne

61 2522 155 2556 ultra
188 2525 223 2556 te
256 2521 392 2556 videam
425 2525 460 2556 et
495 2521 585 2555 male
617 2525 652 2556 te
689 2521 846 2566 perdam.
909 2521 970 2556 Vir
998 2521 1065 2556 Dei
1097 2524 1211 2556 autem
1244 2521 1357 2554 tristis
1384 2520 1448 2553 ab-

62 2588 190 2622 scessit
213 2596 277 2629 eo,
311 2585 404 2631 quod
441 2586 630 2619 martirium
655 2597 845 2631 perpessus
870 2598 939 2620 non
966 2589 1075 2623 esset.
1120 2585 1259 2621 Interea
1285 2585 1363 2619 dum
1389 2596 1450 2620 rex

64 2650 196 2685 liberos
227 2662 295 2685 non
328 2651 492 2692 haberet,
541 2661 627 2695 puer
664 2652 696 2684 ei
735 2651 988 2695 pulcherrimus
1024 2653 1181 2685 nascitur
1214 2655 1248 2686 et
1276 2651 1451 2696 Josapliat

65 2716 272 2761 appellatur.
334 2716 581 2763 congregante
626 2719 739 2752 autem
783 2728 866 2762 rege
898 2717 1063 2752 inlinitum
1097 2716 1367 2759 multitudinem,
1414 2722 1450 2751 ut
