1742 3005
258 116 338 154 612
410 116 505 164 Cap.
539 110 782 148 CXXXVIII.
839 111 898 146 De
927 99 1261 147 saneto'Johanne
1293 108 1577 155 Chrysostonm.

262 220 366 252 vitam
401 216 606 250 clericorum
642 215 785 257 repente
816 212 997 257 corrigere
1033 211 1162 254 voluit,
1205 223 1323 247 onmes
1367 213 1400 246 in
1444 211 1497 245 sui
1533 208 1649 243 odium

263 281 451 316 concitavit
475 283 509 314 et
533 290 608 314 eum
635 278 729 313 velut
758 278 926 312 furiosum
954 276 1178 311 declinabant
1203 281 1237 312 et
1262 277 1354 322 apud
1382 286 1499 311 omues
1529 276 1561 310 ei
1586 274 1649 309 ‹le—

262 345 467 388 trahebant‚
503 349 537 380 et
570 346 652 392 quia
686 353 859 388 nunquam
893 343 1044 388 aliquem
1077 342 1121 376 ad
1154 341 1334 387 prandium
1363 343 1552 383 invitabat,
1589 350 1651 375 nec

262 411 305 445 ab
332 412 452 457 aliquo
486 412 626 445 invitari
660 409 822 451 volebat,
859 408 1025 443 dicebant
1060 419 1134 442 eum
1173 407 1239 441 hoc
1274 407 1353 442 ideo
1387 407 1526 448 facere,
1571 408 1652 451 quia

262 479 412 523 turpiter
428 476 664 511 manducaret.
701 475 774 510 Alii
793 479 937 519 propter
955 474 1185 508 excellentem
1209 477 1242 507 et
1260 474 1469 518 exquisitum
1490 483 1586 506 usum
1604 474 1653 506 ci-

263 545 384 578 borum
397 543 465 577 hoc
476 553 550 577 eum
564 541 680 576 facere
694 540 960 585 praedicabant,
980 550 1105 574 revera
1117 543 1231 574 autem
1244 543 1390 584 propter
1407 538 1654 572 abstinentiam

265 608 479 644 stomachum
514 612 548 643 et
574 610 678 652 caput
711 616 820 650 saepe
846 605 989 640 dolebat
1015 610 1049 640 et
1073 606 1152 640 ideo
1183 604 1407 650 prandiorum
1435 603 1557 648 epulas
1584 603 1655 637 evi-

264 674 375 709 tabat.
424 674 578 718 Populus
603 677 718 707 autem
747 676 892 716 propter
916 681 1108 714 sermone&
1137 682 1225 716 quos
1253 672 1287 705 in
1313 671 1465 705 eeclesia
1492 668 1656 704 faciebat.

267 750 344 774 eum
377 739 559 783 plurimum
596 736 770 782 diligebat
800 736 1080 781 parvipendens,
1123 736 1217 781 quod
1261 741 1384 770 contra
1421 746 1495 770 eum
1531 734 1657 768 aemuli

268 805 509 850 loquerentur.
556 801 733 846 Apposuit
758 812 897 846 quoque
921 801 1099 836 ,lohannes
1131 805 1166 835 et
1194 801 1362 846 quosdam
1390 810 1569 845 procerum
1595 798 1659 833 ob-

263 871 413 915 jurgare
439 873 473 904 et
497 868 578 903 ideo
605 871 728 902 contra
754 878 829 901 eum
855 867 969 912 major
995 867 1126 901 invidia
1152 870 1205 901 est
1229 875 1391 900 accensa.
1439 865 1544 900 Aliud
1572 875 1658 910 quo-

270 946 337 981 que
364 935 464 977 fecit,
489 933 582 979 quod
609 936 752 967 cunctos
782 932 882 968 valde
917 934 1111 968 commovit.
1161 932 1351 976 Eutropius
1383 941 1530 976 namque
1557 939 1660 974 prae-

271 1002 408 1046 positus
427 1000 649 1044 imperatoris
667 1002 700 1032 et
716 997 850 1032 habens
867 998 1021 1032 consulis
1036 999 1254 1044 dignitatem,
1271 998 1391 1033 volens
1406 997 1440 1031 in
1457 995 1663 1042 quibusdam

273 1066 318 1100 ad
336 1066 522 1100 ecclesiam
540 1064 759 1111 fugientibus
780 1068 858 1108 ¹)se
879 1064 1071 1107 vindicare,
1093 1065 1239 1107 studuit,
1267 1068 1302 1098 ut
1317 1064 1374 1098 lex
1393 1063 1436 1097 ab
1452 1064 1664 1107 imperatore

273 1135 482 1176 poneretur,
515 1135 552 1164 ut
576 1130 691 1164 nullus
717 1131 762 1165 ad
788 1131 968 1165 ecclesiam
996 1130 1152 1176 sugeret,
1187 1132 1254 1164 imo
1280 1132 1337 1176 qui
1366 1129 1491 1163 dudum
1520 1126 1662 1172 resuge-

275 1201 373 1239 rant,
404 1197 684 1232 extraherentur.
733 1196 818 1231 Post
842 1206 976 1241 paucos
1003 1201 1118 1231 autem
1142 1197 1219 1231 dics
1244 1207 1318 1230 eum
1338 1195 1528 1238 Eutropius
1546 1202 1664 1237 regem

274 1262 504 1305 offendisset,
540 1262 585 1297 ad
623 1262 806 1298 ecclesiam
839 1272 918 1296 mox
946 1262 1121 1308 confugit,
1159 1263 1348 1307 episcopus
1374 1265 1487 1294 antem
1512 1259 1579 1293 hoc
1605 1268 1665 1291 au-

274 1329 374 1364 diens
400 1328 447 1363 ad
472 1339 548 1363 eum
574 1329 638 1362 sub
664 1328 768 1362 altari
793 1327 988 1362 latitantem
1014 1329 1168 1362 accessit
1199 1331 1233 1362 et
1263 1327 1441 1361 homiliam
1466 1327 1666 1369 increpato-

275 1397 362 1430 riam
406 1399 529 1429 contra
571 1405 646 1429 eum
692 1394 825 1428 faciens
867 1395 979 1438 ipsum
1013 1394 1199 1427 durissime
1232 1393 1445 1438 objurgavit.
1512 1389 1564 1424 Ex
1598 1399 1666 1434 quo

275 1461 402 1495 multos
430 1459 576 1494 offendit
607 1470 672 1503 eo,
707 1460 800 1505 quod
833 1459 963 1494 homini
994 1460 1129 1495 infelici
1158 1460 1268 1493 noluit
1302 1455 1578 1492 misericordiam
1605 1456 1666 1488 im-

277 1526 450 1570 pendere,
485 1525 550 1560 sed
581 1527 725 1571 insuper
755 1537 823 1560 non
850 1525 985 1560 destitit
1014 1525 1218 1572 objurgare.
1267 1525 1461 1570 Imperator
1487 1533 1572 1568 ergo
1598 1520 1667 1556 Eu-

275 1593 426 1636 tropium
462 1593 604 1635 rapiens
641 1593 717 1636 ejus
755 1595 860 1637 caput
896 1591 1062 1628 abscidit.
1109 1591 1176 1626 Pro
1212 1591 1364 1627 diversis
1408 1591 1517 1636 igitur
1551 1588 1667 1622 causis

277 1657 404 1691 multos
430 1655 588 1690 homines
616 1656 811 1690 liducialius
838 1657 1054 1703 objurgabat
1080 1661 1114 1692 et
1139 1657 1219 1692 ideo
1243 1662 1319 1692 erat
1335 1657 1494 1702 plurimis
1510 1654 1666 1689 odiosus.

277 1723 500 1767 Theophilus
526 1726 641 1757 autem
666 1722 927 1756 Alexandrinus
954 1725 1142 1768 episcopus
1169 1723 1363 1759 Johannem
1395 1723 1572 1767 deponere
1606 1730 1666 1754 vo-

278 1788 376 1823 lebat
402 1793 436 1823 et
464 1788 696 1834 presbiterum
723 1787 893 1833 quendam
918 1790 1057 1824 nomine
1084 1788 1267 1823 Ysidorum
1285 1788 1463 1823 intrudere
1479 1785 1670 1820 affectabat

278 1858 312 1889 et
351 1854 432 1889 ideo
466 1863 593 1888 causas
628 1853 861 1898 depositionis
894 1853 1085 1899 diligenter
1119 1854 1328 1900 quaerebat,
1369 1853 1519 1898 populus
1553 1855 1667 1885 autem

276 1919 490 1954 defendebat
512 1918 706 1954 Johannem
734 1923 768 1954 et
794 1920 870 1964 ejus
898 1918 1059 1954 doctriua
1084 1920 1234 1954 mirabili
1255 1919 1424 1953 aviditate
1441 1917 1667 1963 pascebatur.

277 1984 489 2019 Sacerdotes
533 1995 671 2030 quoque
710 1984 889 2020 johannes
935 1986 1124 2020 secundum
1168 1986 1426 2020 ecclesiasticas
1468 1984 1667 2017 sanctiones

279 2052 396 2084 rivere
429 2050 582 2095 cogebat
614 2050 758 2091 dicens,
801 2061 870 2084 non
910 2050 1040 2085 debere
1082 2051 1150 2085 l'rui
1187 2051 1320 2084 honore
1356 2049 1570 2091 sacerdotii,
1609 2049 1667 2093 qui

277 2126 395 2150 eorum
409 2117 512 2151 vitam
528 2119 788 2150 contemnerent
805 2104 946 2149 imitari.
974 2115 1050 2150 Non
1070 2117 1181 2150 solum
1199 2121 1313 2151 autem
1336 2116 1554 2160 ²)civitatem
1575 2115 1667 2150 Con-

277 2182 627 2226 stantinopolitanam
647 2185 788 2215 strenue
810 2180 1044 2226 gubernabat,
1064 2182 1126 2216 sed
1143 2186 1177 2217 et
1195 2183 1312 2226 plures
1332 2181 1667 2226 circumadjacentes

277 2247 480 2291 provincias
505 2246 681 2290 imperiali
706 2247 916 2281 auctoritate
945 2247 1104 2291 providis
1130 2247 1271 2293 legibus
1298 2247 1497 2288 ordinabat,
1523 2256 1668 2291 cumque

276 2313 523 2357 cognovisset,
565 2312 599 2344 in
634 2311 809 2346 Phoenice
844 2312 958 2347 adhuc
992 2313 1221 2347 daemonibus
1259 2313 1433 2348 sacrificia
1465 2312 1668 2354 ministrari,

279 2377 427 2411 clericos
460 2377 542 2412 illue
577 2381 610 2412 et
643 2376 831 2411 monachos
866 2378 1056 2412 destinavit
1093 2380 1278 2425 omniaque
1320 2379 1450 2423 templa
1487 2377 1668 2423 ydolorum

278 2441 413 2476 destrui
439 2442 536 2478 fecit.
584 2442 712 2477 Eodem
737 2446 895 2487 tempore
922 2442 1061 2478 Gaimas
1087 2445 1225 2490 quidam
1253 2449 1329 2480 erat
1353 2455 1483 2491 genere
1503 2443 1666 2483 Celticus,

279 2507 427 2541 consilio
455 2507 641 2550 barbarus⁷
669 2508 786 2542 studio
814 2511 994 2553 tyrannico
1025 2509 1248 2545 vehementer
1273 2510 1398 2552 elatuS,
1425 2510 1557 2544 Ariana
1580 2506 1665 2540 hae.-

279 2574 350 2606 resi
377 2572 612 2617 depravatus,
648 2576 819 2620 magister
844 2580 958 2610 tamen
985 2576 1127 2610 militum
1161 2575 1287 2610 sactus.
1337 2575 1397 2608 llic
1422 2575 1665 2616 imperatorem

339 2710 363 2741 Ι)
386 2711 437 2738 [tl-
458 2716 503 2740 l'r.
524 2714 610 2745 Ivssil:
630 2715 856 2746 juridicnro.
962 2717 989 2749 ¹2)
1011 2716 1061 2745 Ed.
1082 2720 1123 2744 Pr,
1145 2714 1272 2749 prm-sort
1291 2711 1549 2740 sanctitntmu.
