1742 3005
246 103 328 143 510
387 104 484 153 Cap.
509 100 644 138 cxlx.
701 99 760 135 De
793 97 1024 134 assumtione
1055 104 1208 135 sanctae
1235 96 1380 135 Mariae
1411 96 1577 147 virginis,

248 211 443 246 veritatem,
462 209 510 247 ut,
532 202 625 249 qnod
640 202 798 237 Thomas
819 212 886 236 non
905 201 1050 236 assuerit
1069 205 1104 236 et
1125 203 1266 237 veniens
1285 201 1512 245 dubitaverit,
1531 201 1633 237 ethis

247 274 388 314 similia,
412 281 502 316 quae
521 280 585 314 per
605 278 644 303 se
664 271 799 313 patent,
817 266 910 312 quod
929 270 1009 301 sunt
1029 267 1259 311 relinquenda
1279 269 1395 312 potius
1414 278 1515 313 quam
1535 278 1634 302 asse-

246 338 365 373 renda.
400 336 619 371 Vestimenta
646 337 760 368 autem
790 334 900 378 ipsius
926 331 972 366 ad
996 332 1271 366 consolationem
1298 331 1450 367 fidelium
1475 333 1637 368 dicuntur

246 406 281 438 in
305 403 435 438 tumulo
461 402 694 443 remansisse,
728 398 820 434 unde
858 402 893 433 et
925 397 968 432 de
1004 397 1154 443 quadam
1179 401 1281 442 parte
1311 398 1463 442 ipsarum
1490 400 1635 433 vestium

246 470 316 504 tale
341 467 543 503 miraculum
570 467 765 512 contigisse
792 467 967 499 narratur.
1016 462 1099 497 Cum
1124 462 1193 497 dux
1217 462 1491 497 Normannorum
1516 463 1637 498 urbem

247 535 512 569 carnotensium
549 531 772 573 obsedisset,
820 531 1008 574 episcopus
1055 528 1148 563 illius
1193 528 1291 563 urbis
1327 530 1479 563 tunicam
1512 527 1638 564 beatae

245 601 402 642 Mariae,
436 608 525 644 quae
550 597 678 631 ibidem
712 595 941 636 servabatur,
975 605 1070 629 more
1101 594 1219 629 vexilli
1254 594 1379 629 hastae
1414 595 1581 638 imposuit
1606 598 1640 629 et

245 666 484 711 subsequente
503 664 634 708 populo
657 672 801 698 securus
824 660 868 695 ad
888 659 1010 694 hostes
1034 661 1141 694 exivit
1161 661 1349 705 statimque
1370 661 1480 694 omnis
1495 659 1639 694 hostilis

247 732 421 766 exercitus
449 729 601 763 amentia
627 732 661 762 et
687 728 857 761 caecitate
882 735 1072 769 percussus
1100 730 1153 759 est
1178 725 1366 770 stabatque
1399 729 1493 759 totus
1530 725 1636 760 corde

245 795 413 831 tremulus
444 798 478 828 et
501 797 595 826 totus
622 793 736 825 animo
763 790 993 835 stupefactus.
1045 789 1143 828 Quod
1169 790 1220 823 illi
1245 790 1288 825 de
1314 792 1455 825 civitate
1481 790 1638 825 videntes

247 861 364 895 divino
387 859 522 905 judicio
549 856 791 902 superaddunt
815 860 850 890 et
873 856 1043 889 atrociter
1068 853 1190 889 hostes
1214 855 1374 897 caedunt,
1401 855 1494 900 quod
1512 855 1638 890 beatae

246 926 384 962 Mariae
409 925 592 969 plurimum
619 922 846 967 displicuisse
872 919 1042 965 probatur
1069 930 1110 954 ex
1137 930 1191 961 e0,
1218 919 1311 965 quod
1340 921 1499 964 protinus
1521 922 1640 955 tunica

245 992 308 1026 illa
341 991 514 1035 disparuit
547 993 582 1024 et
611 990 722 1023 visum
757 988 920 1021 continuo
955 985 1068 1019 hostis
1103 987 1244 1029 recepit.
1293 985 1330 1020 In
1364 985 1640 1020 revelationibus

247 1060 392 1091 sanctae
417 1054 603 1089 Elizabeth
629 1054 783 1100 legitur,
817 1051 932 1097 quod,
969 1050 1047 1085 dum
1074 1052 1153 1095 ipsa
1176 1049 1362 1086 Elizabeth
1387 1051 1537 1096 quadam
1563 1052 1639 1087 vice

246 1124 281 1156 in
316 1122 443 1165 spiritu
476 1124 580 1164 capta
617 1122 732 1160 esset,
767 1117 854 1152 vidit
890 1119 924 1151 in
958 1117 1037 1151 loco
1065 1116 1168 1151 valde
1206 1121 1339 1151 remoto
1374 1117 1545 1161 quoddam
1582 1127 1640 1152 se-

246 1186 428 1233 pulchrum
462 1186 568 1220 multo
608 1185 735 1219 lumine
769 1182 1015 1217 circumfusum
1051 1186 1085 1217 et
1119 1183 1221 1227 quasi
1247 1183 1398 1226 speciem
1423 1183 1579 1217 mulieris
1604 1184 1639 1217 in

246 1264 308 1295 eo,
347 1255 381 1287 et
412 1250 662 1285 circumstabat
695 1248 878 1284 multitudo
914 1247 1118 1294 angelorum
1152 1252 1186 1282 et
1218 1252 1299 1292 post
1323 1248 1486 1293 pusillum
1512 1248 1555 1283 de
1581 1259 1637 1283 se-

245 1318 392 1364 pulchro
431 1321 552 1362 erepta
588 1320 642 1351 est
675 1319 709 1350 et
745 1316 779 1349 in
814 1313 962 1348 sublime
995 1324 1069 1347 cum
1095 1313 1157 1346 illa
1181 1313 1391 1347 adstantium
1420 1314 1638 1350 multitudine

246 1384 404 1425 elevata,
432 1387 466 1417 et
492 1393 571 1418 ecce
596 1383 630 1416 in
657 1382 734 1426 ejus
761 1390 942 1414 occursum
969 1381 1021 1413 vir
1045 1379 1185 1424 quidam
1213 1378 1255 1412 de
1284 1378 1394 1413 coelis
1420 1379 1638 1415 admirabilis

247 1453 281 1484 et
307 1449 486 1494 gloriosus
512 1447 675 1490 advenit,
704 1450 848 1492 portans
876 1447 910 1479 in
936 1444 1061 1480 dextra
1087 1445 1201 1478 crucis
1228 1444 1409 1486 vexillum,
1439 1448 1473 1479 et
1495 1454 1570 1479 cum
1596 1455 1637 1480 eo

246 1514 381 1549 infinita
419 1514 529 1547 millia
561 1512 788 1558 angelorum,
823 1513 943 1556 sicque
978 1521 1054 1545 eam
1090 1510 1256 1545 alacriter
1293 1511 1527 1555 suscipientes
1563 1520 1638 1545 cum

245 1590 372 1626 magno
405 1582 574 1613 concentu
607 1588 682 1612 eam
717 1579 750 1611 in
784 1577 903 1612 coelos
946 1576 1176 1612 deduxerunt.
1224 1575 1309 1611 Post
1346 1575 1515 1610 modicum
1553 1587 1636 1611 vero

245 1646 413 1690 temporis
439 1642 624 1678 Elizabeth
650 1643 832 1688 angelum,
868 1654 942 1677 cum
969 1654 1036 1687 quo
1061 1652 1169 1687 saepe
1193 1641 1428 1687 loquebatur,
1465 1641 1508 1676 ‹le
1533 1652 1637 1687 prae—

247 1712 341 1746 dicta
366 1711 502 1746 visione
530 1707 796 1753 interrogabat,
831 1710 890 1753 qui
924 1708 1142 1752 respondens
1175 1709 1244 1741 ait:
1283 1711 1460 1742 ostensum
1494 1708 1637 1743 esttibi

245 1780 281 1812 in
314 1777 380 1811 hac
416 1776 572 1817 visione,
608 1772 782 1819 quomodo
816 1777 886 1806 tam
920 1775 956 1806 in
993 1783 1098 1807 earne
1132 1783 1232 1818 quam
1270 1774 1304 1806 in
1338 1774 1463 1816 spiritu
1497 1772 1636 1807 domina

245 1847 367 1877 nostra
392 1842 425 1874 in
452 1839 584 1874 coelum
612 1843 767 1873 assumta
792 1842 857 1874 est.
905 1838 999 1873 Dicit
1023 1843 1137 1873 autem
1163 1839 1197 1871 in
1216 1837 1339 1871 iisdem
1360 1837 1635 1871 revelationibus

245 1908 314 1942 sibi
340 1906 529 1941 revelatum
557 1915 656 1947 esse,
690 1904 782 1949 quod
816 1908 896 1948 post
934 1904 997 1939 XL
1032 1903 1107 1938 dies
1141 1904 1195 1937 sui
1231 1903 1400 1936 transitus
1428 1903 1462 1935 in
1487 1912 1635 1947 corpore

245 1975 291 2008 sit
316 1976 483 2007 assumta.
531 1969 616 2004 Nam
642 1969 747 2004 beata
771 1969 885 2004 Maria
910 1980 1025 2004 secum
1052 1969 1257 2014 colloquens
1294 1968 1362 2001 ait:
1394 1971 1476 2012 post
1509 1977 1633 2002 ascen-

245 2040 378 2073 sionem
407 2037 534 2070 domiui
563 2040 597 2070 et
620 2039 673 2069 tot
704 2035 850 2077 diebus,
890 2040 974 2081 quot
1005 2039 1086 2069 sunt
1122 2044 1142 2068 a
1180 2033 1236 2067 die
1268 2034 1488 2067 ascensionis
1522 2043 1634 2078 usque

245 2103 289 2137 ad
319 2103 408 2137 diem
435 2111 532 2136 meae
557 2102 804 2144 assumtionis,
837 2102 1036 2146 supervixi,
1069 2109 1187 2134 omnes
1213 2103 1326 2133 autem
1360 2097 1515 2142 apostoli
1550 2097 1634 2133 dor-

244 2170 379 2203 mitioni
417 2177 516 2202 meae
551 2166 783 2201 interfuerunt
816 2171 850 2202 et
883 2176 1010 2211 corpus
1048 2175 1158 2200 meum
1196 2167 1397 2199 reverenter
1431 2163 1634 2208 sepulturae

246 2233 438 2274 dederunt,
475 2232 537 2267 sed
570 2232 647 2268 XL.
683 2232 741 2267 die
775 2231 994 2277 postmodum
1032 2230 1221 2266 resurrexi.
1270 2229 1352 2263 Cum
1377 2232 1491 2263 autem
1516 2228 1632 2264 Eliza-

245 2298 327 2335 beth
356 2309 431 2333 eam
460 2299 737 2344 interrogasset,
766 2302 878 2331 utrum
904 2297 969 2331 hoc
994 2295 1221 2330 manifestare
1252 2294 1307 2329 vel
1331 2294 1447 2329 celare
1474 2294 1632 2337 deberet,

245 2365 352 2399 dixit:
379 2374 442 2399 nec
466 2363 667 2398 carnalibus
693 2367 727 2398 et
751 2362 943 2397 incredulis
968 2360 1175 2403 revelanda,
1210 2371 1273 2396 nec
1298 2360 1435 2395 devotis
1460 2364 1495 2395 et
1521 2359 1634 2396 fideli-

244 2431 309 2465 bus
337 2428 600 2465 abscondenda.
647 2428 843 2463 Notandum
868 2432 922 2463 est
948 2438 1053 2473 ergo,
1087 2426 1179 2472 quod
1204 2426 1365 2472 gloriosa
1390 2428 1491 2472 virgo
1517 2425 1634 2461 Maria

245 2500 402 2530 assumta
436 2500 470 2530 et
503 2495 659 2530 exaltata
704 2498 759 2529 est
793 2493 1030 2540 integraliter,
1074 2491 1351 2535 honorabiliter,
1391 2492 1563 2527 laetanter
1599 2494 1633 2525 et

248 2560 473 2597 excellenter.
520 2560 686 2595 Assumta
720 2564 774 2595 est
801 2561 889 2594 enim
918 2560 1055 2605 integre
1083 2559 1116 2592 in
1141 2559 1257 2592 anima
1282 2561 1317 2592 et
1341 2567 1507 2601 corpore,
1544 2556 1634 2589 sicut

247 2625 304 2668 pie
329 2625 440 2658 credit
464 2625 624 2660 ecclesia.
675 2625 774 2666 Quod
796 2624 933 2671 quidem
954 2624 1050 2658 multi
1076 2628 1274 2659 sanctorum
1300 2633 1368 2656 non
1393 2621 1503 2656 solum
1531 2631 1631 2655 asse-

244 2692 341 2724 runt.
368 2688 428 2723 sed
456 2691 557 2723 etiam
584 2690 650 2724 hoc
675 2690 828 2735 probare
855 2690 969 2724 multis
996 2689 1190 2724 rationibus
1215 2687 1412 2723 moliuntur.
1462 2685 1631 2722 Bernardi
