1742 3005
78 83 175 135 Cap.
200 83 355 122 CCVlll
378 89 415 123 et
437 85 568 126 CClX.
601 87 658 125 De
679 89 817 125 sanctis
841 89 987 128 Thecla
1013 97 1049 129 et
1069 91 1323 142 Kunegunde.
1383 95 1463 135 905

505 304 631 366 cAP.
659 304 846 366 ccvlll.
881 305 1038 368 (204.)

312 402 432 446 De
498 403 803 447 sancta
867 403 1220 450 Thecla.

169 510 281 538 Thecla
301 520 412 546 sponsa
431 511 565 538 Thamiri
584 510 693 538 sedens
711 510 742 537 in
767 509 900 538 fenestra
924 520 977 539 sua
1001 511 1117 539 audivit
1144 513 1282 547 Paulum,
1307 515 1357 548 qni
1383 519 1457 543 Yco-

68 553 148 580 nium
167 560 304 589 venerat,
324 556 362 583 de
381 556 552 588 virginitate
562 555 804 590 praedicantem3
823 555 869 582 illi
883 556 1028 585 adhaesit.
1065 558 1152 585 Titus
1169 558 1242 585 inihi
1254 566 1456 593 praecesserat

67 602 96 625 et
124 599 247 627 l'auluin
273 609 305 627 se
330 600 500 634 descripsit.
536 602 655 626 Statura
681 599 798 631 brevis,
834 600 933 634 capite
965 602 1108 634 robusto,
1143 604 1312 638 superciliis
1346 606 1453 638 junctis

68 652 140 670 naso
159 644 305 678 aquilino,
333 644 426 676 gratia
451 644 570 679 plenus.
605 647 690 671 Tunc
708 649 804 671 mater
822 645 954 672 Theclae
978 645 1072 673 filiam
1090 656 1157 674 cnm
1176 649 1314 682 apostolo
1334 659 1454 677 accusa

67 693 162 717 verat.
197 691 282 715 Tunc
305 689 395 715 ambo
419 688 458 715 ad
482 683 694 724 p'roconsulem
720 688 891 721 trahuntur,
923 695 1017 718 matre
1043 696 1146 719 contra
1175 692 1268 720 filiam
1297 694 1453 728 clamante,

67 732 136 765 quia
161 740 306 767 sponsum
330 741 416 760 suum
440 733 606 760 contemnit
631 738 662 760 et.
687 732 756 760 huic
789 733 941 763 adhaeret.
978 739 1063 762 Tiuic
1083 736 1202 773 ¹l’aulns
1234 739 1395 773 expellitur
1426 745 1454 767 et

66 776 180 804 Thecla
204 776 265 809 igni
289 777 399 812 injecta
425 777 531 805 illaesa
556 777 650 805 exivit
676 782 707 804 et
733 777 850 805 invenit
874 779 996 806 Paulum
1021 789 1075 814 pro
1102 789 1134 807 se
1153 786 1286 809 orantem
1306 788 1334 810 et
1353 784 1455 811 statim

66 821 200 855 sequitur
218 821 423 854 Antiochiam,
449 822 554 856 ibique
580 832 596 849 a
619 822 751 855 quodam
777 823 1010 857 concupiscitur,
1036 824 1090 851 sed
1115 825 1224 853 videns
1243 836 1275 854 se
1294 829 1453 861 contemni,

65 874 121 900 pro
146 866 290 899 sacrilega
314 867 407 901 judici
433 868 571 895 traditur.
617 867 760 900 Sequenti
786 867 835 894 die
862 867 975 894 Thecla
1001 868 1079 895 inter
1103 869 1206 896 leones
1233 875 1262 897 et
1287 871 1406 899 leaenas
1426 879 1454 900 et

65 919 150 938 ursos
169 911 343 946 projicitur,
367 911 421 939 sed
444 920 548 938 omnes
573 919 605 938 se
629 911 760 938 invicem
784 911 966 938 interficiunt
993 916 1022 938 et
1045 912 1130 944 virgo
1157 913 1261 941 illaesa
1280 918 1454 950 permansit.

65 958 151 982 Tunc
168 956 199 982 in
217 966 326 990 aquam
344 957 421 984 inter
438 955 516 983 feras
534 955 692 991 projicitur
709 959 739 981 et
759 955 850 982 dixit:
873 956 902 982 in
923 956 1043 982 nomine
1061 957 1156 990 patris
1176 963 1205 984 et
1223 959 1318 986 filiiet
1330 962 1452 995 spiritns

65 1000 160 1027 sancti
186 1000 226 1028 sit
249 1001 325 1028 mihi
349 1002 422 1028 haec
448 1011 525 1034 aqua
549 1000 618 1027 sons
644 999 802 1034 baptismi,
837 1004 867 1026 et
893 1008 995 1026 omnes
1021 1000 1103 1027 [erae
1123 1002 1224 1029 statim
1240 1004 1454 1035 moriebantur.

64 1047 174 1072 Iterum
192 1045 225 1072 in
243 1046 464 1081 amphitheatro
481 1045 559 1072 inter
576 1045 655 1071 feras
675 1044 858 1071 crudeliores
876 1043 983 1079 projici
1007 1045 1142 1078 jubetur,
1170 1047 1225 1073 sed
1247 1048 1317 1083 piae
1343 1055 1453 1079 matro-

63 1098 120 1116 nae
145 1090 299 1117 conssuunt
323 1095 354 1118 et
379 1089 530 1117 odorifera
555 1088 703 1123 quaedam
730 1093 850 1123 aptant,
880 1093 912 1115 ut
937 1088 1019 1115 serae
1045 1090 1195 1118 dormiant
1220 1097 1250 1118 et
1274 1093 1453 1126 mitigentur.

65 1134 180 1170 Quibus
207 1135 309 1162 statim
332 1134 481 1170 soporatis
504 1134 583 1161 tauri
605 1133 764 1161 soi-tissimi
790 1133 996 1167 adducuntur,
1030 1135 1138 1168 quibus
1162 1136 1254 1168 ignita
1276 1137 1453 1166 ferramenta

63 1179 103 1206 ad
128 1179 270 1211 genitalia
292 1179 437 1212 ligantur,
463 1183 496 1205 ut
522 1178 615 1210 magis
642 1177 788 1206 saeviant.
824 1181 860 1204 Et
884 1178 968 1210 virgo
987 1178 1078 1211 ligata
1104 1180 1182 1207 inter
1200 1180 1269 1208 illos
1288 1183 1452 1217 projicitur=

64 1224 120 1252 sed
136 1224 242 1252 illaesa
261 1228 292 1251 et
310 1223 475 1251 combustis
493 1223 622 1250 vinculis
642 1222 821 1249 absolvitur.
856 1223 973 1250 Deinde
992 1223 1099 1250 iterum
1119 1234 1186 1252 cnm
1200 1227 1340 1260 apostolo
1352 1229 1453 1255 Suiro-

64 1279 133 1296 nam
150 1268 257 1305 pergit.
294 1268 430 1295 Tandem
450 1278 466 1295 a
485 1267 575 1294 Paulo
593 1272 674 1294 recta
693 1266 905 1294 benedictione
925 1273 1022 1295 sumta
1040 1269 1185 1297 Yconium
1207 1270 1297 1298 rediit
1316 1276 1345 1299 et
1363 1281 1453 1307 spon-

65 1323 130 1341 sum
148 1318 298 1341 mortuum
316 1314 437 1348 reperit.
471 1315 567 1339 Mater
586 1313 648 1346 ejus
667 1312 697 1339 in
715 1321 769 1339 sua
784 1312 919 1346 nequitia
930 1315 1103 1348 permansit,
1122 1316 1188 1350 ipsa
1204 1325 1278 1343 vero
1294 1316 1453 1344 multarum

65 1358 213 1391 virginum
231 1362 326 1385 mater
344 1357 458 1386 exstitit
478 1362 507 1385 et
526 1366 614 1384 orans
634 1357 672 1384 ad
691 1357 847 1385 dominum
865 1358 1014 1390 migravit.

508 1676 633 1742 cAP.
668 1676 809 1743 eulx.
846 1677 1010 1743 (206.)

278 1777 388 1820 Be
429 1777 696 1837 sancta
735 1778 1238 1834 Kunegunde.

164 1888 207 1912 Ex
232 1884 425 1912 nobilissimo
449 1889 608 1921 parentum
630 1895 804 1919 magnorum
827 1886 972 1915 videlicet
997 1890 1198 1920 Augustorum
1226 1888 1369 1921 sanguine
1395 1890 1455 1917 ‹lin›

63 1929 322 1957 immarcescibilis
340 1929 452 1961 gloriae
470 1930 560 1957 flores
579 1930 780 1964 emicuerunt,
807 1931 956 1958 secundus
979 1931 1123 1959 videlicet
1142 1933 1303 1966 Henricus,
1327 1936 1455 1962 Romani

63 1974 183 2009 imperii
214 1974 463 2006 gloriosissimum
491 1974 601 2008 decus,
636 1977 759 2011 ejusque
791 1976 969 2008 dignissima
1000 1976 1166 2004 collectalis
1197 1977 1267 2012 piae
1292 1979 1455 2006 memoriae

63 2018 261 2050 Kunegundis
279 2018 464 2053 imperatrix.
498 2019 611 2046 Eadem
635 2029 708 2047 vero
734 2020 825 2046 beata
851 2025 880 2047 et
903 2023 967 2046 neo
993 2020 1104 2047 dilecta
1122 2022 1319 2052 Kunegundis
1336 2027 1454 2051 terreno

63 2061 240 2098 imperatori
258 2063 463 2097 corporaliter,
481 2071 542 2090 non
559 2063 718 2090 carnaliter
734 2065 892 2097 conjuncta
919 2063 1044 2090 coelesti
1068 2065 1130 2096 regi
1146 2065 1351 2096 virginitatem
1370 2074 1454 2094 suam

65 2107 263 2140 consecravit,
282 2117 372 2140 quam
390 2117 484 2141 usqne
502 2107 533 2134 in
551 2107 641 2134 finem
660 2107 735 2134 casti
753 2108 887 2141 conjugis
907 2116 1054 2135 consensu
1071 2112 1149 2135 teste
1167 2111 1230 2135 Deo
1253 2111 1454 2140 conservavit,

66 2153 155 2190 Quod
172 2152 369 2188 postmodum
388 2151 556 2178 divinitatis
573 2151 781 2178 testimonium
799 2161 836 2178 ne
854 2151 956 2179 lumen
973 2152 1004 2178 in
1022 2153 1155 2179 tenebris
1174 2153 1296 2187 lateret,
1315 2156 1451 2183 ostendit

65 2198 137 2225 dum
163 2206 229 2224 eam
252 2196 292 2223 ad
317 2195 563 2224 confundendum
583 2195 765 2228 virginitatis
791 2196 909 2223 hostem
927 2200 956 2223 et
975 2196 1192 2224 obstruendum
1210 2206 1244 2224 os
1262 2198 1452 2227 mendacium

64 2246 168 2270 contra
193 2241 340 2274 virginem
364 2241 472 2268 Christi
494 2240 682 2274 loquentium
707 2249 797 2275 super
821 2240 931 2273 ignitos
956 2249 1095 2268 vomeres
1113 2241 1252 2269 incedere
1270 2247 1300 2269 et
1317 2243 1453 2271 illaesam

63 2286 229 2323 procedere
255 2285 350 2312 dedit.
384 2289 420 2312 In
444 2285 574 2313 fastibus
599 2286 701 2319 itaque
727 2285 889 2312 constituta
916 2286 1124 2323 confluentiae
1141 2296 1211 2314 suae
1246 2287 1370 2319 gloriam
1396 2291 1452 2316 snb

64 2330 176 2358 terreni
199 2330 358 2364 chlamyde
381 2329 501 2365 imperii
526 2331 682 2362 satagebat
708 2330 908 2363 abscondere,
940 2335 974 2357 ut
1005 2335 1088 2357 tauto
1114 2331 1308 2366 propensius,
1341 2338 1452 2365 quanto

65 2375 218 2403 efficacius
236 2380 316 2408 erat,
339 2380 547 2409 promoveret,
573 2385 661 2409 quam
679 2378 742 2402 Deo
761 2375 921 2407 instigante
940 2375 994 2402 illo
1013 2384 1132 2409 quoque
1151 2377 1312 2410 adjuvante
1331 2377 1369 2403 ad
1388 2378 1453 2405 lau—

65 2421 135 2448 dem
159 2419 255 2455 ipsius
278 2419 429 2452 cogitabat
454 2419 606 2455 perficere.
648 2420 785 2454 Denique
810 2420 1004 2455 postmodum
1030 2421 1182 2448 novellam
1200 2420 1452 2450 foeciuidissimae

65 2464 260 2502 plantationis
279 2474 350 2492 suae
369 2464 543 2497 ecclesiam,
570 2475 659 2498 quam
683 2475 750 2492 cuin
773 2464 827 2491 illo
846 2474 901 2492 suo
921 2464 1143 2502 studiosissimo
1162 2470 1356 2500 cooperatore
1375 2471 1452 2495 Hen-

64 2511 126 2538 rico
145 2509 176 2536 in.
193 2509 261 2536 loco
280 2509 494 2541 Bambergensi
511 2509 741 2542 venustissime,
767 2509 844 2536 sicut
861 2509 1004 2537 hactenus
1023 2509 1167 2543 cernitur,
1193 2509 1369 2544 fabricavit,
1397 2513 1452 2540 sub

65 2553 233 2591 patrocinio
258 2553 402 2589 principis
428 2553 634 2588 apostolorum
652 2554 735 2581 beati
759 2554 838 2581 Petri
855 2558 885 2580 et
903 2553 999 2581 sancti
1017 2555 1136 2587 Georgii
1154 2555 1282 2583 martiris
1301 2562 1452 2584 monaste—

65 2600 143 2627 rium
152 2599 207 2627 sub
227 2598 329 2631 regula
345 2598 428 2624 beati
437 2597 593 2625 Benedicti
611 2597 651 2624 ad
662 2598 867 2631 aquilonarem
881 2599 1000 2633 plagam
1012 2599 1041 2625 in
1059 2599 1172 2626 honore
1189 2599 1285 2627 sancti
1297 2601 1452 2629 Michaelis

68 2644 238 2678 archangeli
256 2641 419 2675 exstruxit,
446 2650 506 2669 non
531 2641 639 2670 minori
665 2642 766 2670 studio
791 2642 984 2678 praediorum
1002 2652 1121 2677 quoque
1139 2654 1173 2671 ac
1192 2644 1380 2672 diversorum
1399 2646 1454 2674 do-

67 2688 158 2717 nariis
176 2693 425 2718 ornamentorum.
462 2687 596 2715 Tertiam
615 2686 734 2714 demum
753 2696 866 2715 versus.
877 2687 1031 2715 meridiem
1052 2689 1107 2715 sub
1127 2688 1232 2716 ordine
1244 2691 1454 2718 canonicorum

1097 2741 1174 2775 57*
