1742 3005
324 96 420 146 Cap.
451 96 596 134 CXLll.
655 97 714 134 De
752 103 883 134 sancta
911 97 1061 133 ‚lustina
1091 96 1245 146 virgine.
1393 94 1473 134 633

92 201 158 241 Qui
189 200 400 247 evigilantes
432 204 546 236 statim
580 213 655 237 eum
689 201 761 236 filia
786 212 823 237 se
850 201 1024 247 baptizari
1052 202 1220 237 fecerunt.
1269 200 1363 236 Haec
1389 212 1474 248 ergo

89 265 230 302 Justina
268 267 369 312 virgo
412 277 433 302 a
465 268 637 313 Cypriano
682 267 862 313 plurimum
898 268 1084 304 molestam
1115 269 1227 313 ipsum
1259 266 1397 302 tandem
1431 268 1475 302 ad

91 330 191 366 fldem
227 335 412 371 convertit.
461 332 653 378 Cyprianus
689 335 775 368 enim
807 343 827 368 a
862 344 925 368 sua
950 335 1101 378 pueritia
1124 343 1247 380 magus
1275 335 1476 368 exstiterat:

90 407 168 432 nam
195 407 269 432 cum
296 402 426 444 septem
456 408 622 433 annorum
652 403 763 441 esset,
797 409 819 433 a
843 398 1047 444 parentibus
1073 398 1223 443 dyabolo
1248 405 1476 435 consecratus

92 466 156 497 est.
204 463 266 498 Hie
283 465 392 510 igitur
416 466 573 510 magicae
593 465 660 498 arti
679 463 895 497 inserviebat
912 467 946 497 et
965 467 1148 496 matronas·
1163 464 1197 496 in
1210 464 1369 508 jumenta
1394 476 1477 500 eon-

92 532 230 564 vertere
254 529 440 564 videbatur
465 533 498 564 et
522 529 630 563 multa
655 528 726 562 alia
753 529 948 574 praestigia
968 527 1168 564 exercebat.
1215 528 1354 564 Ardens
1372 531 1479 575 igitur

92 595 126 628 in
161 603 278 629 amore
301 594 462 630 Justinae
492 595 639 639 virginis
674 593 718 627 ad
744 594 900 639 magicas
925 597 1018 627 artes
1044 603 1084 627 se
1110 594 1274 638 contulit,
1306 598 1345 629 ut
1366 596 1476 640 ipsam

91 669 154 704 pro
179 669 218 693 se
243 658 299 693 vel
325 670 388 704 pro
414 660 488 694 viro
516 658 666 705 quodam
693 658 864 701 Aeladio⁷
891 660 949 704 qui
976 658 1137 694 similiter
1163 660 1196 693 in
1223 661 1299 705 ejus
1327 669 1478 695 amorem

91 728 294 767 exarserat,
339 729 461 770 posset
496 724 639 760 habere.
702 723 862 759 Advoeat
898 726 1007 770 igitur
1037 724 1261 768 daemonem,
1293 729 1331 760 ut
1362 725 1407 760 ad
1441 736 1478 761 se

91 792 206 824 veniat
245 795 280 825 et
318 791 489 826 Justinain
529 801 591 836 per
626 801 701 825 eum
734 789 850 824 valeat
887 789 1030 825 habere.
1095 791 1296 826 Adveniens
1332 791 1478 826 daemon

90 856 178 891 dixit
202 858 253 891 ei:
279 856 362 902 quid
388 867 441 891 ine
467 857 630 891 vocasti?
678 855 739 889 Cui
767 855 979 900 Cyprianus:
1009 866 1086 890 amo
1113 858 1283 902 virginem
1310 857 1353 892 de
1381 856 1478 892 Gali-

91 922 200 964 laeis3
230 926 378 967 potesne
414 922 551 964 facere,
588 926 625 955 ut
658 923 766 965 ipsam
799 920 947 956 habeam
981 926 1016 955 et
1050 921 1260 957 voluntatem
1286 933 1396 958 meam
1422 933 1478 958 se-

90 998 163 1022 eum
189 987 396 1033 perficiam?
445 987 506 1022 Cui
525 987 688 1022 daemon:
716 997 795 1033 ego⁷
823 988 881 1032 qui
906 986 1077 1022 hominem
1098 987 1139 1022 de
1161 987 1328 1032 paradiso
1349 989 1479 1033 ejicere

92 1056 208 1099 potui,
244 1053 337 1099 Cayn
373 1053 515 1088 fratrem
547 1063 644 1087 suum
681 1052 842 1087 oct-idere
876 1054 1081 1097 procuravi,
1113 1052 1269 1088 ,Iudaeos
1303 1054 1477 1089 Christum

91 1120 254 1155 occidere
281 1119 368 1161 feci,
397 1118 554 1153 homines
580 1118 800 1163 perturbavi,
837 1122 870 1152 et
895 1128 963 1152 non
989 1122 1113 1162 potero
1141 1118 1280 1161 faeere,
1316 1124 1352 1153 ut
1377 1130 1477 1154 unam

90 1185 242 1231 puellam
276 1184 409 1220 habeas
442 1189 476 1219 et
508 1194 550 1219 ea
579 1186 682 1230 juxta
716 1188 808 1218 tuum
848 1183 1011 1228 placitum
1049 1184 1208 1219 fruaris?
1261 1184 1479 1231 Unguentum

91 1250 156 1286 hoe
173 1252 292 1296 accipe
309 1255 343 1285 et
371 1252 464 1285 eirca
489 1250 624 1284 domum
654 1251 729 1295 ejus
756 1250 798 1284 de
820 1249 905 1283 soris
933 1260 1062 1296 sparge
1089 1255 1123 1284 et
1141 1262 1208 1297 ego
1228 1253 1479 1296 superveniens

90 1327 152 1352 eor
189 1318 266 1362 ejus
306 1318 340 1350 in
375 1320 468 1350 tuum
504 1325 654 1350 amorem
689 1316 868 1350 incendam
903 1320 936 1350 et
971 1316 1034 1350 tibi
1068 1326 1142 1351 eam
1176 1319 1349 1352 assentire
1385 1329 1478 1352 com-

91 1382 231 1427 pellam.
279 1382 448 1426 Sequenti
482 1386 585 1416 noete
621 1382 767 1416 daemon
792 1381 835 1416 ad
861 1391 936 1416 eam
969 1381 1166 1427 ingreditur
1189 1386 1222 1417 et
1247 1394 1307 1418 cor
1333 1385 1408 1429 ejus
1436 1385 1479 1419 ad

93 1458 244 1482 amorem
280 1447 437 1481 illicitum
470 1448 615 1482 incitare
647 1451 802 1482 conatur.
864 1447 963 1488 Quod
997 1448 1058 1482 illa
1089 1449 1242 1483 sentiens
1279 1449 1404 1484 devote
1441 1461 1479 1485 se

93 1513 232 1548 domino
264 1513 517 1548 commendavit
547 1517 581 1548 et
614 1517 722 1547 totum
755 1523 881 1557 corpus
915 1523 1013 1547 suum
1047 1515 1149 1559 signo
1182 1515 1294 1548 erucis
1320 1516 1478 1550 munivit.

92 1578 147 1614 Ad
166 1581 301 1625 signum
316 1583 429 1613 autem
443 1582 584 1613 sanctae
595 1580 707 1613 crucis
720 1578 888 1623 dyabolus
902 1580 1045 1613 territus
1056 1578 1189 1624 fugitet
1209 1578 1254 1612 ad
1272 1579 1479 1624 Cyprianum

93 1647 236 1680 veniens
260 1649 340 1679 ante
366 1655 440 1680 eum
466 1646 575 1680 stetit.
625 1644 687 1678 Cui
715 1644 908 1689 Cyprianus
935 1644 1040 1678 dixit:
1075 1654 1183 1690 quare
1208 1655 1275 1678 non
1301 1645 1479 1680 adduxisti

92 1710 135 1744 ad
161 1720 213 1745 me
239 1711 407 1756 virginem
433 1710 555 1745 illam?
604 1710 666 1743 Cui
692 1709 858 1744 daemon:
889 1709 1006 1753 ¹)vidi
1032 1712 1066 1744 in
1091 1720 1133 1744 ea
1152 1710 1325 1755 quoddam
1343 1712 1479 1757 signum

92 1780 126 1811 et
157 1775 321 1810 contabui
357 1779 391 1811 et
425 1777 535 1810 omnis
572 1777 682 1810 virtus
716 1776 749 1809 in
775 1786 828 1810 me
853 1775 993 1811 defecit.
1043 1776 1237 1821 CyprIanus
1264 1780 1377 1811 autem
1403 1788 1479 1812 eum

91 1841 222 1876 dimisit
238 1845 272 1876 et
289 1840 469 1876 fortiorem
492 1843 642 1876 vocavit.
693 1841 756 1876 Cui
778 1840 943 1876 daemon:
970 1842 1088 1876 audivi
1112 1846 1204 1875 tuam
1229 1842 1424 1886 jussionem
1445 1848 1479 1878 et

91 1906 162 1941 vidi
193 1907 288 1941 illius
322 1907 661 1952 impossibilitatem,
695 1907 756 1942 sed
793 1917 860 1953 ego
894 1906 1087 1942 emendabo
1119 1911 1153 1942 et
1177 1911 1270 1941 tuam
1295 1908 1478 1953 complebo

92 1972 321 2015 voluntatem3
372 1972 568 2019 aggrediar
606 1982 680 2008 eam
723 1977 757 2008 et
794 1983 855 2007 cor
896 1973 974 2018 ejus
1021 1973 1212 2008 vulnerabo
1247 1974 1281 2007 in
1327 1983 1479 2009 amorem

92 2035 248 2070 libidinis
274 2041 309 2071 et
337 2047 380 2071 ea.
400 2039 504 2082 juxta
527 2038 738 2073 desiderium
763 2042 857 2071 tuum
883 2038 1089 2082 perfrueris.
1136 2037 1343 2083 Ingrediens
1372 2041 1480 2084 igitur

92 2101 263 2147 dyabolus
299 2100 476 2135 nitebatur
509 2103 543 2135 ei
576 2102 790 2146 persuadere
823 2106 858 2136 et
881 2104 1030 2135 animam
1057 2102 1133 2146 eJus
1159 2101 1203 2135 ad
1229 2112 1379 2137 amorem
1409 2104 1477 2137 illi-

91 2168 195 2202 eitum
226 2166 454 2200 inflammare.
502 2165 567 2199 Illa
600 2170 714 2201 autem
747 2176 784 2201 se
809 2166 882 2201 Deo
914 2165 1039 2201 devote
1066 2167 1349 2202 recommendans
1375 2170 1477 2215 signo

90 2234 204 2268 erucis
236 2242 370 2266 omnem
406 2232 631 2266 tentationem
664 2231 793 2276 repulit
825 2235 860 2266 et
892 2231 1075 2266 insufflans
1107 2232 1143 2265 in
1167 2231 1369 2268 daemonem
1393 2245 1476 2278 pro—

91 2300 184 2333 tinus
213 2308 289 2333 eum
315 2296 466 2341 abJeeit‚
493 2295 640 2331 daemon
666 2300 779 2332 autem
806 2296 972 2331 confusus
1002 2296 1090 2331 abiit
1113 2300 1148 2332 et
1175 2298 1314 2344 aufugit
1339 2304 1373 2334 et
1397 2306 1477 2337 ante

92 2363 302 2408 Cyprianum
325 2363 432 2396 stetit.
479 2361 534 2396 Ad
561 2372 661 2408 quem
688 2362 902 2408 Cyprianus:
930 2366 966 2397 et
989 2363 1049 2397 ubi
1075 2366 1129 2397 est
1155 2364 1275 2409 virgo,
1305 2364 1350 2398 ad
1376 2376 1476 2410 quam

91 2433 125 2463 te
158 2427 363 2462 transmisi?
409 2425 454 2462 Et
487 2426 652 2462 daemon:
687 2429 812 2462 vietum
847 2438 900 2462 me
933 2427 1066 2469 fateor,
1103 2430 1138 2462 et
1161 2428 1330 2473 qualiter,
1358 2429 1477 2467 dicere

91 2494 323 2539 pertimesoo;
362 2491 534 2537 quoddam
567 2493 655 2527 enim
684 2494 821 2539 siguum
846 2492 1004 2528 terribile
1030 2493 1063 2527 in
1091 2502 1133 2527 ea
1159 2492 1231 2527 vidi
1256 2498 1290 2528 et
1313 2497 1476 2532 continuo

91 2557 199 2593 robur
220 2568 318 2593 omne
345 2558 456 2591 amisi.
507 2556 606 2591 Tune
631 2558 825 2603 Cyprianus
851 2568 925 2593 eum
952 2557 1115 2593 deridens
1143 2558 1274 2594 dimisit
1307 2563 1342 2596 et
1365 2562 1475 2607 ipsum

162 2703 188 2735 1)
206 2702 258 2732 Ed.
278 2706 322 2730 l'r.
352 2703 447 2730 verba
471 2713 480 2729 t
499 2703 557 2729 idi
577 2719 608 2722 —
629 2702 693 2728 Cui
713 2702 885 2729 daemon:
906 2700 1028 2729 omittit.
