1742 3005
235 128 289 166 (54
628 131 721 178 Cap.
756 129 797 165 X.
870 130 925 165 De
958 130 1232 168 innocentibus.

238 235 351 280 Rogat
375 234 481 278 igitur
508 242 629 277 magos
656 235 689 265 ut
718 242 759 266 eo
784 234 923 266 invento
950 233 1017 266 sibi
1045 236 1252 278 renuntient,
1280 237 1444 272 simulans
1473 248 1510 273 se
1538 238 1625 273 velle

237 299 400 340 adorare,
430 292 528 341 ignem
560 297 697 331 volebat
725 296 894 331 occidere.
930 297 1173 334 Verumtamen
1194 304 1287 347 magi
1315 314 1378 348 per
1403 305 1505 338 aliam
1537 308 1623 339 viam

236 367 366 399 reversi
401 368 478 397 sunt
504 366 537 396 in
564 364 743 408 regionem
773 373 880 397 suam.
931 363 1060 398 Vitlens
1089 365 1258 408 Herodes,
1285 369 1376 413 quod
1404 380 1623 416 nequaquam

234 431 277 464 ad
306 441 343 464 se
373 430 547 470 venirent,
577 428 700 463 stellae
728 430 862 463 visione
891 440 952 463 eos
977 429 1142 475 deceptos
1169 431 1213 466 ad
1239 443 1276 467 se
1302 433 1416 469 redire
1441 436 1623 470 erubuisse

235 495 381 530 credidit
410 498 444 529 et
467 494 547 529 ideo
574 493 617 528 ab
642 495 868 539 inquisitione
894 497 993 540 pueri
1019 498 1167 530 animum
1192 500 1382 533 revocavit.
1411 500 1493 534 Cum
1508 505 1622 536 autem

234 561 404 595 audiisset
428 560 521 605 quod
548 564 710 605 pastores
744 559 904 594 dixerunt
930 566 962 596 et
987 572 1077 607 quae
1103 562 1251 608 Syneon
1280 569 1314 599 et
1340 566 1441 600 Anna
1468 566 1620 611 prophe-

233 631 415 667 taverant,
444 625 665 661 vehementer
689 627 801 659 timuit
827 631 861 660 et
888 637 926 661 se
953 637 973 661 a
999 630 1111 673 magis
1134 631 1284 674 turpiter
1308 631 1446 666 illusum
1473 634 1619 677 putavit.

232 694 329 728 Tunc
354 693 509 727 Herodes
535 692 576 726 de
602 702 685 726 nece
711 702 917 736 puerorum,
969 695 1025 738 qui
1053 699 1152 728 erant
1176 697 1210 729 in
1234 696 1433 739 Betlehem,
1468 702 1619 733 tractare

231 762 359 805 coepit,
386 763 421 793 ut
446 769 520 792 cum
546 759 588 791 iis
614 758 685 799 ille,
715 767 814 803 quem
840 758 1040 803 ignorabat,
1069 760 1295 797 occideretur.
1325 763 1618 802 Admonitionem

230 831 344 860 autem
371 824 488 870 angeli
511 822 644 868 Josepli
677 833 751 856 cum
776 833 884 868 puero
910 828 943 858 et
967 829 1075 859 matre
1108 826 1142 858 in
1169 827 1386 872 Aegyptum,
1436 830 1470 862 in
1495 831 1618 863 civita-

229 897 297 927 tem
323 890 540 936 Hermopolis
566 889 655 935 sugit
679 888 796 934 ibique
823 893 955 933 septem
979 891 1077 924 annis
1102 901 1213 936 usque
1239 893 1283 926 ad
1310 892 1439 928 obitum
1470 894 1617 929 Herodis

230 960 367 994 mansit.
427 956 647 1003 ingrediente
672 956 780 1001 igitur
805 954 941 989 domino
967 956 1162 1001 Aegyptum
1190 958 1374 993 secundum
1403 959 1530 995 Ysaiae
1556 971 1616 995 va-

227 1027 380 1059 ticinium
410 1025 573 1058 universa
607 1021 711 1066 §dola
735 1026 950 1055 corrnerunt.
1019 1021 1176 1055 Tradunt
1202 1034 1359 1069 quoque,
1412 1026 1504 1071 quod
1528 1029 1617 1062 sieut

227 1093 260 1125 in
287 1091 556 1136 exitu-tiliorum
580 1087 690 1123 Israel
717 1087 758 1121 de
783 1087 945 1133 Aegypto
971 1097 1039 1120 non
1069 1087 1132 1121 suit
1152 1088 1272 1123 domus
1298 1092 1333 1124 in
1360 1092 1543 1138 Aegypto,
1582 1096 1615 1128 in

227 1168 295 1203 qua
320 1160 527 1202 procurante
555 1155 691 1189 domino
716 1164 784 1188 non
803 1155 940 1199 Jaeeret
964 1156 1118 1188 mortuus
1151 1156 1425 1201 primogenitus,
1479 1160 1528 1193 ita
1552 1171 1615 1194 nec

224 1229 304 1258 tunc
331 1223 394 1258 fuit
420 1222 595 1267 templum,
623 1223 657 1254 in
683 1231 750 1265 quo
779 1231 847 1254 non
872 1221 1063 1254 corruisset
1085 1219 1235 1264 ydolum.
1277 1221 1397 1257 Refert
1424 1224 1614 1259 Cassiodo-

226 1301 284 1324 rus
310 1292 345 1324 in
368 1290 527 1335 hystoria
550 1287 741 1332 tripartita,
773 1285 864 1331 quod
890 1287 923 1318 in
947 1285 1146 1330 Hermopoli
1174 1287 1365 1333 Thehayde
1383 1289 1519 1324 dicatur
1535 1301 1613 1326 esse

225 1355 351 1397 arhor,
395 1365 485 1400 quae
512 1357 656 1387 vocatur
681 1351 846 1397 persidis,
877 1351 996 1386 valens
1018 1353 1052 1385 in
1077 1351 1223 1387 salutem
1251 1353 1454 1398 multorum,
1482 1358 1512 1390 si
1540 1356 1614 1391 sru-

223 1425 297 1455 ctus
323 1425 383 1455 aut
409 1420 528 1454 folium
553 1422 612 1453 aut
638 1427 720 1462 pars
750 1418 889 1451 corticis
915 1417 1005 1452 collo
1033 1420 1290 1463 aegrotantium
1316 1419 1490 1466 alligetur.
1530 1422 1612 1457 Cum

223 1488 331 1533 igitur
356 1487 461 1522 beata
486 1486 602 1521 Maria
627 1494 701 1518 cuin
726 1483 797 1517 tilio
824 1484 858 1518 in
883 1484 1081 1530 Aegyptum
1106 1483 1264 1530 fugeret,
1310 1485 1397 1521 haec
1421 1487 1528 1522 arbor
1553 1500 1611 1524 us-

225 1564 290 1598 que
319 1553 363 1587 ad
389 1557 517 1587 terram
545 1552 711 1586 inclinata
737 1555 790 1586 est
814 1554 849 1586 et
875 1549 1047 1585 Christum
1076 1551 1283 1595 suppliciter
1307 1552 1478 1588 adoravit.
1517 1554 1609 1589 Haec

223 1618 467 1653 cassiodorus.
485 1639 527 1643 —
555 1639 598 1644 —
623 1621 663 1654 2.
691 1618 773 1653 Cum
800 1619 907 1663 igitur
921 1615 1076 1650 Herodes
1101 1615 1142 1650 de
1168 1626 1251 1651 nece
1278 1628 1462 1662 puerorum
1489 1619 1608 1665 dispo-

222 1688 332 1722 neret„
362 1694 382 1717 a
397 1684 549 1718 Caesare
565 1684 725 1729 Augusto
742 1694 804 1728 per
825 1681 1007 1728 epistolam
1023 1686 1075 1715 est
1097 1683 1223 1716 citatus
1238 1683 1384 1717 tiliorum
1411 1687 1605 1719 accusatio-

221 1750 321 1784 nibus
338 1760 581 1795 responsurus.
619 1750 770 1789 Quicum
795 1760 857 1794 per
873 1747 1020 1782 Tarsum
1037 1749 1112 1783 ‚iter
1135 1747 1278 1785 faceret.
1306 1749 1488 1792 intellexit,
1515 1752 1608 1796 quod

221 1826 343 1862 magos
369 1826 477 1850 naves
504 1815 730 1849 Tarsensium
758 1815 1050 1855 transvexissent,
1080 1818 1114 1848 et
1140 1813 1218 1848 ideo
1245 1825 1362 1849 omnes
1380 1825 1488 1850 naves
1502 1816 1604 1851 Tarsi

220 1882 374 1916 comburi
397 1882 490 1922 fecit,
513 1881 697 1915 secundum
717 1880 809 1927 quod
822 1880 1035 1925 praedictum
1058 1879 1190 1914 fuerat:
1217 1882 1250 1914 in
1271 1882 1396 1925 spiritu
1413 1880 1603 1916 vehementi

218 1951 378 1982 conteres
399 1958 505 1981 naves
522 1947 656 1981 Tarsis.
703 1947 854 1992 Cumque
870 1951 971 1991 pater
986 1956 1060 1980 cum
1076 1946 1155 1980 filiis
1169 1956 1284 1980 coram
1301 1946 1452 1982 Caesare
1467 1948 1604 1993 discep-

217 2017 327 2055 taret,
355 2013 529 2047 delinitum
556 2016 629 2055 est,
655 2017 689 2047 ut
716 2013 775 2047 iilii
802 2014 893 2057 patri
915 2014 950 2047 in
976 2011 1133 2046 omnibus
1160 2011 1341 2047 obedirent
1366 2017 1399 2047 et
1424 2014 1522 2057 ipse,
1549 2016 1602 2048 cui

215 2078 331 2121 vellet,
358 2089 501 2123 regumn
518 2077 716 2113 dimitteret.
760 2078 909 2114 Rediens
926 2080 1034 2125 igitur
1058 2078 1212 2113 Herodes
1229 2083 1262 2113 et
1286 2089 1328 2113 ex
1343 2080 1603 2115 confirmatione

214 2143 324 2178 sactus
350 2131 530 2186 audacior,
556 2145 691 2179 mittens
719 2145 845 2179 occidit
868 2155 985 2180 omnes
1011 2154 1153 2189 pueros,
1182 2145 1352 2189 quierant
1374 2146 1408 2179 in
1424 2145 1602 2182 Betlehem

214 2220 235 2243 a
260 2209 389 2243 bimatu
416 2213 449 2243 et
475 2209 579 2251 infra,
607 2210 795 2244 secundum
819 2194 968 2254 tempus,
998 2209 1089 2254 quod
1115 2211 1324 2254 exquisitum
1349 2212 1599 2255 eratamagis.

214 2275 283 2310 Hoc
305 2279 418 2309 autem
445 2275 616 2319 duplicem
644 2275 910 2320 intelligentiam
938 2275 1101 2309 continet.
1173 2273 1287 2308 Primo
1322 2277 1358 2308 ut
1391 2274 1484 2309 infra
1508 2275 1602 2309 (licat

214 2341 367 2375 ordinem
397 2342 584 2385 tempori53
622 2345 655 2375 et
681 2344 734 2374 est
760 2350 902 2375 sensus:
931 2349 951 2373 a
977 2338 1107 2373 bimatu
1133 2343 1167 2374 et
1192 2340 1295 2381 infra,
1324 2339 1358 2373 id
1385 2343 1451 2382 est,
1478 2339 1522 2374 ab
1548 2342 1599 2374 in-

214 2406 368 2440 fantibus
395 2406 537 2440 (luorum
563 2416 728 2440 annorum
754 2415 864 2450 usque
891 2404 934 2438 ad
962 2415 1090 2449 pueros
1117 2406 1215 2439 unius
1244 2407 1356 2439 noctis
1423 2405 1601 2440 Didicerat

213 2473 300 2504 enim
330 2471 485 2506 Herodes
512 2482 531 2505 a
556 2473 668 2517 magis
693 2481 735 2505 ea
761 2471 838 2506 die.
888 2480 955 2515 qua
987 2470 1089 2504 stella
1117 2472 1299 2515 apparuit,
1351 2472 1392 2505 iis
1428 2471 1598 2505 donnnum

212 2540 327 2569 natum
354 2548 443 2572 csse.
471 2542 504 2572 et
532 2538 706 2581 quiajam
732 2547 841 2570 allitus
868 2537 1035 2573 tinxerat,
1084 2548 1125 2570 ex
1152 2547 1193 2570 eo
1221 2536 1313 2581 quod
1338 2536 1476 2571 Romam
1510 2537 1599 2570 ierat

212 2605 245 2634 et
272 2601 444 2643 redierat,
484 2602 654 2636 dominum
681 2602 874 2636 anniculum
901 2607 933 2636 et
962 2602 1172 2647 reliquorum
1201 2603 1343 2646 insuper
1364 2601 1494 2636 dierum
1519 2611 1598 2635 esse

212 2665 378 2700 credebat
414 2667 562 2711 ideoque
595 2678 703 2712 supra
737 2672 886 2702 aetatem
918 2672 993 2713 ejus
1023 2679 1132 2713 usque
1157 2667 1202 2701 ad
1229 2666 1338 2700 bimos
1365 2670 1398 2699 et
1422 2666 1513 2699 insra
1541 2676 1596 2700 us

210 2741 277 2775 que
303 2730 346 2765 ad
374 2733 472 2765 unius
499 2734 609 2765 noctis
637 2733 787 2767 infantes
816 2733 987 2768 desaeviit
1013 2735 1047 2767 in
1075 2742 1215 2777 pueros,
1243 2732 1364 2765 timens
1391 2731 1487 2775 pueri
1506 2740 1597 2764 mor—
