1742 3005
318 66 411 115 Cap.
447 66 572 102 cLVt.
635 66 691 102 De
733 72 862 103 sancto
896 67 999 103 Luca
1034 69 1265 116 evangelista
1411 67 1493 105 699

113 174 147 204 nt
173 171 299 205 dicitur
325 170 407 204 Luc.
436 169 483 211 11,
521 176 555 205 ut
589 171 672 206 haee
708 171 924 216 postmodum
960 172 1189 216 scriptoribus
1227 177 1423 214 reseraret,
1460 178 1493 206 ut

111 235 194 270 dicit
219 235 347 270 Glossa
371 236 517 271 ibidem:
552 239 686 279 omnia,
724 247 813 282 quae
846 237 889 272 de
922 237 1060 272 domino
1095 237 1148 273 vel
1184 248 1204 272 a
1237 238 1374 272 domino
1402 237 1496 272 sacta

112 301 166 335 vel
190 300 286 336 dicta
309 303 492 348 cognovit,
530 304 562 336 in
596 304 761 338 memoria
794 302 994 345 recolebat,
1029 307 1083 345 ut,
1119 314 1192 339 cum
1228 309 1364 349 tempus
1390 313 1494 348 prae-

110 365 282 402 dicandae
315 368 370 403 vel
403 367 609 403 scribendae
641 370 893 402 iucarnationis
928 368 1129 411 adveniret,
1173 369 1388 404 sufficienter
1421 371 1495 404 uni-

112 441 233 472 versa,
268 438 371 477 prout
406 439 524 469 essent
557 438 680 479 gesta,
723 436 844 477 posset
876 432 1055 476 explicare
1088 434 1351 478 quaerentibus,
1399 434 1496 470 Unde

111 498 213 531 etiam
239 497 438 533 Bernartius
464 501 650 543 assignans
676 499 864 539 rationem,
899 506 1006 542 quare
1040 498 1189 543 angelus
1215 498 1342 534 beatae
1369 501 1495 546 virgini

112 564 281 597 nuntiavit
304 567 508 608 conceptura
536 562 738 605 Elizaheth,
774 563 840 596 ait:
877 562 956 597 ideo
983 567 1173 608 conceptus
1197 562 1383 599 Elizabeth
1407 575 1494 599 nun-

110 630 217 663 tiatur
240 627 394 670 Mariae,
429 631 484 670 ut,
518 627 593 661 dum
621 637 708 661 nunc
733 627 920 662 salvatoris
948 638 1036 662 nunc
1061 631 1305 673 praecursoris
1330 630 1497 666 edocetur

111 695 304 736 adventus,
334 704 446 729 rerum
473 696 608 737 tempus
634 697 668 727 et
692 693 847 728 ordinem
873 697 996 728 tenens
1024 695 1102 738 ipsa
1127 696 1346 738 postmodum
1373 696 1495 730 melius

109 758 340 803 scriptoribus
372 769 411 793 ac
438 758 739 803 praedicatoribus
765 759 941 804 evangelii
968 764 1143 795 reseraret
1168 762 1370 803 veritatem,
1406 771 1496 806 qnae

111 825 211 869 piene
249 824 292 859 de
331 825 489 859 omnibus
533 834 554 858 a
594 825 764 868 principio
810 825 957 859 coelitus
1005 826 1069 859 suit
1106 827 1273 860 instructa
1308 829 1494 871 mysteriis.

111 889 274 924 Creditur
307 891 432 935 igitur,
478 890 569 935 quod
603 890 844 935 evangelistae
877 900 951 924 eam
983 890 1026 925 de
1058 891 1173 926 multis
1208 892 1430 937 inquirebant
1463 898 1497 928 et

109 956 188 1000 t-psa
221 966 281 990 eos
316 956 549 998 commeabat,
585 960 619 990 et
643 954 845 1000 specialiter
877 955 1031 990 creditur
1056 956 1098 991 de
1125 957 1227 992 beato
1253 957 1366 1000 Luca,
1403 960 1494 1004 quod

110 1022 152 1056 ad
179 1032 253 1056 eam
281 1026 451 1067 tamquam
477 1021 521 1056 ad
547 1021 688 1056 archam
714 1023 911 1056 testamenti
939 1024 1084 1056 recurrit
1118 1027 1151 1057 et
1176 1023 1219 1056 ab
1246 1033 1288 1057 ea
1313 1024 1356 1058 de
1380 1026 1495 1060 multis

113 1087 321 1123 certificatus
348 1087 431 1129 fuit,
459 1089 649 1132 praecipue
675 1087 716 1122 de
743 1086 818 1129 his,
848 1098 936 1132 quae
963 1087 1030 1121 sibi
1057 1089 1121 1121 soii
1149 1089 1379 1132 constabant,
1406 1094 1496 1126 sicut

110 1153 154 1188 dc
190 1153 352 1199 angelica
387 1155 650 1188 annuntiatione
682 1158 716 1188 et
751 1153 879 1187 Christi
916 1154 1099 1187 nativitate
1133 1158 1166 1189 et
1199 1155 1415 1200 hujusmodi,
1452 1158 1495 1193 de

111 1219 236 1265 quibus
270 1220 366 1254 solus
401 1219 516 1254 Lucas
549 1221 633 1264 agit.
693 1219 849 1263 Septimo
883 1219 926 1252 ab
963 1220 1135 1263 apostolis
1163 1222 1364 1257 intimatum.
1415 1222 1495 1257 Cum

110 1295 194 1320 vero
218 1284 332 1320 Lucas
359 1296 426 1320 non
453 1286 557 1320 suerit
579 1295 652 1318 cum
681 1284 820 1319 Christo
847 1286 881 1318 in
907 1285 1066 1320 omnihus
1097 1286 1233 1322 actibus
1260 1291 1293 1322 et
1319 1289 1494 1322 miraculis

111 1350 263 1393 Christi,
302 1351 382 1386 ideo
417 1362 513 1385 suum
549 1350 769 1395 evangelium
804 1352 945 1395 scripsit
983 1351 1167 1385 secundum
1203 1352 1294 1397 quod
1326 1354 1494 1398 apostoli,

111 1418 169 1461 qui
203 1421 406 1461 praesentes
446 1417 604 1458 fuerant,
636 1416 704 1449 sibi
730 1417 975 1450 intimaverunt
999 1421 1033 1451 et
1058 1417 1270 1459 retulerunt,
1307 1421 1396 1454 sicut
1420 1422 1496 1465 ipse

111 1484 143 1515 in
180 1482 330 1527 prologo
368 1491 431 1516 suo
472 1482 625 1515 insinuat
650 1480 791 1515 dicens:
825 1483 916 1516 sicut
949 1482 1168 1517 tradiderunt
1203 1484 1328 1525 nobis,
1361 1487 1419 1529 qui
1451 1486 1495 1520 ab

110 1548 208 1581 initio
243 1548 308 1591 ipsi
345 1547 504 1581 viderunt
544 1550 578 1581 et
611 1546 759 1580 ministri
797 1546 935 1581 suerunt
970 1551 1139 1583 sermonis
1173 1554 1237 1583 etc.
1288 1551 1369 1584 Cum
1406 1554 1494 1586 enim

111 1611 298 1657 dupliciter
324 1613 546 1647 consueverit
572 1611 656 1646 ferri
676 1613 928 1654 testimonium,
958 1613 1091 1648 scilicet
1110 1614 1152 1649 de
1179 1616 1263 1650 visis
1294 1620 1328 1650 et
1353 1616 1495 1659 auditis,

111 1677 190 1713 ideo
223 1677 381 1712 dominus
418 1682 478 1719 (ut
509 1679 558 1711 ait
588 1676 836 1722 Augustinus)
880 1677 968 1712 duos
1004 1683 1114 1714 testes
1149 1681 1257 1715 voluit
1288 1680 1418 1716 habere
1454 1682 1496 1718 de

111 1744 217 1784 visis,
244 1744 378 1778 scilicet
402 1742 618 1778 Matthaeum
644 1745 678 1775 et
702 1741 915 1784 Johannem‚
943 1747 977 1777 et
1001 1743 1088 1778 duos
1115 1745 1158 1780 de
1184 1746 1332 1788 auditis,
1362 1747 1498 1782 scilicet

111 1807 264 1841 Marcum
299 1812 331 1842 et
364 1807 503 1843 Lucam.
552 1807 596 1842 Et
621 1809 782 1853 quoniam
807 1809 1063 1851 testimonium,
1099 1811 1192 1855 quod
1229 1816 1281 1846 est
1315 1812 1359 1847 de
1398 1814 1495 1854 visis,

111 1871 240 1906 tirmius
266 1878 300 1907 et
322 1875 451 1908 certius
480 1878 549 1914 est,
585 1883 685 1918 quam
719 1873 826 1915 illud,
862 1873 955 1918 quod
990 1879 1044 1909 est
1068 1874 1111 1910 de
1135 1875 1286 1918 auditis,
1325 1877 1425 1920 ideo,
1461 1883 1497 1912 ut

111 1936 195 1970 dicit
218 1937 454 1984 Augustinus,
491 1937 559 1972 duo
585 1939 788 1984 evangelia,
821 1948 910 1984 quae
935 1944 1016 1973 sunt
1040 1940 1083 1974 de
1109 1942 1212 1983 visis,
1239 1946 1414 1986 ponuntur
1436 1953 1496 1978 ex-

113 2007 243 2044 trema,
270 2007 305 2037 et
330 2003 402 2037 alia
426 2003 516 2045 duo,
545 2013 635 2049 quae
659 2007 739 2037 sunt
764 2003 807 2037 de
828 2003 970 2045 auditis,
999 2010 1173 2048 ponuntur
1196 2007 1323 2050 media,
1350 2013 1387 2042 ut
1410 2008 1497 2044 haee

113 2067 226 2102 media
256 2071 428 2112 tamquam
465 2067 653 2101 infirmiora
684 2059 727 2100 ab
760 2067 830 2100 iilis
865 2069 1046 2110 extremis,
1090 2079 1180 2113 quae
1218 2075 1298 2105 sunt
1330 2074 1495 2114 certiora,

114 2133 192 2167 hinc
220 2132 299 2166 inde
326 2131 514 2166 fulciantur
538 2135 572 2166 ct
592 2130 811 2165 roborentur.
861 2131 995 2166 Octavo
1019 2142 1041 2166 a
1063 2133 1172 2168 Paulo
1205 2135 1413 2171 mirabiliter
1431 2146 1495 2181 ap-

113 2197 307 2242 probatum.
357 2196 440 2231 Nam
466 2199 542 2242 ejus
563 2195 782 2242 evangelium
799 2195 1007 2232 mirabiliter
1023 2199 1258 2243 approbabat,
1285 2200 1425 2245 quando
1451 2201 1497 2236 ad

111 2262 403 2298 confirmationem
429 2262 596 2296 dictorum
623 2271 762 2296 suorum
777 2261 896 2297 Lucae
920 2263 1139 2309 evangelium
1157 2264 1368 2301 adducebat.
1400 2265 1497 2301 Unde

113 2328 198 2361 dicit
220 2327 446 2372 Hieronymus
473 2329 508 2361 in
533 2326 623 2361 libro
651 2326 693 2361 de
719 2328 804 2361 viris
836 2326 1052 2362 illustribus:
1085 2329 1224 2374 quidam
1258 2332 1495 2375 suspicantur,

113 2393 389 2437 quotiescunque
418 2391 546 2426 Paulus
572 2394 606 2426 in
632 2392 792 2437 epistolis
826 2394 899 2427 suis
933 2392 1036 2428 dicit:
1062 2395 1249 2429 secundum
1278 2394 1495 2440 evangelium

115 2467 237 2499 meum,
265 2456 308 2491 de
326 2456 443 2491 Lucae
468 2457 666 2502 significare
685 2457 869 2491 volumine.
918 2456 1004 2502 Ejus
1030 2460 1132 2493 etiam
1153 2458 1372 2504 evangelium
1390 2461 1494 2494 mira-

114 2522 233 2556 biliter
256 2521 485 2567 approbavit,
522 2531 595 2555 cum
631 2521 674 2555 de
700 2531 741 2556 eo
767 2522 891 2556 scribit
913 2521 953 2556 ΙΙ.
984 2522 1063 2557 Cor.
1090 2522 1181 2556 VIlI:
1215 2524 1315 2567 cujus
1342 2523 1419 2558 laus
1443 2529 1497 2560 est

85 2587 90 2591 '
115 2589 148 2620 in
174 2586 363 2632 evangelio
388 2597 449 2631 per
474 2595 589 2620 omnes
618 2585 800 2620 ecclesias.
829 2605 864 2611 —
899 2606 940 2612 —
970 2606 1007 2611 —
1034 2589 1080 2623 2,
1107 2586 1255 2633 Legitur
1282 2589 1315 2622 in
1341 2587 1497 2634 hystoria

116 2650 353 2692 Antiochena,
383 2652 496 2696 quod.
534 2651 609 2684 dum
637 2650 837 2686 christiani,
874 2652 930 2694 qni
959 2655 1057 2685 erant
1082 2652 1114 2685 in
1142 2652 1346 2693 Antiochia,
1381 2654 1495 2689 multis
