1742 3005
225 74 306 112 426
473 76 565 125 Cap.
597 75 731 111 XCIX.
793 75 849 112 De
881 82 1010 112 sancto
1042 77 1184 113 Jacobo
1216 78 1369 126 majore.

225 180 308 214 illud
336 182 514 224 peccatum
541 176 687 217 deleret,
714 177 786 210 suis
814 178 946 212 meritis
972 184 1148 222 exoraret,
1175 180 1375 215 schedulam
1397 178 1617 225 postmodum

225 246 363 290 aperuit
390 247 424 278 et
449 244 585 288 penitus
611 241 761 276 deletum
788 243 968 277 inveniens
994 243 1068 278 Deo
1103 249 1137 278 et
1166 250 1289 279 saneto
1315 245 1451 280 Jacobo
1481 246 1617 290 gratias

225 310 379 345 reddidit
411 314 445 344 et
477 309 605 343 factum
639 306 798 341 omnibus
833 307 1034 352 publicavit.
1063 328 1100 335 -
1131 329 1172 335 —
1200 331 1240 335 —
1281 314 1331 347 4.
1360 310 1527 356 Triginta
1553 311 1616 343 viri

224 377 266 410 de
301 376 530 421 Lotaringia,
573 377 609 407 ut
649 374 699 407 ait
729 372 879 407 Ubertus
914 373 1148 418 Bysuntinus,
1187 377 1280 410 eirca
1319 386 1442 410 annum
1486 375 1616 410 domini

223 442 358 478 MLXX
384 441 428 475 ad
455 443 610 474 sanetum
633 438 801 475 Jacobum
826 443 1060 484 properantes
1095 451 1213 475 omnes
1248 452 1315 475 uno
1341 444 1487 485 excepto
1514 439 1614 475 fidem

222 509 292 542 sibi
326 509 434 542 mutui
467 506 576 541 officii
608 506 853 549 promiserunt.
903 504 998 540 Unus
1032 507 1142 552 igitur
1174 507 1310 541 illorum
1337 506 1528 541 infirmatus
1553 505 1616 540 XV

222 574 346 609 diebus
372 583 394 608 a
418 574 525 607 sociis
552 574 797 615 exspectatur,
833 571 897 605 sed
932 571 1070 606 tandem
1103 583 1123 607 a
1147 574 1279 607 eunetis
1305 573 1514 617 relinquitur
1538 576 1575 607 et
1597 581 1618 605 a

222 640 300 674 solo
324 640 406 682 illo,
444 639 502 684 qui
538 636 638 671 fidem
670 646 738 670 non
761 639 994 681 promiserat,
1027 639 1070 673 ad
1106 639 1229 683 pedem
1255 640 1382 673 montis
1408 639 1519 671 saneti
1546 637 1616 672 Mi-

221 705 354 740 ebaelis
381 703 594 743 custoditur,
630 703 695 736 sed
728 702 1045 747 advesperascente
1079 706 1136 740 die
1160 707 1314 740 moritur.
1364 704 1473 739 Vivus
1502 708 1615 738 autem

221 775 367 816 propter
391 769 485 803 1111115
511 768 579 801 1οοί
611 767 835 802 solitudinem
864 774 898 803 et
922 769 1076 804 defuncti
1104 772 1339 815 praesentiam
1374 774 1408 804 et
1436 771 1613 804 imminen-

220 842 287 871 tem
311 837 425 870 noctis
450 834 635 880 caliginem
663 836 697 867 et
721 835 838 879 gentis
863 834 1038 870 barbarae
1064 836 1238 870 feritatem
1263 835 1364 870 valde
1388 836 1526 876 timuit,
1554 834 1614 869 sed

221 903 338 937 statim
363 901 487 936 beatus
513 899 667 935 Jacobus
694 900 727 932 in
756 901 874 943 specie
909 902 1038 946 equitis
1073 901 1140 935 sibi
1165 911 1341 946 apparens
1368 904 1402 935 et
1426 911 1501 935 eum
1531 910 1614 933 eon-

222 968 342 1002 solans
368 969 437 1001 ait:
461 965 561 1000 trade
588 965 672 999 mihi
697 964 786 999 hune
813 971 980 1000 mortuum
1010 972 1043 1001 et
1074 971 1111 1001 tu
1137 966 1313 1001 adscende
1338 970 1419 1011 post
1441 977 1493 1000 me
1510 976 1616 1010 super

222 1044 366 1078 equum,
404 1034 524 1077 sieque
550 1032 613 1066 illa
639 1035 739 1066 noete
771 1036 851 1066 ante
877 1032 964 1066 solis
991 1037 1101 1066 ortum
1131 1033 1269 1067 diaetas
1294 1032 1357 1067 XV
1382 1035 1614 1078 peragrantes

222 1100 264 1134 ad
292 1102 441 1133 montem
468 1096 612 1142 gaudii,
652 1098 711 1141 qui
746 1101 799 1131 est
832 1097 976 1132 dimidia
1011 1098 1112 1133 leuca
1135 1100 1229 1133 eirca
1254 1102 1409 1132 sanctum
1435 1097 1614 1135 Jacohum,

222 1167 454 1211 pervenerunt
478 1164 769 1208 ibique‘sanctus
793 1162 947 1197 Jacobus
973 1168 1155 1209 utrumque
1179 1164 1344 1209 deposuit
1380 1164 1614 1208 praecipiens.

222 1236 258 1266 ut
287 1231 477 1265 canonicos
511 1229 623 1262 saneti
655 1227 778 1263 Jacohi
812 1228 856 1262 ad
898 1229 1138 1274 sepeliendum
1183 1231 1406 1275 peregrinum
1445 1234 1613 1263 mortuum

222 1300 433 1331 convocaret
458 1299 492 1330 et
515 1297 587 1328 suis
614 1295 722 1328 sociis
751 1294 902 1336 diceret,
929 1295 1021 1340 quod
1049 1300 1193 1340 propter
1220 1295 1319 1329 iidem
1336 1295 1480 1329 fractam
1496 1306 1614 1330 eorum

222 1363 462 1409 peregrinatio
487 1360 535 1395 nil
562 1359 706 1396 valeret.
758 1361 823 1401 Qui
845 1361 951 1406 jussa
974 1361 1160 1406 complevit
1193 1365 1228 1395 et
1258 1362 1480 1405 stupentibus
1508 1362 1614 1394 sociis

221 1430 265 1464 de
293 1430 370 1474 ejus
396 1429 521 1462 itinere
547 1437 600 1468 ea,
629 1437 718 1472 quae
743 1431 886 1462 sanetus
911 1427 1065 1462 ,lacobus
1092 1426 1240 1468 dixerat,
1267 1428 1448 1461 intimavit.
1467 1446 1617 1452 ——--

220 1499 268 1533 5.
298 1495 560 1534 Teutonicus1)
588 1492 725 1539 quidam
743 1522 751 1536 ‚
779 1498 816 1528 nt
842 1496 891 1528 ait
921 1493 1078 1528 Calixtns
1105 1503 1209 1538 papa,
1236 1503 1309 1526 cum
1336 1492 1407 1526 filio
1435 1503 1498 1527 suo
1524 1494 1617 1537 circa

222 1573 345 1596 annum
374 1561 502 1594 (1111111111
531 1559 637 1594 ΜΧΧ
661 1560 706 1593 ad
733 1564 888 1594 sanctum
907 1560 1073 1596 ζ111001111111
1096 1569 1248 1604 pergens
1269 1563 1303 1593 et
1325 1560 1357 1593 in
1378 1560 1463 1594 urbe
1482 1559 1616 1593 Tolosa

221 1630 339 1673 gratia
381 1624 584 1670 hospitandi
627 1624 804 1660 divertens
847 1627 889 1660 ab
936 1626 1074 1670 hospite
1116 1625 1311 1660 inebriatur
1347 1630 1381 1660 et
1418 1626 1461 1659 ab
1500 1637 1540 1659 eo
1580 1627 1613 1659 in

224 1693 390 1739 2¹)mallia
432 1695 622 1737 argenteus
665 1691 817 1736 scyphus
852 1691 1091 1726 absconditur.
1153 1691 1258 1726 Mane
1299 1693 1408 1737 igitur
1447 1696 1613 1726 exeuntes

223 1761 323 1804 quasi
369 1758 523 1792 latrones
557 1759 746 1800 insequens
783 1758 962 1791 revocavit
1005 1761 1058 1797 et,
1097 1756 1190 1801 quod
1218 1756 1382 1800 scyphum
1409 1762 1612 1801 argenteum

222 1825 328 1858 furati
365 1823 514 1864 suerint,
554 1822 675 1856 iisdem
704 1822 844 1867 objecit.
896 1822 956 1855 (lui
984 1832 1056 1855 cum
1083 1821 1252 1863 dicerent,
1282 1822 1373 1866 (111011
1401 1822 1522 1866 punire
1552 1832 1612 1855 eos

221 1891 365 1929 faceret,
393 1890 422 1922 si
449 1888 540 1932 apud
568 1898 629 1922 eos
654 1887 817 1931 sqprum
844 1888 999 1921 invenire
1027 1892 1160 1932 posset,
1189 1891 1223 1922 et
1250 1898 1324 1921 (tum
1351 1892 1475 1932 aperta
1497 1888 1612 1921 mallia

220 1958 382 1990 inventus
408 1954 554 1995 fuisset,
589 1954 748 1997 protinus
782 1952 826 1987 ad
856 1953 1008 1999 judicem
1045 1955 1237 1998 rapiuntur.
1288 1953 1378 1987 Data
1414 1964 1500 1997 ergo
1533 1964 1612 1988 sen-

220 2023 330 2056 tentia
358 2021 492 2057 omnia,
529 2028 618 2064 quae
644 2018 842 2061 habebant,
877 2020 1009 2064 hospiti
1043 2019 1227 2053 traduntur
1251 2023 1285 2055 et
1310 2030 1397 2053 unus
1423 2030 1539 2054 eorum
1567 2020 1611 2054 ad

220 2086 445 2131 suspendium
476 2085 668 2130 ,iudicatura
717 2084 786 2119 Sed
822 2096 895 2119 eum
928 2089 1030 2129 pater
1055 2096 1116 2130 pro
1147 2085 1218 2119 lilio
1247 2090 1280 2120 et
1306 2085 1396 2119 1111115
1424 2096 1486 2130 pro
1513 2090 1612 2130 patre

220 2155 305 2187 mori
333 2152 452 2190 vellet,
477 2151 615 2186 tandem
641 2151 731 2184 1111115
758 2151 984 2195 suspenditur
1008 2155 1042 2185 et
1068 2155 1169 2196 pater
1193 2151 1237 2185 ad
1262 2155 1415 2185 sanctum
1441 2151 1610 2185 Jacobum

220 2229 378 2254 moerens
406 2217 642 2262 progreditur.
690 2215 801 2262 Igitur
827 2221 906 2261 post
923 2216 1069 2251 XXXVI
1095 2216 1170 2251 dies
1195 2217 1334 2251 rediens
1361 2220 1395 2250 et
1419 2217 1461 2250 ad
1484 2227 1611 2262 eorpus

221 2285 281 2318 lilii
309 2284 486 2318 divertens
511 2292 618 2327 super
642 2293 717 2316 eum
743 2282 985 2317 lamentabiles
1014 2292 1118 2317 voees
1144 2281 1326 2327 promebat
1346 2285 1380 2316 et
1399 2293 1492 2323 eece,
1520 2282 1611 2316 filius

220 2359 413 2394 suspensus
438 2348 614 2383 consolari
639 2349 756 2392 eoepit
782 2349 891 2392 ipsum
919 2349 1058 2383 dieens:
1099 2348 1300 2382 dulcissime
1324 2352 1445 2392 pater,
1479 2359 1522 2383 ne.
1547 2349 1609 2383 fle-

221 2416 327 2457 veris,
357 2415 440 2459 quia
464 2424 636 2458 nunquam
665 2413 748 2446 1111111
773 2414 824 2446 sie
850 2413 939 2447 bene
965 2414 1046 2456 fuit,
1076 2415 1236 2459 quoniam
1265 2414 1443 2459 hueusque
1468 2418 1609 2448 sanetus

219 2480 372 2514 lacobus
411 2490 464 2514 me
497 2481 708 2514 sustentavit
741 2484 776 2513 et
806 2479 952 2514 coelesti
979 2479 1162 2514 dulcedine
1190 2491 1243 2514 me
1270 2479 1458 2514 refocillat.
1508 2479 1606 2518 Quod

221 2550 321 2589 pater
347 2545 493 2579 audiens
517 2544 560 2579 ad
587 2544 706 2579 urbem
732 2546 882 2579 (uicurrit
907 2550 942 2580 et
969 2547 1148 2581 venientes
1173 2545 1293 2590 populi
1310 2544 1412 2578 filium
1429 2545 1607 2590 peregrini

292 2689 318 2719 Ι)
339 2687 389 2713 Ed.
409 2691 452 2715 l’r.
474 2688 558 2717 legit:
580 2690 857 2717 Tlieotuniens.
961 2691 990 2722 2)
1010 2688 1062 2715 Ed.
1083 2692 1126 2715 l'r.
1146 2687 1236 2715 mala
1258 2686 1337 2718 legit.
