1742 3005
280 90 375 139 (Ἃρ.
409 89 634 126 CLXXXII.
694 91 753 128 De
785 91 1026 129 dedicatione
1059 92 1253 130 ecclesiae.
1381 92 1462 130 845

469 374 593 435 CAP.
630 374 871 435 cmxxxii.
916 376 1069 437 (177.)

221 473 327 515 De
375 471 865 517 dedicatione
911 473 1315 521 ecclesiae.

165 580 347 615 Dedicatio
374 582 544 616 ecelesiae
570 584 660 617 inter
683 584 770 617 alias
799 584 1010 617 festivitates
1029 584 1072 616 ab
1094 584 1244 619 eeclesia
1262 586 1461 622 celebratur

75 650 108 680 ct
133 648 292 691 quoniam
321 646 447 690 duplex
474 651 528 681 est
554 648 705 682 ecclesia
730 650 803 682 sive
830 649 1015 693 templum,
1053 650 1187 684 scilicet
1221 654 1402 687 materiale
1430 659 1463 688 et

75 712 276 756 spirituale,
314 712 393 747 idee
427 713 469 747 de
504 712 607 758 hujus
641 715 759 759 templi
795 714 945 759 duplicis
975 714 1196 751 dedicatione
1227 717 1282 751 hic
1309 718 1463 754 breviter

74 781 127 811 est
158 777 342 823 agendum.
402 778 504 812 Circa
539 779 793 814 dedicationem
839 784 952 813 autem
998 781 1116 825 templi
1158 785 1351 818 materialis
1395 789 1463 821 tria

75 843 226 878 videnda
263 848 362 885 sunt3
399 847 509 888 primo
546 855 653 889 qnare
690 845 872 879 dedicatur
903 848 977 880 sive
1020 852 1265 890 consecratur,
1307 852 1460 885 secundo

74 910 226 954 qualiter
263 915 509 953 consecratur,
557 912 657 945 tertio
699 922 761 955 per
796 922 883 955 quos
926 911 1145 955 profanatur.
1216 913 1258 947 Et
1306 918 1387 960 quia
1430 919 1461 951 in

73 976 202 1020 templo
238 976 306 1010 duo
343 982 444 1020 sunt,
490 988 579 1023 quae
623 981 893 1017 consecrantur,
942 978 1076 1012 scilicet
1119 978 1230 1015 altare
1274 985 1308 1015 et
1347 984 1458 1026 ipsum

73 1042 256 1087 templum,
295 1043 376 1078 ideo
411 1045 554 1088 primum
591 1043 773 1077 videndum
811 1047 883 1085 est,
922 1054 1030 1088 quare
1070 1050 1296 1080 consecratur
1336 1050 1461 1092 altare,

73 1108 225 1142 secundo
253 1119 362 1154 qnare
387 1110 562 1154 templum.
611 1109 733 1144 Altare
762 1113 873 1143 autem
902 1115 1128 1144 coiis-:erratur
1158 1111 1200 1144 ad
1228 1114 1314 1155 tria,
1351 1117 1462 1159 primo

73 1174 116 1208 ad
151 1180 405 1209 sacramentum
439 1175 566 1209 domini
604 1175 836 1217 offerendum,
874 1174 998 1209 (lenes.
1034 1175 1126 1210 Vlll:
1159 1178 1358 1214 aedificavit
1388 1182 1439 1217 No

73 1240 186 1275 altare
214 1240 352 1275 domino
383 1246 418 1276 et
442 1242 569 1276 tollens
598 1242 641 1276 de
667 1242 802 1275 cunctis
832 1241 1029 1275 volucribus
1056 1247 1088 1276 et
1113 1245 1300 1287 pecoribus
1326 1249 1462 1283 mundis

73 1307 200 1342 ohtnlit
223 1318 330 1352 super
354 1307 478 1344 altare,
529 1307 601 1342 Hoc
626 1312 739 1341 autem
767 1312 1018 1342 sacramentum
1048 1314 1100 1343 est
1116 1319 1243 1354 eorpus
1263 1316 1297 1346 et
1316 1318 1462 1360 sangnis

74 1373 223 1416 Christi,
257 1383 346 1418 quae
375 1375 407 1407 in
433 1376 629 1408 memoriam
657 1374 833 1417 passionis
862 1373 1056 1409 dominicae
1090 1376 1325 1421 immolamus,
1358 1382 1463 1424 Juxta

73 1439 164 1485 quod
192 1439 294 1474 nobis
321 1441 503 1484 praecepit
528 1440 666 1474 dicens:
694 1439 758 1473 hoo
779 1440 888 1474 iacies
909 1442 940 1473 in
960 1451 1066 1475 meam
1089 1446 1460 1482 commemorationem.

72 1505 245 1540 Habemus
279 1506 367 1540 enim
399 1506 527 1550 triplex
563 1506 763 1540 memoriale
805 1506 999 1540 dominicae
1043 1509 1244 1551 passionis,
1285 1521 1384 1545 unum
1428 1516 1461 1548 in

71 1573 224 1616 scripto,
259 1571 396 1612 scilieet
429 1574 549 1617 passio
586 1572 716 1607 Christi
742 1572 954 1617 imaginihus
981 1572 1153 1617 figurata,
1187 1579 1220 1608 et
1255 1575 1322 1611 hoc
1356 1577 1462 1614 hahct

71 1637 144 1672 fieri
171 1642 332 1682 quantum
364 1638 406 1672 ad
434 1640 553 1673 visum.
601 1638 683 1683 Ipsa
720 1640 807 1672 enim
842 1638 996 1672 crucifixi
1032 1640 1148 1685 imago
1184 1644 1218 1674 et
1248 1642 1339 1678 aliae
1373 1646 1459 1680 ima-

70 1705 172 1750 gines
206 1705 239 1736 in
267 1703 417 1738 ecclesia
443 1703 526 1738 fiunt
552 1708 696 1749 propter
721 1706 1044 1739 rememorationem
1080 1707 1316 1751 excitandam,
1350 1711 1459 1745 devo-

69 1772 198 1805 tionem
225 1774 259 1806 et
284 1772 555 1811 instructionem,
583 1773 665 1816 quia
690 1775 771 1805 sunt
796 1772 895 1816 qnasi
918 1770 999 1804 libri
1025 1771 1214 1816 laJeorum.
1264 1774 1459 1811 Secundum

69 1838 104 1871 in
136 1836 266 1878 verbo,
302 1836 438 1871 scilicet
470 1838 591 1881 passio
626 1837 757 1871 Christi
790 1836 1014 1882 praedicata,
1061 1842 1093 1872 et
1137 1838 1203 1873 hoc
1246 1840 1354 1876 hahet
1385 1843 1459 1878 lieri

69 1907 231 1948 quantum
253 1902 296 1937 ad
316 1901 481 1938 auditam.
532 1902 690 1937 Tertium
712 1904 744 1936 in
763 1908 996 1946 sacramento,
1023 1905 1159 1940 scilicet
1184 1909 1305 1950 passio
1332 1910 1365 1943 in
1391 1909 1458 1945 hoc

68 1973 288 2004 sacramento
323 1974 393 2003 tam
427 1971 609 2015 signanter
644 1979 835 2015 expressa,
880 1971 913 2003 in
961 1981 1028 2014 quo
1071 1981 1199 2016 eorpus
1241 1977 1274 2008 et
1312 1979 1458 2021 sanguis

69 2033 199 2068 Christi
230 2036 400 2069 veraciter
424 2037 621 2068 continetur
649 2040 682 2069 et
707 2035 808 2069 nobis
828 2035 974 2069 offertur
993 2039 1026 2068 et
1045 2035 1110 2069 hoc
1129 2039 1329 2073 memoriale
1351 2040 1458 2075 habet

68 2098 144 2134 fieri
184 2102 346 2144 quantum
385 2099 428 2132 ad
471 2103 624 2144 gustum.
688 2099 727 2133 Si
765 2110 850 2144 ergo
900 2099 1060 2133 affectum
1102 2106 1256 2136 nostrum
1300 2106 1457 2140 accendit

67 2166 189 2210 passio
217 2163 346 2198 Christi
380 2164 560 2209 descripta
593 2168 627 2198 et
663 2164 809 2208 amplius
843 2164 1064 2209 praedicata,
1099 2166 1204 2201 inulto
1240 2168 1366 2204 fortius
1402 2174 1454 2206 in-

66 2230 243 2265 flammare
269 2229 373 2265 debet
399 2231 432 2264 in
449 2229 514 2264 hoc
533 2234 750 2264 sacramento
770 2234 837 2264 tam
860 2231 1042 2275 signanter
1062 2243 1242 2276 expressa.
1293 2236 1455 2272 Secundo

66 2296 112 2331 ad
145 2306 269 2330 nomen
303 2295 433 2330 domini
465 2295 714 2338 invocandum,
757 2295 884 2331 Genes.
917 2296 1000 2330 Xll:
1045 2297 1245 2333 aedificavit
1276 2301 1454 2338 Abraham

66 2362 178 2396 altare
216 2361 374 2403 domino,
409 2362 468 2406 qui
495 2365 709 2405 apparuerat
734 2363 784 2404 ei,
816 2366 850 2397 et
877 2363 1053 2397 invocavit
1082 2364 1128 2398 ihi
1161 2375 1284 2400 nomen
1310 2366 1453 2406 domini.

65 2426 160 2461 Haec
181 2431 294 2461 autem
315 2428 491 2460 invocatio
511 2427 698 2461 seeundum
719 2428 913 2481 apostolum
936 2431 1044 2473 prima
1059 2430 1100 2463 ad
1121 2430 1262 2464 Timoth
1286 2431 1325 2466 ΙΙ.
1347 2432 1455 2468 hahet

65 2491 141 2527 fieri
166 2496 225 2526 aut
249 2503 312 2537 pier
335 2491 620 2535 obsecrationes,
654 2503 744 2538 qnae
779 2492 863 2528 fiunt
896 2504 970 2529 cnm
1006 2494 1229 2539 adjuratione
1261 2507 1324 2541 pro
1351 2499 1453 2533 malis

65 2557 304 2600 removendis,
340 2563 398 2592 aut
426 2568 488 2602 per
513 2557 792 2603 postulationes,
829 2569 917 2604 qnae
944 2559 1028 2593 fiunt
1055 2571 1117 2604 pro
1144 2560 1245 2595 bonis
1271 2564 1450 2599 emnnlan—

64 2622 140 2665 dis,
167 2626 227 2657 aut
250 2633 313 2668 per
335 2625 527 2668 gratiarum
554 2624 733 2666 actiones,
770 2634 858 2669 quae
885 2623 967 2658 fiunt
994 2636 1055 2669 pro
1083 2625 1184 2660 bonis
1208 2627 1338 2662 habitis
1364 2639 1449 2664 con-

61 2688 257 2726 servandis.
303 2687 481 2724 invocatio
510 2692 645 2732 autem,
680 2700 770 2735 quae
796 2689 831 2724 lit
857 2701 963 2735 snper
988 2691 1118 2735 altare,
1152 2694 1293 2737 proprie
1322 2693 1449 2729 dicitur
