1742 3005
461 152 556 202 Cap.
588 150 634 187 X.
707 149 765 187 De
796 150 1075 189 innocentibus.
1409 152 1463 190 65

76 257 254 302 phoseon‚
281 267 322 291 ne
350 254 481 290 scilicet
508 266 612 300 puer,
640 256 693 289 eui
719 254 847 300 sydera
872 255 1150 297 sfflnulabantur,
1178 266 1284 301 supra
1311 259 1459 292 aetatem

77 332 174 356 suam
199 322 253 357 vel
278 323 327 355 ita
353 321 474 356 faciem
500 321 776 355 transformaret.
846 320 889 355 Et
922 320 1008 355 haee
1041 323 1215 356 sententia
1240 323 1402 357 usitatior
1426 329 1460 359 et

78 389 192 422 verior
215 386 364 422 liabetur
392 391 425 421 et
450 391 641 432 reputatur.
690 386 769 420 Alio
796 385 896 420 modo
931 387 1116 430 exponitur
1139 386 1323 421 seeundum
1351 388 1458 434 Chry-

75 457 286 494 sostomum,
311 457 346 486 ut
372 453 462 486 infra
487 452 580 486 dieat
604 451 758 485 ordinem
786 453 936 492 numeri,
966 455 999 484 et
1025 454 1078 484 est
1104 461 1246 486 sensns:
1284 463 1305 486 a
1328 453 1458 489 bimatu

78 523 112 551 et
135 517 238 559 infra,
264 518 298 551 id
325 523 396 553 est:
422 528 443 551 a
469 519 585 562 pueris
613 516 756 550 duorum
781 525 958 549 annorum.
1006 515 1097 549 Dicit
1122 517 1209 550 enim
1237 518 1371 552 stellam
1398 532 1460 564 per

77 593 201 616 annum
235 586 314 617 ante
350 587 459 616 ortum
495 582 686 615 servatoris
718 582 831 626 magis
865 582 1085 625 apparuisse.
1158 580 1312 617 Herodes
1345 590 1458 619 autem

77 652 259 693 postquam
289 647 353 681 boc
378 656 399 680 a
423 648 536 693 magis
571 645 711 688 didicit,
754 645 895 680 Romam
930 646 1061 681 vadens
1093 646 1206 681 adhuc
1239 659 1302 693 per
1335 659 1458 684 annum

76 713 229 755 distulit3
255 711 422 748 credebat
449 716 564 746 autem
589 716 667 745 tunc
693 710 865 745 dominum
892 716 1006 746 natum
1033 711 1156 756 fuisse,
1183 714 1321 758 quando
1347 718 1459 761 magis

76 777 180 813 stella
205 779 390 823 apparuit,
439 782 473 812 et
506 777 584 812 ideo
621 776 793 810 dominum
818 776 961 811 duorum
986 787 1153 812 annorum
1178 789 1256 814 esse
1282 780 1460 821 credebat,

75 842 166 878 unde
190 854 317 888 pueros
341 843 453 878 bimos
477 842 604 877 occidit
628 847 661 877 et
685 842 848 887 deinceps
876 854 983 888 usque
1012 842 1056 877 ad
1074 845 1226 889 quinque
1247 855 1369 889 annos,
1398 848 1459 882 sed

76 919 145 942 non
170 910 319 944 minores
345 909 457 945 bimis.
485 909 547 943 Cui
575 909 759 942 assertioni
790 907 889 942 tidem
915 908 1031 943 facere
1056 908 1205 951 videtur,
1232 911 1324 955 quod
1352 923 1454 957 quae-

76 972 154 1008 dam
180 984 263 1009 ossa
288 976 517 1010 innocentium
543 973 715 1008 habentur
738 973 826 1007 adeo
852 974 1022 1019 grandia,
1060 984 1161 1018 quam
1187 974 1354 1010 bimorum
1383 989 1460 1013 esse

77 1050 145 1072 non
171 1044 327 1084 possunt.
393 1040 515 1075 Potest
549 1044 663 1074 tamen
697 1039 786 1080 diei,
836 1039 927 1084 quod
953 1038 1057 1085 longe
1084 1041 1227 1084 majoris
1253 1047 1351 1076 erant
1381 1048 1460 1078 tun(-

75 1103 231 1140 homines
276 1107 500 1151 quantitatis,
552 1115 652 1150 quam
696 1104 810 1139 modo.
881 1103 960 1148 Ipse
1000 1109 1113 1138 autem
1155 1105 1310 1141 liei-odes
1334 1111 1458 1143 -statim

75 1169 123 1203 ibi
148 1172 286 1215 punitus
314 1176 387 1214 est,
420 1182 497 1206 nain
522 1173 635 1215 (sicut
657 1171 739 1204 dicit
767 1169 969 1205 Macrobius
995 1174 1029 1204 et
1054 1171 1087 1204 in
1113 1171 1261 1215 quadam
1289 1172 1462 1208 Chronica

76 1235 228 1281 legitur)
262 1248 348 1272 unus
385 1238 551 1282 parvulus
587 1237 676 1270 lilius
710 1236 856 1271 Herodis
882 1235 1007 1269 ibidem
1033 1235 1077 1269 ad
1105 1237 1321 1272 nutriendum
1348 1239 1461 1275 suerat

75 1300 198 1343 datus,
247 1304 306 1348 qui
329 1312 402 1337 enm
428 1303 508 1337 aliis
534 1313 556 1337 a
579 1301 798 1337 carnificibus
824 1306 877 1336 est
897 1302 1043 1336 occisus,
1117 1301 1213 1336 Tune
1237 1303 1459 1348 adimpletum

76 1369 143 1409 est,
172 1367 264 1412 quod
288 1367 413 1402 dictum
440 1372 493 1402 est
519 1379 580 1413 per
605 1367 831 1412 prophetam:
859 1377 925 1400 vox
952 1366 1109 1410 ploratus
1135 1370 1169 1401 et
1193 1367 1356 1411 ululatus,
1384 1372 1460 1415 pia-

79 1442 151 1465 rum
175 1433 308 1468 scilicet
332 1437 498 1476 matrum,
524 1433 644 1467 audita
670 1436 722 1466 est
748 1433 780 1465 in
805 1432 934 1472 Roma,
969 1431 1003 1464 id
1028 1435 1082 1466 est
1107 1433 1142 1467 in
1169 1433 1319 1468 excelso.
1347 1455 1390 1460 —
1415 1456 1459 1461 -—

76 1517 121 1522 —
145 1501 189 1535 3.
213 1498 306 1533 Deus
331 1504 445 1533 autem
465 1499 576 1544 judex
598 1499 813 1543 justissimus
849 1499 915 1540 (ut
938 1499 970 1530 in
996 1497 1116 1531 iisdem
1142 1496 1306 1542 hystoriis
1332 1499 1462 1545 legitur

76 1561 314 1608 scholasticis)
339 1574 406 1598 non
429 1568 483 1598 est
506 1574 631 1608 passus
654 1567 785 1596 tantam
812 1562 957 1596 Herodis
983 1565 1169 1608 nequitiam
1194 1573 1374 1599 remanere
1399 1567 1460 1599 im-

76 1629 241 1672 punitam.
282 1629 407 1664 Divino
433 1631 521 1664 enim
542 1628 675 1674 judicio
701 1627 826 1661 sactum
850 1632 924 1669 est,
978 1632 1013 1661 ut
1039 1630 1097 1673 qui
1124 1629 1248 1662 multos
1275 1628 1461 1665 orbaverat

78 1693 179 1735 tiliis,
222 1695 298 1739 ipse
323 1697 395 1729 suis
420 1694 653 1730 miserabilius
679 1692 874 1727 orbaretur.
923 1693 1007 1727 Nam
1035 1693 1236 1729 Alexander
1261 1699 1296 1729 et
1322 1696 1460 1730 Aristo-

78 1758 178 1793 bulus
203 1761 326 1794 iterum
352 1761 444 1806 patri
470 1759 579 1794 babiti
607 1763 687 1794 sunt
709 1760 874 1804 suspecti.
940 1759 1130 1794 Confessus
1157 1764 1210 1794 est
1231 1764 1344 1796 autem
1373 1773 1458 1797 unus

78 1824 120 1859 de
147 1835 262 1859 eorum
288 1826 533 1871 complicibus,
583 1824 676 1871 quod
711 1824 912 1859 Alexander
937 1824 1044 1858 multa
1067 1825 1133 1859 sibi
1160 1822 1307 1860 donaria
1331 1830 1458 1871 promi>-

78 1892 200 1933 sisset‚
227 1892 258 1925 si
280 1893 374 1937 patri
401 1903 565 1927 venenum
590 1892 810 1936 propinaret:
857 1890 1038 1925 confessus
1065 1895 1118 1925 est
1144 1893 1246 1925 etiam
1272 1895 1393 1927 tonsor
1418 1893 1460 1927 de

76 1957 257 2000 promissis
282 1957 349 1992 sibi
373 1957 593 2000 muneribus,
627 1958 656 1991 si
685 1956 761 1991 dum
788 1957 898 2000 patris
926 1955 1069 1990 barbam
1095 1957 1252 1999 raderet,
1277 1968 1351 1992 eum
1378 1969 1458 1993 eon-

75 2022 172 2055 tinuo
193 2022 386 2068 Jugularet,
413 2023 615 2068 addiditque
640 2021 874 2057 Alexandrum
900 2020 1045 2063 dixisse,
1070 2032 1137 2055 non
1164 2033 1243 2057 esse
1266 2024 1459 2067 ponendam

77 2097 172 2131 spem
199 2088 234 2120 in
259 2097 364 2131 sene,
414 2090 472 2134 qui
497 2088 564 2122 sibi
589 2088 737 2133 capillos
762 2088 913 2133 tingeret
937 2090 971 2120 et
991 2087 1132 2130 juvenis
1159 2093 1357 2132 appareret.
1407 2089 1459 2125 Ob

76 2151 141 2187 hoe
166 2156 268 2197 pater
290 2154 400 2188 iratus
423 2163 484 2188 eos
510 2154 621 2188 occidi
647 2153 750 2195 fecit,
791 2153 1009 2197 Antipatrem
1032 2156 1146 2187 autem
1170 2152 1319 2188 futurum
1341 2165 1459 2201 regem

77 2219 242 2261 instituit,
276 2218 339 2253 sed
366 2220 433 2264 ipsi
459 2220 637 2265 Antipatri
662 2206 817 2254 Herodes
846 2219 1009 2263 Antipam
1037 2218 1069 2251 in
1097 2230 1240 2265 regumn
1268 2219 1457 2255 substituit.

77 2281 222 2327 Insuper
253 2283 409 2319 Herodes
444 2285 638 2332 Agrippam
665 2289 699 2321 et
725 2283 955 2319 Herodiadem
984 2294 1125 2318 uxorem
1150 2283 1323 2329 Philippi,
1372 2297 1458 2331 quos

79 2357 122 2381 ex
146 2347 348 2382 Aristobulo
374 2355 597 2395 susceperat,
647 2355 795 2396 paterna
819 2350 1004 2385 dilectione
1031 2348 1185 2384 fovebat
1235 2350 1306 2384 Hae
1331 2350 1458 2395 duplici

77 2412 120 2447 de
144 2422 252 2447 eausa
275 2413 460 2458 Antipater
483 2415 703 2451 intolerabile
730 2420 852 2450 eontra
887 2418 1021 2459 patrem
1059 2416 1218 2457 concepit
1242 2414 1378 2457 odium,
1425 2417 1460 2449 in

76 2481 228 2519 tantum,
266 2477 358 2523 quod
384 2487 458 2513 eum
484 2483 669 2515 attentavit
693 2481 851 2516 occidere
878 2491 940 2524 per
966 2488 1150 2519 venenum⁷
1186 2479 1278 2523 quod
1304 2479 1459 2515 Herodes

72 2543 145 2586 jam
172 2544 412 2588 praesentiens
439 2554 512 2578 eum
538 2546 573 2578 in
596 2555 737 2581 earcere
762 2546 890 2590 posuit.
962 2543 1141 2587 Augustus
1178 2547 1291 2578 autem
1327 2545 1460 2580 Caesar

26 2620 35 2632 ³
75 2607 241 2649 audiens,
270 2608 361 2654 quod
384 2608 482 2650 filios
502 2609 708 2652 occidisset,
745 2610 850 2643 dixit:
890 2608 1025 2642 mallem
1056 2617 1134 2642 esse
1159 2607 1305 2643 Herodis
1333 2621 1458 2655 porcus

77 2683 178 2718 quam
205 2673 316 2715 lilius,
346 2675 428 2719 quia
451 2685 525 2708 eum
550 2677 593 2709 sit
617 2674 826 2720 proselitus.
863 2674 979 2718 porcis
1005 2674 1115 2718 parcit
1147 2678 1181 2707 et
1203 2674 1292 2708 lilios
1318 2676 1455 2709 occidit.

74 2756 185 2764 —·—-
208 2759 251 2765 -
276 2743 319 2777 4.
346 2739 424 2785 lpse
451 2744 564 2775 autem
601 2740 754 2775 Herodes
778 2750 851 2773 eum
881 2740 952 2783 jam
982 2748 1090 2772 annos
1116 2739 1209 2773 Lxx
1240 2739 1395 2778 liaberet,
1423 2743 1455 2774 in

1159 2816 1181 2837 i)
