<?xml version="1.0" encoding="UTF-8"?>
<!DOCTYPE html PUBLIC "-//W3C//DTD XHTML 1.0 Transitional//EN"
    "http://www.w3.org/TR/xhtml1/DTD/xhtml1-transitional.dtd">
<html xmlns="http://www.w3.org/1999/xhtml" xml:lang="en" lang="en">
 <head>
  <title>
</title>
<meta http-equiv="Content-Type" content="text/html;charset=utf-8" />
  <meta name='ocr-system' content='tesseract 3.04.00' />
  <meta name='ocr-capabilities' content='ocr_page ocr_carea ocr_par ocr_line ocrx_word'/>
</head>
<body>
  <div class='ocr_page' id='page_1' title='image "./legendaaureavulg00jacouoft_0986.png"; bbox 0 0 1742 3005; ppageno 0'>
   <div class='ocr_carea' id='block_1_1' title="bbox 263 117 1595 171">
    <p class='ocr_par' dir='ltr' id='par_1_1' title="bbox 263 117 1595 171">
     <span class='ocr_line' id='line_1_1' title="bbox 263 117 1595 171; baseline -0.002 -11"><span class='ocrx_word' id='word_1_1' title='bbox 263 120 347 160; x_wconf 69' lang='lat'>944</span> <span class='ocrx_word' id='word_1_2' title='bbox 404 122 503 171; x_wconf 72' lang='lat' dir='ltr'>Cap,</span> <span class='ocrx_word' id='word_1_3' title='bbox 535 117 741 157; x_wconf 83' lang='lat' dir='ltr'>CCXXXI.</span> <span class='ocrx_word' id='word_1_4' title='bbox 800 118 858 155; x_wconf 88' lang='lat' dir='ltr'>De</span> <span class='ocrx_word' id='word_1_5' title='bbox 897 125 1030 154; x_wconf 84' lang='lat' dir='ltr'>sancta</span> <span class='ocrx_word' id='word_1_6' title='bbox 1063 117 1273 156; x_wconf 82' lang='lat' dir='ltr'>Catherina</span> <span class='ocrx_word' id='word_1_7' title='bbox 1302 121 1350 158; x_wconf 89' lang='lat' dir='ltr'>de</span> <span class='ocrx_word' id='word_1_8' title='bbox 1382 120 1494 159; x_wconf 81' lang='lat' dir='ltr'>Senis</span> <span class='ocrx_word' id='word_1_9' title='bbox 1524 128 1595 160; x_wconf 83' lang='lat' dir='ltr'>etc.</span> 
     </span>
    </p>
   </div>
   <div class='ocr_carea' id='block_1_2' title="bbox 263 221 1652 348">
    <p class='ocr_par' dir='ltr' id='par_1_2' title="bbox 263 221 1652 348">
     <span class='ocr_line' id='line_1_2' title="bbox 264 221 1652 259; baseline 0.001 -7"><span class='ocrx_word' id='word_1_10' title='bbox 264 227 314 259; x_wconf 84' lang='lat' dir='ltr'>qni</span> <span class='ocrx_word' id='word_1_11' title='bbox 333 226 390 257; x_wconf 76' lang='lat' dir='ltr'>jam</span> <span class='ocrx_word' id='word_1_12' title='bbox 409 233 476 250; x_wconf 87' lang='lat' dir='ltr'>cum</span> <span class='ocrx_word' id='word_1_13' title='bbox 494 222 570 258; x_wconf 83' lang='lat' dir='ltr'>ipsis</span> <span class='ocrx_word' id='word_1_14' title='bbox 593 221 701 257; x_wconf 84' lang='lat' dir='ltr'>spiritu</span> <span class='ocrx_word' id='word_1_15' title='bbox 720 226 798 256; x_wconf 83' lang='lat' dir='ltr'>erat,</span> <span class='ocrx_word' id='word_1_16' title='bbox 825 231 893 249; x_wconf 84' lang='lat' dir='ltr'>cum</span> <span class='ocrx_word' id='word_1_17' title='bbox 912 221 988 257; x_wconf 81' lang='lat' dir='ltr'>ipsis</span> <span class='ocrx_word' id='word_1_18' title='bbox 1007 221 1097 249; x_wconf 86' lang='lat' dir='ltr'>etiam</span> <span class='ocrx_word' id='word_1_19' title='bbox 1116 230 1241 257; x_wconf 84' lang='lat' dir='ltr'>corpore</span> <span class='ocrx_word' id='word_1_20' title='bbox 1259 227 1340 250; x_wconf 84' lang='lat' dir='ltr'>esset</span> <span class='ocrx_word' id='word_1_21' title='bbox 1357 223 1388 251; x_wconf 88' lang='lat' dir='ltr'>in</span> <span class='ocrx_word' id='word_1_22' title='bbox 1405 225 1519 253; x_wconf 81' lang='lat' dir='ltr'><strong>honore</strong></span> <span class='ocrx_word' id='word_1_23' title='bbox 1537 225 1652 253; x_wconf 86' lang='lat' dir='ltr'>domini</span> 
     </span>
     <span class='ocr_line' id='line_1_3' title="bbox 263 265 1652 304; baseline 0.001 -8"><span class='ocrx_word' id='word_1_24' title='bbox 263 270 356 297; x_wconf 79' lang='lat' dir='ltr'>nostri</span> <span class='ocrx_word' id='word_1_25' title='bbox 375 272 447 296; x_wconf 85' lang='lat' dir='ltr'>Jesu</span> <span class='ocrx_word' id='word_1_26' title='bbox 466 267 573 295; x_wconf 86' lang='lat' dir='ltr'>Christi</span> <span class='ocrx_word' id='word_1_27' title='bbox 591 267 647 294; x_wconf 84' lang='lat' dir='ltr'>filii</span> <span class='ocrx_word' id='word_1_28' title='bbox 665 266 720 293; x_wconf 88' lang='lat' dir='ltr'>Dei</span> <span class='ocrx_word' id='word_1_29' title='bbox 739 266 909 299; x_wconf 85' lang='lat' dir='ltr'>benedicti,</span> <span class='ocrx_word' id='word_1_30' title='bbox 937 266 984 293; x_wconf 90' lang='lat' dir='ltr'>cui</span> <span class='ocrx_word' id='word_1_31' title='bbox 1002 271 1048 294; x_wconf 86' lang='lat' dir='ltr'>est</span> <span class='ocrx_word' id='word_1_32' title='bbox 1066 270 1219 302; x_wconf 75' lang='lat' dir='ltr'>potestas,</span> <span class='ocrx_word' id='word_1_33' title='bbox 1246 267 1341 300; x_wconf 82' lang='lat' dir='ltr'>gloria</span> <span class='ocrx_word' id='word_1_34' title='bbox 1360 273 1390 296; x_wconf 78' lang='lat' dir='ltr'>et</span> <span class='ocrx_word' id='word_1_35' title='bbox 1407 265 1566 304; x_wconf 76' lang='lat' dir='ltr'>imperium</span> <span class='ocrx_word' id='word_1_36' title='bbox 1585 280 1652 298; x_wconf 85' lang='lat' dir='ltr'>cum</span> 
     </span>
     <span class='ocr_line' id='line_1_4' title="bbox 264 311 1194 348; baseline -0.001 -9"><span class='ocrx_word' id='word_1_37' title='bbox 264 320 346 348; x_wconf 70' lang='lat' dir='ltr'>patre</span> <span class='ocrx_word' id='word_1_38' title='bbox 366 318 394 341; x_wconf 81' lang='lat' dir='ltr'>et</span> <span class='ocrx_word' id='word_1_39' title='bbox 416 312 523 348; x_wconf 81' lang='lat' dir='ltr'>spirim</span> <span class='ocrx_word' id='word_1_40' title='bbox 542 317 646 340; x_wconf 89' lang='lat' dir='ltr'>sancto</span> <span class='ocrx_word' id='word_1_41' title='bbox 664 312 695 339; x_wconf 87' lang='lat' dir='ltr'>in</span> <span class='ocrx_word' id='word_1_42' title='bbox 715 311 837 340; x_wconf 85' lang='lat' dir='ltr'>saecula</span> <span class='ocrx_word' id='word_1_43' title='bbox 857 311 1052 341; x_wconf 84' lang='lat' dir='ltr'>saeculorum.</span> <span class='ocrx_word' id='word_1_44' title='bbox 1089 314 1194 339; x_wconf 80' lang='lat' dir='ltr'>Amen.</span> 
     </span>
    </p>
   </div>
   <div class='ocr_carea' id='block_1_3' title="bbox 673 649 1240 713">
    <p class='ocr_par' dir='ltr' id='par_1_3' title="bbox 673 649 1240 713">
     <span class='ocr_line' id='line_1_5' title="bbox 673 649 1240 713; baseline 0.002 -2"><span class='ocrx_word' id='word_1_45' title='bbox 673 649 800 711; x_wconf 78' lang='lat' dir='ltr'><strong>GAP.</strong></span> <span class='ocrx_word' id='word_1_46' title='bbox 828 649 1050 712; x_wconf 78' lang='lat' dir='ltr'><strong>ccxxxl.</strong></span> <span class='ocrx_word' id='word_1_47' title='bbox 1083 650 1240 713; x_wconf 79' lang='lat'><strong>(202.)</strong></span> 
     </span>
    </p>
   </div>
   <div class='ocr_carea' id='block_1_4' title="bbox 313 745 1596 881">
    <p class='ocr_par' dir='ltr' id='par_1_4' title="bbox 313 745 1596 881">
     <span class='ocr_line' id='line_1_6' title="bbox 313 745 1596 795; baseline -0.002 -1"><span class='ocrx_word' id='word_1_48' title='bbox 313 751 416 794; x_wconf 80' lang='lat' dir='ltr'>De</span> <span class='ocrx_word' id='word_1_49' title='bbox 453 749 676 795; x_wconf 81' lang='lat' dir='ltr'>sancta</span> <span class='ocrx_word' id='word_1_50' title='bbox 712 746 1060 793; x_wconf 76' lang='lat' dir='ltr'>catherina</span> <span class='ocrx_word' id='word_1_51' title='bbox 1095 747 1176 791; x_wconf 75' lang='lat' dir='ltr'>«le</span> <span class='ocrx_word' id='word_1_52' title='bbox 1206 746 1399 795; x_wconf 82' lang='lat' dir='ltr'>Senis</span> <span class='ocrx_word' id='word_1_53' title='bbox 1429 745 1596 793; x_wconf 80' lang='lat' dir='ltr'>sacri</span> 
     </span>
     <span class='ocr_line' id='line_1_7' title="bbox 547 822 1361 881; baseline -0.004 -11"><span class='ocrx_word' id='word_1_54' title='bbox 547 822 795 870; x_wconf 82' lang='lat' dir='ltr'><strong>ordinis</strong></span> <span class='ocrx_word' id='word_1_55' title='bbox 830 823 1361 881; x_wconf 79' lang='lat' dir='ltr'>praedicatorum.</span> 
     </span>
    </p>
   </div>
   <div class='ocr_carea' id='block_1_5' title="bbox 253 927 1651 2761">
    <p class='ocr_par' dir='ltr' id='par_1_5' title="bbox 253 927 1651 2761">
     <span class='ocr_line' id='line_1_8' title="bbox 361 927 1650 969; baseline -0.002 -8"><span class='ocrx_word' id='word_1_56' title='bbox 361 934 498 962; x_wconf 86' lang='lat' dir='ltr'>Gloriosa</span> <span class='ocrx_word' id='word_1_57' title='bbox 531 934 618 967; x_wconf 84' lang='lat' dir='ltr'>virgo</span> <span class='ocrx_word' id='word_1_58' title='bbox 649 938 679 961; x_wconf 84' lang='lat' dir='ltr'>et</span> <span class='ocrx_word' id='word_1_59' title='bbox 705 927 817 969; x_wconf 82' lang='lat' dir='ltr'>sponsa</span> <span class='ocrx_word' id='word_1_60' title='bbox 848 933 964 961; x_wconf 86' lang='lat' dir='ltr'>domini</span> <span class='ocrx_word' id='word_1_61' title='bbox 987 932 1082 961; x_wconf 78' lang='lat' dir='ltr'>nostri</span> <span class='ocrx_word' id='word_1_62' title='bbox 1107 936 1178 962; x_wconf 85' lang='lat' dir='ltr'>Jesu</span> <span class='ocrx_word' id='word_1_63' title='bbox 1206 932 1314 961; x_wconf 79' lang='lat' dir='ltr'>Christi</span> <span class='ocrx_word' id='word_1_64' title='bbox 1339 931 1537 960; x_wconf 86' lang='lat' dir='ltr'>dilectissima</span> <span class='ocrx_word' id='word_1_65' title='bbox 1563 932 1650 967; x_wconf 76' lang='lat' dir='ltr'>beata</span> 
     </span>
     <span class='ocr_line' id='line_1_9' title="bbox 261 978 1651 1014; baseline -0.001 -9"><span class='ocrx_word' id='word_1_66' title='bbox 261 979 417 1006; x_wconf 84' lang='lat' dir='ltr'>Catherina</span> <span class='ocrx_word' id='word_1_67' title='bbox 436 979 474 1005; x_wconf 91' lang='lat' dir='ltr'>de</span> <span class='ocrx_word' id='word_1_68' title='bbox 494 978 596 1011; x_wconf 87' lang='lat' dir='ltr'>Senis,</span> <span class='ocrx_word' id='word_1_69' title='bbox 623 983 655 1005; x_wconf 88' lang='lat' dir='ltr'>ut</span> <span class='ocrx_word' id='word_1_70' title='bbox 681 978 748 1005; x_wconf 87' lang='lat' dir='ltr'>Pius</span> <span class='ocrx_word' id='word_1_71' title='bbox 768 988 847 1013; x_wconf 84' lang='lat' dir='ltr'>papa</span> <span class='ocrx_word' id='word_1_72' title='bbox 866 978 1015 1006; x_wconf 85' lang='lat' dir='ltr'>secundus</span> <span class='ocrx_word' id='word_1_73' title='bbox 1034 984 1178 1012; x_wconf 81' lang='lat' dir='ltr'>testatur,</span> <span class='ocrx_word' id='word_1_74' title='bbox 1202 983 1319 1014; x_wconf 83' lang='lat' dir='ltr'>patrem</span> <span class='ocrx_word' id='word_1_75' title='bbox 1338 979 1501 1012; x_wconf 85' lang='lat' dir='ltr'>Jacobum,</span> <span class='ocrx_word' id='word_1_76' title='bbox 1526 981 1651 1004; x_wconf 80' lang='lat' dir='ltr'>matrem</span> 
     </span>
     <span class='ocr_line' id='line_1_10' title="bbox 259 1021 1651 1058; baseline -0.001 -8"><span class='ocrx_word' id='word_1_77' title='bbox 259 1031 333 1050; x_wconf 79' lang='lat' dir='ltr'>vero</span> <span class='ocrx_word' id='word_1_78' title='bbox 352 1022 472 1050; x_wconf 86' lang='lat' dir='ltr'>nomine</span> <span class='ocrx_word' id='word_1_79' title='bbox 490 1027 625 1058; x_wconf 87' lang='lat' dir='ltr'>Lappam</span> <span class='ocrx_word' id='word_1_80' title='bbox 644 1022 674 1049; x_wconf 88' lang='lat' dir='ltr'>in</span> <span class='ocrx_word' id='word_1_81' title='bbox 694 1022 817 1049; x_wconf 83' lang='lat' dir='ltr'>civitate</span> <span class='ocrx_word' id='word_1_82' title='bbox 837 1023 962 1050; x_wconf 80' lang='lat' dir='ltr'>Senensi</span> <span class='ocrx_word' id='word_1_83' title='bbox 985 1024 1098 1051; x_wconf 80' lang='lat' dir='ltr'>virtute</span> <span class='ocrx_word' id='word_1_84' title='bbox 1116 1024 1237 1057; x_wconf 81' lang='lat' dir='ltr'>fideque</span> <span class='ocrx_word' id='word_1_85' title='bbox 1255 1023 1400 1058; x_wconf 86' lang='lat' dir='ltr'>probatos</span> <span class='ocrx_word' id='word_1_86' title='bbox 1419 1021 1534 1048; x_wconf 79' lang='lat' dir='ltr'>habuit.</span> <span class='ocrx_word' id='word_1_87' title='bbox 1571 1025 1651 1049; x_wconf 79' lang='lat' dir='ltr'>Haec</span> 
     </span>
     <span class='ocr_line' id='line_1_11' title="bbox 260 1066 1650 1100; baseline -0.001 -6"><span class='ocrx_word' id='word_1_88' title='bbox 260 1069 330 1095; x_wconf 88' lang='lat' dir='ltr'>dum</span> <span class='ocrx_word' id='word_1_89' title='bbox 350 1068 457 1094; x_wconf 83' lang='lat' dir='ltr'>aetatis</span> <span class='ocrx_word' id='word_1_90' title='bbox 477 1076 548 1094; x_wconf 86' lang='lat' dir='ltr'>suae</span> <span class='ocrx_word' id='word_1_91' title='bbox 566 1066 758 1094; x_wconf 84' lang='lat' dir='ltr'>undecimum</span> <span class='ocrx_word' id='word_1_92' title='bbox 778 1077 887 1095; x_wconf 85' lang='lat' dir='ltr'>annum</span> <span class='ocrx_word' id='word_1_93' title='bbox 906 1072 1020 1100; x_wconf 81' lang='lat' dir='ltr'>ageret,</span> <span class='ocrx_word' id='word_1_94' title='bbox 1039 1068 1220 1100; x_wconf 80' lang='lat' dir='ltr'>virginitatis</span> <span class='ocrx_word' id='word_1_95' title='bbox 1239 1072 1344 1095; x_wconf 87' lang='lat' dir='ltr'>votum</span> <span class='ocrx_word' id='word_1_96' title='bbox 1363 1067 1463 1094; x_wconf 81' lang='lat' dir='ltr'>emisit</span> <span class='ocrx_word' id='word_1_97' title='bbox 1481 1067 1571 1094; x_wconf 81' lang='lat' dir='ltr'>ducta</span> <span class='ocrx_word' id='word_1_98' title='bbox 1587 1066 1650 1094; x_wconf 81' lang='lat' dir='ltr'>vir-</span> 
     </span>
     <span class='ocr_line' id='line_1_12' title="bbox 260 1112 1650 1148; baseline -0.001 -9"><span class='ocrx_word' id='word_1_99' title='bbox 260 1112 336 1145; x_wconf 82' lang='lat' dir='ltr'>ginis</span> <span class='ocrx_word' id='word_1_100' title='bbox 355 1112 534 1139; x_wconf 68' lang='lat' dir='ltr'>benedictae</span> <span class='ocrx_word' id='word_1_101' title='bbox 553 1113 660 1139; x_wconf 83' lang='lat' dir='ltr'>beatae</span> <span class='ocrx_word' id='word_1_102' title='bbox 679 1112 791 1139; x_wconf 82' lang='lat' dir='ltr'>Mariae</span> <span class='ocrx_word' id='word_1_103' title='bbox 810 1112 960 1147; x_wconf 81' lang='lat' dir='ltr'>exemplo.</span> <span class='ocrx_word' id='word_1_104' title='bbox 997 1115 1107 1148; x_wconf 77' lang='lat' dir='ltr'>Quam,</span> <span class='ocrx_word' id='word_1_105' title='bbox 1128 1123 1195 1140; x_wconf 88' lang='lat' dir='ltr'>cum</span> <span class='ocrx_word' id='word_1_106' title='bbox 1212 1117 1317 1139; x_wconf 83' lang='lat' dir='ltr'>votum</span> <span class='ocrx_word' id='word_1_107' title='bbox 1337 1112 1500 1144; x_wconf 76' lang='lat' dir='ltr'>emitteret,</span> <span class='ocrx_word' id='word_1_108' title='bbox 1525 1112 1650 1144; x_wconf 80' lang='lat' dir='ltr'>rogabat</span> 
     </span>
     <span class='ocr_line' id='line_1_13' title="bbox 259 1156 1651 1192; baseline -0.001 -8"><span class='ocrx_word' id='word_1_109' title='bbox 259 1157 420 1190; x_wconf 84' lang='lat' dir='ltr'>attentius,</span> <span class='ocrx_word' id='word_1_110' title='bbox 445 1162 478 1184; x_wconf 92' lang='lat' dir='ltr'>ut</span> <span class='ocrx_word' id='word_1_111' title='bbox 505 1157 564 1184; x_wconf 85' lang='lat' dir='ltr'>sibi</span> <span class='ocrx_word' id='word_1_112' title='bbox 591 1157 764 1190; x_wconf 76' lang='lat' dir='ltr'>dignaretur</span> <span class='ocrx_word' id='word_1_113' title='bbox 789 1157 885 1184; x_wconf 77' lang='lat' dir='ltr'>filium</span> <span class='ocrx_word' id='word_1_114' title='bbox 904 1167 989 1184; x_wconf 87' lang='lat' dir='ltr'>suum</span> <span class='ocrx_word' id='word_1_115' title='bbox 1009 1161 1111 1185; x_wconf 78' lang='lat' dir='ltr'>Jesuin</span> <span class='ocrx_word' id='word_1_116' title='bbox 1130 1158 1284 1185; x_wconf 88' lang='lat' dir='ltr'>dominum</span> <span class='ocrx_word' id='word_1_117' title='bbox 1303 1162 1437 1184; x_wconf 87' lang='lat' dir='ltr'>nostrum</span> <span class='ocrx_word' id='word_1_118' title='bbox 1455 1156 1487 1183; x_wconf 87' lang='lat' dir='ltr'>in</span> <span class='ocrx_word' id='word_1_119' title='bbox 1506 1165 1651 1192; x_wconf 85' lang='lat' dir='ltr'>sponsum</span> 
     </span>
     <span class='ocr_line' id='line_1_14' title="bbox 260 1202 1650 1237; baseline 0 -8"><span class='ocrx_word' id='word_1_120' title='bbox 260 1203 413 1229; x_wconf 85' lang='lat' dir='ltr'>adhibere.</span> <span class='ocrx_word' id='word_1_121' title='bbox 458 1205 529 1229; x_wconf 88' lang='lat' dir='ltr'>Cum</span> <span class='ocrx_word' id='word_1_122' title='bbox 565 1207 663 1230; x_wconf 86' lang='lat' dir='ltr'>antem</span> <span class='ocrx_word' id='word_1_123' title='bbox 696 1202 885 1237; x_wconf 75' lang='lat' dir='ltr'>pervenisset</span> <span class='ocrx_word' id='word_1_124' title='bbox 917 1203 956 1229; x_wconf 85' lang='lat' dir='ltr'>ad</span> <span class='ocrx_word' id='word_1_125' title='bbox 987 1207 1115 1230; x_wconf 82' lang='lat' dir='ltr'>aetatem</span> <span class='ocrx_word' id='word_1_126' title='bbox 1140 1206 1196 1229; x_wconf 82' lang='grc' dir='ltr'>ΧΠ</span> <span class='ocrx_word' id='word_1_127' title='bbox 1221 1210 1381 1234; x_wconf 88' lang='lat' dir='ltr'>annorum,</span> <span class='ocrx_word' id='word_1_128' title='bbox 1412 1206 1552 1236; x_wconf 85' lang='lat' dir='ltr'>parentes</span> <span class='ocrx_word' id='word_1_129' title='bbox 1587 1203 1650 1235; x_wconf 87' lang='lat' dir='ltr'>ejus</span> 
     </span>
     <span class='ocr_line' id='line_1_15' title="bbox 260 1246 1649 1282; baseline 0.001 -8"><span class='ocrx_word' id='word_1_130' title='bbox 260 1247 428 1275; x_wconf 75' lang='lat' dir='ltr'>nescientes</span> <span class='ocrx_word' id='word_1_131' title='bbox 447 1252 552 1274; x_wconf 75' lang='lat' dir='ltr'>votum</span> <span class='ocrx_word' id='word_1_132' title='bbox 572 1247 795 1275; x_wconf 74' lang='lat' dir='ltr'>constituebant</span> <span class='ocrx_word' id='word_1_133' title='bbox 815 1257 879 1274; x_wconf 86' lang='lat' dir='ltr'>eam</span> <span class='ocrx_word' id='word_1_134' title='bbox 896 1246 1003 1282; x_wconf 86' lang='lat' dir='ltr'>nuptui</span> <span class='ocrx_word' id='word_1_135' title='bbox 1018 1247 1145 1274; x_wconf 79' lang='lat' dir='ltr'>tradere.</span> <span class='ocrx_word' id='word_1_136' title='bbox 1183 1246 1270 1282; x_wconf 82' lang='lat' dir='ltr'>Quod</span> <span class='ocrx_word' id='word_1_137' title='bbox 1282 1246 1366 1278; x_wconf 75' lang='lat' dir='ltr'>virgo</span> <span class='ocrx_word' id='word_1_138' title='bbox 1382 1246 1507 1274; x_wconf 86' lang='lat' dir='ltr'>audiens</span> <span class='ocrx_word' id='word_1_139' title='bbox 1521 1247 1649 1282; x_wconf 79' lang='lat' dir='ltr'>capillos</span> 
     </span>
     <span class='ocr_line' id='line_1_16' title="bbox 259 1289 1649 1325; baseline 0.001 -6"><span class='ocrx_word' id='word_1_140' title='bbox 259 1292 403 1319; x_wconf 79' lang='lat' dir='ltr'>radicitus</span> <span class='ocrx_word' id='word_1_141' title='bbox 422 1292 528 1319; x_wconf 84' lang='lat' dir='ltr'>incidit</span> <span class='ocrx_word' id='word_1_142' title='bbox 548 1297 577 1319; x_wconf 86' lang='lat' dir='ltr'>et</span> <span class='ocrx_word' id='word_1_143' title='bbox 596 1292 632 1319; x_wconf 88' lang='lat' dir='ltr'>iis</span> <span class='ocrx_word' id='word_1_144' title='bbox 651 1297 756 1319; x_wconf 82' lang='lat' dir='ltr'>votnm</span> <span class='ocrx_word' id='word_1_145' title='bbox 776 1301 862 1319; x_wconf 88' lang='lat' dir='ltr'>suum</span> <span class='ocrx_word' id='word_1_146' title='bbox 881 1292 1040 1321; x_wconf 78' lang='lat' dir='ltr'>revelavit.</span> <span class='ocrx_word' id='word_1_147' title='bbox 1077 1296 1140 1319; x_wconf 85' lang='lat' dir='ltr'>Hoc</span> <span class='ocrx_word' id='word_1_148' title='bbox 1165 1291 1246 1318; x_wconf 78' lang='lat' dir='ltr'>sacto</span> <span class='ocrx_word' id='word_1_149' title='bbox 1269 1289 1382 1323; x_wconf 76' lang='lat' dir='ltr'>vigiliis</span> <span class='ocrx_word' id='word_1_150' title='bbox 1404 1296 1435 1318; x_wconf 83' lang='lat' dir='ltr'>et</span> <span class='ocrx_word' id='word_1_151' title='bbox 1452 1292 1649 1325; x_wconf 86' lang='lat' dir='ltr'>orationibus,</span> 
     </span>
     <span class='ocr_line' id='line_1_17' title="bbox 259 1336 1648 1372; baseline 0.001 -9"><span class='ocrx_word' id='word_1_152' title='bbox 259 1337 378 1371; x_wconf 77' lang='lat' dir='ltr'>jejuniis</span> <span class='ocrx_word' id='word_1_153' title='bbox 404 1337 685 1372; x_wconf 81' lang='lat' dir='ltr'>multiplicibusque</span> <span class='ocrx_word' id='word_1_154' title='bbox 711 1337 799 1364; x_wconf 90' lang='lat' dir='ltr'>bonis</span> <span class='ocrx_word' id='word_1_155' title='bbox 826 1337 969 1372; x_wconf 87' lang='lat' dir='ltr'>operibus</span> <span class='ocrx_word' id='word_1_156' title='bbox 993 1337 1043 1365; x_wconf 88' lang='lat' dir='ltr'>die</span> <span class='ocrx_word' id='word_1_157' title='bbox 1068 1342 1218 1371; x_wconf 86' lang='lat' dir='ltr'>noctuque</span> <span class='ocrx_word' id='word_1_158' title='bbox 1241 1337 1384 1369; x_wconf 82' lang='lat' dir='ltr'>vacabat,</span> <span class='ocrx_word' id='word_1_159' title='bbox 1411 1336 1487 1364; x_wconf 80' lang='lat' dir='ltr'>adeo</span> <span class='ocrx_word' id='word_1_160' title='bbox 1510 1342 1544 1364; x_wconf 87' lang='lat' dir='ltr'>ut</span> <span class='ocrx_word' id='word_1_161' title='bbox 1568 1337 1648 1365; x_wconf 80' lang='lat' dir='ltr'>sama</span> 
     </span>
     <span class='ocr_line' id='line_1_18' title="bbox 259 1381 1650 1418; baseline 0.001 -9"><span class='ocrx_word' id='word_1_162' title='bbox 259 1383 323 1416; x_wconf 84' lang='lat' dir='ltr'>ejus</span> <span class='ocrx_word' id='word_1_163' title='bbox 346 1381 493 1417; x_wconf 79' lang='lat' dir='ltr'>inciperet</span> <span class='ocrx_word' id='word_1_164' title='bbox 519 1382 750 1416; x_wconf 86' lang='lat' dir='ltr'>circumquaque</span> <span class='ocrx_word' id='word_1_165' title='bbox 776 1381 915 1412; x_wconf 80' lang='lat' dir='ltr'>diffundi.</span> <span class='ocrx_word' id='word_1_166' title='bbox 952 1385 1052 1415; x_wconf 81' lang='lat' dir='ltr'>Agens</span> <span class='ocrx_word' id='word_1_167' title='bbox 1072 1387 1171 1409; x_wconf 82' lang='lat' dir='ltr'>autem</span> <span class='ocrx_word' id='word_1_168' title='bbox 1189 1384 1244 1408; x_wconf 85' lang='lat' dir='ltr'>XV</span> <span class='ocrx_word' id='word_1_169' title='bbox 1268 1391 1394 1414; x_wconf 87' lang='lat' dir='ltr'>annum,</span> <span class='ocrx_word' id='word_1_170' title='bbox 1421 1381 1481 1416; x_wconf 89' lang='lat' dir='ltr'>ipsi</span> <span class='ocrx_word' id='word_1_171' title='bbox 1503 1382 1650 1418; x_wconf 83' lang='lat' dir='ltr'>tantisper</span> 
     </span>
     <span class='ocr_line' id='line_1_19' title="bbox 259 1426 1648 1466; baseline 0.001 -12"><span class='ocrx_word' id='word_1_172' title='bbox 259 1427 464 1454; x_wconf 85' lang='lat' dir='ltr'>obdormienti</span> <span class='ocrx_word' id='word_1_173' title='bbox 483 1427 622 1462; x_wconf 86' lang='lat' dir='ltr'>apparuit</span> <span class='ocrx_word' id='word_1_174' title='bbox 642 1428 748 1454; x_wconf 85' lang='lat' dir='ltr'>beatus</span> <span class='ocrx_word' id='word_1_175' title='bbox 768 1427 943 1466; x_wconf 78' lang='lat' dir='ltr'>Dominicus</span> <span class='ocrx_word' id='word_1_176' title='bbox 961 1427 1203 1462; x_wconf 82' lang='lat' dir='ltr'>praedicatorum</span> <span class='ocrx_word' id='word_1_177' title='bbox 1222 1426 1336 1454; x_wconf 86' lang='lat' dir='ltr'>ordinis</span> <span class='ocrx_word' id='word_1_178' title='bbox 1362 1427 1422 1453; x_wconf 83' lang='lat' dir='ltr'>dux</span> <span class='ocrx_word' id='word_1_179' title='bbox 1447 1431 1476 1454; x_wconf 83' lang='lat' dir='ltr'>et</span> <span class='ocrx_word' id='word_1_180' title='bbox 1498 1432 1585 1462; x_wconf 85' lang='lat' dir='ltr'>pater</span> <span class='ocrx_word' id='word_1_181' title='bbox 1602 1428 1648 1455; x_wconf 89' lang='lat' dir='ltr'>in-</span> 
     </span>
     <span class='ocr_line' id='line_1_20' title="bbox 259 1471 1651 1507; baseline 0.001 -8"><span class='ocrx_word' id='word_1_182' title='bbox 259 1472 355 1506; x_wconf 79' lang='lat' dir='ltr'>clytus</span> <span class='ocrx_word' id='word_1_183' title='bbox 374 1473 461 1506; x_wconf 86' lang='lat' dir='ltr'>eique</span> <span class='ocrx_word' id='word_1_184' title='bbox 481 1473 591 1506; x_wconf 82' lang='lat' dir='ltr'>suasit,</span> <span class='ocrx_word' id='word_1_185' title='bbox 615 1478 648 1499; x_wconf 87' lang='lat' dir='ltr'>ut</span> <span class='ocrx_word' id='word_1_186' title='bbox 667 1473 802 1499; x_wconf 87' lang='lat' dir='ltr'>habitum</span> <span class='ocrx_word' id='word_1_187' title='bbox 822 1482 893 1500; x_wconf 83' lang='lat' dir='ltr'>suae</span> <span class='ocrx_word' id='word_1_188' title='bbox 911 1473 1081 1506; x_wconf 82' lang='lat' dir='ltr'>religionis,</span> <span class='ocrx_word' id='word_1_189' title='bbox 1108 1473 1165 1499; x_wconf 88' lang='lat' dir='ltr'>hoc</span> <span class='ocrx_word' id='word_1_190' title='bbox 1191 1476 1235 1499; x_wconf 89' lang='lat' dir='ltr'>est</span> <span class='ocrx_word' id='word_1_191' title='bbox 1255 1471 1292 1498; x_wconf 90' lang='lat' dir='ltr'>de</span> <span class='ocrx_word' id='word_1_192' title='bbox 1311 1472 1496 1506; x_wconf 79' lang='lat' dir='ltr'>poenitentia</span> <span class='ocrx_word' id='word_1_193' title='bbox 1516 1473 1651 1507; x_wconf 81' lang='lat' dir='ltr'>ejusdem</span> 
     </span>
     <span class='ocr_line' id='line_1_21' title="bbox 259 1517 1651 1552; baseline 0.001 -9"><span class='ocrx_word' id='word_1_194' title='bbox 259 1517 354 1552; x_wconf 86' lang='lat' dir='ltr'>patris</span> <span class='ocrx_word' id='word_1_195' title='bbox 373 1517 455 1545; x_wconf 82' lang='lat' dir='ltr'>beati</span> <span class='ocrx_word' id='word_1_196' title='bbox 474 1518 622 1545; x_wconf 89' lang='lat' dir='ltr'>Dominici</span> <span class='ocrx_word' id='word_1_197' title='bbox 642 1518 788 1552; x_wconf 66' lang='lat' dir='ltr'>reciperet</span> <span class='ocrx_word' id='word_1_198' title='bbox 814 1518 993 1552; x_wconf 80' lang='lat' dir='ltr'>viveretque</span> <span class='ocrx_word' id='word_1_199' title='bbox 1019 1517 1183 1545; x_wconf 76' lang='lat' dir='ltr'>secundum</span> <span class='ocrx_word' id='word_1_200' title='bbox 1211 1518 1273 1551; x_wconf 84' lang='lat' dir='ltr'>ejus</span> <span class='ocrx_word' id='word_1_201' title='bbox 1300 1517 1414 1544; x_wconf 79' lang='lat' dir='ltr'>ordinis</span> <span class='ocrx_word' id='word_1_202' title='bbox 1441 1517 1593 1551; x_wconf 87' lang='lat' dir='ltr'>instituta,</span> <span class='ocrx_word' id='word_1_203' title='bbox 1621 1523 1651 1545; x_wconf 89' lang='lat' dir='ltr'>et.</span> 
     </span>
     <span class='ocr_line' id='line_1_22' title="bbox 259 1562 1649 1598; baseline 0.001 -9"><span class='ocrx_word' id='word_1_204' title='bbox 259 1562 325 1597; x_wconf 85' lang='lat' dir='ltr'>ipsa</span> <span class='ocrx_word' id='word_1_205' title='bbox 352 1563 483 1590; x_wconf 84' lang='lat' dir='ltr'>libenter</span> <span class='ocrx_word' id='word_1_206' title='bbox 509 1563 634 1598; x_wconf 79' lang='lat' dir='ltr'>perfecit</span> <span class='ocrx_word' id='word_1_207' title='bbox 661 1568 690 1590; x_wconf 85' lang='lat' dir='ltr'>et</span> <span class='ocrx_word' id='word_1_208' title='bbox 714 1563 850 1590; x_wconf 85' lang='lat' dir='ltr'>habitum</span> <span class='ocrx_word' id='word_1_209' title='bbox 877 1563 1033 1596; x_wconf 79' lang='lat' dir='ltr'>requisivit</span> <span class='ocrx_word' id='word_1_210' title='bbox 1058 1568 1086 1590; x_wconf 84' lang='lat' dir='ltr'>et</span> <span class='ocrx_word' id='word_1_211' title='bbox 1114 1573 1179 1589; x_wconf 87' lang='lat' dir='ltr'>cum</span> <span class='ocrx_word' id='word_1_212' title='bbox 1200 1562 1363 1589; x_wconf 82' lang='lat' dir='ltr'>devotione</span> <span class='ocrx_word' id='word_1_213' title='bbox 1381 1563 1496 1598; x_wconf 84' lang='lat' dir='ltr'>accepit</span> <span class='ocrx_word' id='word_1_214' title='bbox 1516 1563 1594 1590; x_wconf 83' lang='lat' dir='ltr'>etin</span> <span class='ocrx_word' id='word_1_215' title='bbox 1613 1573 1649 1591; x_wconf 83' lang='lat' dir='ltr'>eo</span> 
     </span>
     <span class='ocr_line' id='line_1_23' title="bbox 258 1607 1649 1643; baseline 0.002 -10"><span class='ocrx_word' id='word_1_216' title='bbox 258 1616 356 1640; x_wconf 86' lang='lat' dir='ltr'>usque</span> <span class='ocrx_word' id='word_1_217' title='bbox 374 1607 412 1634; x_wconf 84' lang='lat' dir='ltr'>ad</span> <span class='ocrx_word' id='word_1_218' title='bbox 430 1612 556 1634; x_wconf 79' lang='lat' dir='ltr'>mortem</span> <span class='ocrx_word' id='word_1_219' title='bbox 576 1618 643 1635; x_wconf 86' lang='lat' dir='ltr'>cum</span> <span class='ocrx_word' id='word_1_220' title='bbox 662 1607 790 1634; x_wconf 83' lang='lat' dir='ltr'>maxima</span> <span class='ocrx_word' id='word_1_221' title='bbox 810 1608 996 1643; x_wconf 86' lang='lat' dir='ltr'>poenitentia</span> <span class='ocrx_word' id='word_1_222' title='bbox 1023 1613 1051 1635; x_wconf 84' lang='lat' dir='ltr'>et</span> <span class='ocrx_word' id='word_1_223' title='bbox 1078 1607 1248 1635; x_wconf 78' lang='lat' dir='ltr'>admirabili</span> <span class='ocrx_word' id='word_1_224' title='bbox 1275 1608 1457 1635; x_wconf 79' lang='lat' dir='ltr'>abstinentia</span> <span class='ocrx_word' id='word_1_225' title='bbox 1476 1613 1504 1635; x_wconf 89' lang='lat' dir='ltr'>et</span> <span class='ocrx_word' id='word_1_226' title='bbox 1523 1609 1649 1636; x_wconf 82' lang='lat' dir='ltr'>austeri-</span> 
     </span>
     <span class='ocr_line' id='line_1_24' title="bbox 260 1652 1648 1688; baseline 0.001 -9"><span class='ocrx_word' id='word_1_227' title='bbox 260 1656 320 1679; x_wconf 80' lang='lat' dir='ltr'>tate</span> <span class='ocrx_word' id='word_1_228' title='bbox 339 1652 526 1687; x_wconf 80' lang='lat' dir='ltr'>perduravit.</span> <span class='ocrx_word' id='word_1_229' title='bbox 563 1653 619 1688; x_wconf 82' lang='lat' dir='ltr'>Qui</span> <span class='ocrx_word' id='word_1_230' title='bbox 639 1653 747 1680; x_wconf 84' lang='lat' dir='ltr'>modus</span> <span class='ocrx_word' id='word_1_231' title='bbox 765 1654 891 1680; x_wconf 68' lang='lat' dir='ltr'>vivendi</span> <span class='ocrx_word' id='word_1_232' title='bbox 916 1653 973 1680; x_wconf 83' lang='lat' dir='ltr'>fnit</span> <span class='ocrx_word' id='word_1_233' title='bbox 997 1653 1184 1688; x_wconf 85' lang='lat' dir='ltr'>approbatus</span> <span class='ocrx_word' id='word_1_234' title='bbox 1210 1661 1264 1688; x_wconf 81' lang='lat' dir='ltr'>per</span> <span class='ocrx_word' id='word_1_235' title='bbox 1288 1653 1462 1687; x_wconf 73' lang='lat' dir='ltr'>pontificem</span> <span class='ocrx_word' id='word_1_236' title='bbox 1487 1654 1648 1682; x_wconf 57' lang='lat' dir='ltr'>maximum</span> 
     </span>
     <span class='ocr_line' id='line_1_25' title="bbox 259 1697 1648 1733; baseline 0.001 -9"><span class='ocrx_word' id='word_1_237' title='bbox 259 1701 289 1724; x_wconf 84' lang='lat' dir='ltr'>et</span> <span class='ocrx_word' id='word_1_238' title='bbox 312 1697 343 1724; x_wconf 84' lang='lat' dir='ltr'>in</span> <span class='ocrx_word' id='word_1_239' title='bbox 370 1697 435 1724; x_wconf 83' lang='lat' dir='ltr'>dies</span> <span class='ocrx_word' id='word_1_240' title='bbox 460 1698 573 1725; x_wconf 71' lang='lat' dir='ltr'>inultae</span> <span class='ocrx_word' id='word_1_241' title='bbox 600 1707 747 1733; x_wconf 81' lang='lat' dir='ltr'>personae</span> <span class='ocrx_word' id='word_1_242' title='bbox 773 1699 894 1726; x_wconf 82' lang='lat' dir='ltr'>nobiles</span> <span class='ocrx_word' id='word_1_243' title='bbox 921 1703 949 1725; x_wconf 89' lang='lat' dir='ltr'>et</span> <span class='ocrx_word' id='word_1_244' title='bbox 976 1697 1106 1724; x_wconf 80' lang='lat' dir='ltr'>devotae</span> <span class='ocrx_word' id='word_1_245' title='bbox 1132 1697 1230 1732; x_wconf 87' lang='lat' dir='ltr'>ipsum</span> <span class='ocrx_word' id='word_1_246' title='bbox 1249 1698 1436 1732; x_wconf 71' lang='lat' dir='ltr'>profitentur.</span> <span class='ocrx_word' id='word_1_247' title='bbox 1472 1698 1550 1725; x_wconf 88' lang='lat' dir='ltr'>Nihil</span> <span class='ocrx_word' id='word_1_248' title='bbox 1569 1699 1648 1726; x_wconf 85' lang='lat' dir='ltr'>enim</span> 
     </span>
     <span class='ocr_line' id='line_1_26' title="bbox 258 1741 1648 1778; baseline 0.002 -10"><span class='ocrx_word' id='word_1_249' title='bbox 258 1741 327 1768; x_wconf 89' lang='lat' dir='ltr'>huic</span> <span class='ocrx_word' id='word_1_250' title='bbox 352 1741 463 1774; x_wconf 67' lang='lat' dir='ltr'>virgini</span> <span class='ocrx_word' id='word_1_251' title='bbox 486 1743 617 1770; x_wconf 82' lang='lat' dir='ltr'>sanctius</span> <span class='ocrx_word' id='word_1_252' title='bbox 644 1743 779 1776; x_wconf 81' lang='lat' dir='ltr'>nihilque</span> <span class='ocrx_word' id='word_1_253' title='bbox 804 1743 922 1776; x_wconf 82' lang='lat' dir='ltr'>dignius</span> <span class='ocrx_word' id='word_1_254' title='bbox 949 1743 979 1770; x_wconf 89' lang='lat' dir='ltr'>in</span> <span class='ocrx_word' id='word_1_255' title='bbox 1008 1752 1105 1770; x_wconf 87' lang='lat' dir='ltr'>rerum</span> <span class='ocrx_word' id='word_1_256' title='bbox 1131 1748 1235 1770; x_wconf 84' lang='lat' dir='ltr'>natura</span> <span class='ocrx_word' id='word_1_257' title='bbox 1260 1743 1359 1770; x_wconf 86' lang='lat' dir='ltr'>visum</span> <span class='ocrx_word' id='word_1_258' title='bbox 1386 1748 1431 1770; x_wconf 86' lang='lat' dir='ltr'>est</span> <span class='ocrx_word' id='word_1_259' title='bbox 1463 1754 1551 1778; x_wconf 84' lang='lat' dir='ltr'>quam</span> <span class='ocrx_word' id='word_1_260' title='bbox 1578 1748 1648 1772; x_wconf 86' lang='lat' dir='ltr'>Jesu</span> 
     </span>
     <span class='ocr_line' id='line_1_27' title="bbox 260 1787 1647 1824; baseline 0.001 -10"><span class='ocrx_word' id='word_1_261' title='bbox 260 1787 367 1814; x_wconf 87' lang='lat' dir='ltr'>Christi</span> <span class='ocrx_word' id='word_1_262' title='bbox 387 1788 501 1814; x_wconf 89' lang='lat' dir='ltr'>domini</span> <span class='ocrx_word' id='word_1_263' title='bbox 520 1789 614 1816; x_wconf 86' lang='lat' dir='ltr'>nostri</span> <span class='ocrx_word' id='word_1_264' title='bbox 634 1793 795 1824; x_wconf 79' lang='lat' dir='ltr'>praecepta</span> <span class='ocrx_word' id='word_1_265' title='bbox 814 1793 843 1815; x_wconf 88' lang='lat' dir='ltr'>et</span> <span class='ocrx_word' id='word_1_266' title='bbox 854 1788 947 1815; x_wconf 83' lang='lat' dir='ltr'>vitam</span> <span class='ocrx_word' id='word_1_267' title='bbox 961 1793 1111 1815; x_wconf 77' lang='lat' dir='ltr'>aeternam</span> <span class='ocrx_word' id='word_1_268' title='bbox 1127 1788 1267 1815; x_wconf 89' lang='lat' dir='ltr'>omnibus</span> <span class='ocrx_word' id='word_1_269' title='bbox 1279 1789 1471 1823; x_wconf 84' lang='lat' dir='ltr'>persuadere.</span> <span class='ocrx_word' id='word_1_270' title='bbox 1508 1789 1647 1816; x_wconf 86' lang='lat' dir='ltr'>Ciborum</span> 
     </span>
     <span class='ocr_line' id='line_1_28' title="bbox 259 1832 1646 1868; baseline 0.001 -10"><span class='ocrx_word' id='word_1_271' title='bbox 259 1832 431 1864; x_wconf 74' lang='lat' dir='ltr'>frugalitate</span> <span class='ocrx_word' id='word_1_272' title='bbox 464 1843 530 1860; x_wconf 91' lang='lat' dir='ltr'>cum</span> <span class='ocrx_word' id='word_1_273' title='bbox 557 1833 739 1860; x_wconf 87' lang='lat' dir='ltr'>abstinentia</span> <span class='ocrx_word' id='word_1_274' title='bbox 767 1838 849 1860; x_wconf 83' lang='lat' dir='ltr'>tanta</span> <span class='ocrx_word' id='word_1_275' title='bbox 875 1834 1030 1865; x_wconf 82' lang='lat' dir='ltr'>utebatur,</span> <span class='ocrx_word' id='word_1_276' title='bbox 1057 1837 1090 1859; x_wconf 86' lang='lat' dir='ltr'>ut</span> <span class='ocrx_word' id='word_1_277' title='bbox 1116 1833 1207 1860; x_wconf 86' lang='lat' dir='ltr'>etiam</span> <span class='ocrx_word' id='word_1_278' title='bbox 1232 1842 1286 1867; x_wconf 79' lang='lat' dir='ltr'>per</span> <span class='ocrx_word' id='word_1_279' title='bbox 1310 1833 1410 1868; x_wconf 79' lang='lat' dir='ltr'>plpres</span> <span class='ocrx_word' id='word_1_280' title='bbox 1437 1841 1554 1860; x_wconf 88' lang='lat' dir='ltr'>menses</span> <span class='ocrx_word' id='word_1_281' title='bbox 1580 1833 1646 1859; x_wconf 90' lang='lat' dir='ltr'>solo</span> 
     </span>
     <span class='ocr_line' id='line_1_29' title="bbox 258 1877 1646 1911; baseline 0 -8"><span class='ocrx_word' id='word_1_282' title='bbox 258 1885 384 1911; x_wconf 84' lang='lat' dir='ltr'>corpore</span> <span class='ocrx_word' id='word_1_283' title='bbox 403 1877 563 1905; x_wconf 86' lang='lat' dir='ltr'>salvatoris</span> <span class='ocrx_word' id='word_1_284' title='bbox 588 1883 618 1904; x_wconf 73' lang='lat' dir='ltr'>et</span> <span class='ocrx_word' id='word_1_285' title='bbox 637 1877 719 1904; x_wconf 85' lang='lat' dir='ltr'>nullo</span> <span class='ocrx_word' id='word_1_286' title='bbox 740 1878 799 1904; x_wconf 85' lang='lat' dir='ltr'>alio</span> <span class='ocrx_word' id='word_1_287' title='bbox 818 1878 886 1904; x_wconf 89' lang='lat' dir='ltr'>cibo</span> <span class='ocrx_word' id='word_1_288' title='bbox 906 1881 1097 1904; x_wconf 82' lang='lat' dir='ltr'>recrearetur.</span> <span class='ocrx_word' id='word_1_289' title='bbox 1133 1877 1308 1911; x_wconf 84' lang='lat' dir='ltr'>Discipliuis</span> <span class='ocrx_word' id='word_1_290' title='bbox 1332 1877 1498 1903; x_wconf 85' lang='lat' dir='ltr'>durissimis</span> <span class='ocrx_word' id='word_1_291' title='bbox 1518 1885 1550 1903; x_wconf 88' lang='lat' dir='ltr'>se</span> <span class='ocrx_word' id='word_1_292' title='bbox 1568 1877 1646 1903; x_wconf 77' lang='lat' dir='ltr'>aflli-</span> 
     </span>
     <span class='ocr_line' id='line_1_30' title="bbox 258 1920 1646 1955; baseline 0.001 -8"><span class='ocrx_word' id='word_1_293' title='bbox 258 1922 347 1953; x_wconf 83' lang='lat' dir='ltr'>gebat</span> <span class='ocrx_word' id='word_1_294' title='bbox 374 1931 467 1955; x_wconf 86' lang='lat' dir='ltr'>usque</span> <span class='ocrx_word' id='word_1_295' title='bbox 494 1922 530 1948; x_wconf 86' lang='lat' dir='ltr'>ad</span> <span class='ocrx_word' id='word_1_296' title='bbox 557 1922 709 1955; x_wconf 82' lang='lat' dir='ltr'>sanguinis</span> <span class='ocrx_word' id='word_1_297' title='bbox 736 1921 923 1953; x_wconf 83' lang='lat' dir='ltr'>effusionem,</span> <span class='ocrx_word' id='word_1_298' title='bbox 951 1920 1171 1947; x_wconf 78' lang='lat' dir='ltr'>infirmantibus</span> <span class='ocrx_word' id='word_1_299' title='bbox 1191 1921 1321 1947; x_wconf 81' lang='lat' dir='ltr'>maxima</span> <span class='ocrx_word' id='word_1_300' title='bbox 1348 1930 1414 1947; x_wconf 87' lang='lat' dir='ltr'>cum</span> <span class='ocrx_word' id='word_1_301' title='bbox 1434 1921 1557 1948; x_wconf 79' lang='lat' dir='ltr'>caritate</span> <span class='ocrx_word' id='word_1_302' title='bbox 1584 1930 1646 1949; x_wconf 85' lang='lat' dir='ltr'>ser-</span> 
     </span>
     <span class='ocr_line' id='line_1_31' title="bbox 257 1964 1646 2001; baseline 0.001 -8"><span class='ocrx_word' id='word_1_303' title='bbox 257 1967 379 1999; x_wconf 77' lang='lat' dir='ltr'>viebat,</span> <span class='ocrx_word' id='word_1_304' title='bbox 400 1966 562 1999; x_wconf 86' lang='lat' dir='ltr'>aliquando</span> <span class='ocrx_word' id='word_1_305' title='bbox 582 1966 713 2001; x_wconf 82' lang='lat' dir='ltr'>propriis</span> <span class='ocrx_word' id='word_1_306' title='bbox 732 1972 761 1993; x_wconf 80' lang='lat' dir='ltr'>et</span> <span class='ocrx_word' id='word_1_307' title='bbox 781 1965 956 1993; x_wconf 72' lang='lat' dir='ltr'>necessariis</span> <span class='ocrx_word' id='word_1_308' title='bbox 975 1964 1163 1991; x_wconf 81' lang='lat' dir='ltr'>vestimentis</span> <span class='ocrx_word' id='word_1_309' title='bbox 1183 1973 1214 1991; x_wconf 85' lang='lat' dir='ltr'>se</span> <span class='ocrx_word' id='word_1_310' title='bbox 1226 1966 1353 1991; x_wconf 76' lang='lat' dir='ltr'>exuebat</span> <span class='ocrx_word' id='word_1_311' title='bbox 1367 1969 1395 1992; x_wconf 80' lang='lat' dir='ltr'>et</span> <span class='ocrx_word' id='word_1_312' title='bbox 1414 1975 1447 1991; x_wconf 84' lang='lat' dir='ltr'>ea</span> <span class='ocrx_word' id='word_1_313' title='bbox 1463 1967 1646 2000; x_wconf 81' lang='lat' dir='ltr'>pauperibus</span> 
     </span>
     <span class='ocr_line' id='line_1_32' title="bbox 258 2009 1646 2045; baseline 0 -7"><span class='ocrx_word' id='word_1_314' title='bbox 258 2013 409 2044; x_wconf 70' lang='lat' dir='ltr'>erogabat.</span> <span class='ocrx_word' id='word_1_315' title='bbox 445 2015 570 2045; x_wconf 80' lang='lat' dir='ltr'>Propter</span> <span class='ocrx_word' id='word_1_316' title='bbox 588 2011 669 2044; x_wconf 85' lang='lat' dir='ltr'>quod</span> <span class='ocrx_word' id='word_1_317' title='bbox 689 2021 705 2037; x_wconf 87' lang='lat' dir='ltr'>a</span> <span class='ocrx_word' id='word_1_318' title='bbox 724 2010 848 2037; x_wconf 89' lang='lat' dir='ltr'>domino</span> <span class='ocrx_word' id='word_1_319' title='bbox 867 2009 975 2037; x_wconf 78' lang='lat' dir='ltr'>meruit</span> <span class='ocrx_word' id='word_1_320' title='bbox 995 2009 1085 2035; x_wconf 77' lang='lat' dir='ltr'>etiam</span> <span class='ocrx_word' id='word_1_321' title='bbox 1104 2009 1133 2035; x_wconf 90' lang='lat' dir='ltr'>in</span> <span class='ocrx_word' id='word_1_322' title='bbox 1152 2009 1208 2035; x_wconf 87' lang='lat' dir='ltr'>hac</span> <span class='ocrx_word' id='word_1_323' title='bbox 1226 2010 1288 2036; x_wconf 89' lang='lat' dir='ltr'>vita</span> <span class='ocrx_word' id='word_1_324' title='bbox 1308 2009 1454 2037; x_wconf 83' lang='lat' dir='ltr'>invisibili</span> <span class='ocrx_word' id='word_1_325' title='bbox 1473 2012 1646 2043; x_wconf 16' lang='lat' dir='ltr'>vestehtegi.</span> 
     </span>
     <span class='ocr_line' id='line_1_33' title="bbox 258 2053 1647 2090; baseline 0 -7"><span class='ocrx_word' id='word_1_326' title='bbox 258 2059 329 2083; x_wconf 87' lang='lat' dir='ltr'>Cum</span> <span class='ocrx_word' id='word_1_327' title='bbox 355 2056 447 2083; x_wconf 75' lang='lat' dir='ltr'>semel</span> <span class='ocrx_word' id='word_1_328' title='bbox 466 2055 517 2082; x_wconf 91' lang='lat' dir='ltr'>uni</span> <span class='ocrx_word' id='word_1_329' title='bbox 537 2055 661 2090; x_wconf 80' lang='lat' dir='ltr'>pauperi</span> <span class='ocrx_word' id='word_1_330' title='bbox 681 2055 837 2081; x_wconf 81' lang='lat' dir='ltr'>tribuisset</span> <span class='ocrx_word' id='word_1_331' title='bbox 856 2053 1058 2087; x_wconf 82' lang='lat' dir='ltr'>chlamydem,</span> <span class='ocrx_word' id='word_1_332' title='bbox 1082 2063 1208 2087; x_wconf 87' lang='lat' dir='ltr'>cumque</span> <span class='ocrx_word' id='word_1_333' title='bbox 1228 2054 1433 2087; x_wconf 73' lang='lat' dir='ltr'>objurgaretur</span> <span class='ocrx_word' id='word_1_334' title='bbox 1457 2064 1472 2081; x_wconf 87' lang='lat' dir='ltr'>a</span> <span class='ocrx_word' id='word_1_335' title='bbox 1493 2055 1647 2083; x_wconf 73' lang='lat' dir='ltr'>familiari-</span> 
     </span>
     <span class='ocr_line' id='line_1_34' title="bbox 257 2098 1646 2135; baseline 0.001 -8"><span class='ocrx_word' id='word_1_336' title='bbox 257 2102 328 2133; x_wconf 85' lang='lat' dir='ltr'>bns,</span> <span class='ocrx_word' id='word_1_337' title='bbox 356 2099 439 2134; x_wconf 85' lang='lat' dir='ltr'>quod</span> <span class='ocrx_word' id='word_1_338' title='bbox 463 2105 580 2126; x_wconf 78' lang='lat' dir='ltr'>vestem</span> <span class='ocrx_word' id='word_1_339' title='bbox 605 2099 805 2126; x_wconf 82' lang='lat' dir='ltr'>necessariam</span> <span class='ocrx_word' id='word_1_340' title='bbox 832 2099 890 2126; x_wconf 88' lang='lat' dir='ltr'>sibi</span> <span class='ocrx_word' id='word_1_341' title='bbox 910 2098 1065 2125; x_wconf 78' lang='lat' dir='ltr'>tribuisset</span> <span class='ocrx_word' id='word_1_342' title='bbox 1084 2098 1187 2130; x_wconf 80' lang='lat' dir='ltr'>alteri,</span> <span class='ocrx_word' id='word_1_343' title='bbox 1214 2098 1300 2130; x_wconf 78' lang='lat' dir='ltr'>virgo</span> <span class='ocrx_word' id='word_1_344' title='bbox 1326 2098 1454 2132; x_wconf 76' lang='lat' dir='ltr'>benigne</span> <span class='ocrx_word' id='word_1_345' title='bbox 1473 2100 1646 2135; x_wconf 81' lang='lat' dir='ltr'>respondit:</span> 
     </span>
     <span class='ocr_line' id='line_1_35' title="bbox 256 2143 1646 2179; baseline 0.001 -7"><span class='ocrx_word' id='word_1_346' title='bbox 256 2145 438 2173; x_wconf 64' lang='lat' dir='ltr'>vestimento</span> <span class='ocrx_word' id='word_1_347' title='bbox 465 2154 565 2172; x_wconf 85' lang='lat' dir='ltr'>carere</span> <span class='ocrx_word' id='word_1_348' title='bbox 591 2153 731 2179; x_wconf 82' lang='lat' dir='ltr'>possum,</span> <span class='ocrx_word' id='word_1_349' title='bbox 765 2143 971 2171; x_wconf 80' lang='lat' dir='ltr'>misericordia</span> <span class='ocrx_word' id='word_1_350' title='bbox 998 2152 1196 2177; x_wconf 76' lang='lat' dir='ltr'>nequaquam.</span> <span class='ocrx_word' id='word_1_351' title='bbox 1233 2143 1390 2179; x_wconf 72' lang='lat' dir='ltr'>Qu-‘mdam</span> <span class='ocrx_word' id='word_1_352' title='bbox 1415 2154 1489 2172; x_wconf 80' lang='lat' dir='ltr'>vero</span> <span class='ocrx_word' id='word_1_353' title='bbox 1514 2154 1646 2173; x_wconf 86' lang='lat' dir='ltr'>sororem</span> 
     </span>
     <span class='ocr_line' id='line_1_36' title="bbox 256 2187 1647 2224; baseline 0 -8"><span class='ocrx_word' id='word_1_354' title='bbox 256 2190 302 2217; x_wconf 88' lang='lat' dir='ltr'>sui</span> <span class='ocrx_word' id='word_1_355' title='bbox 321 2189 436 2217; x_wconf 80' lang='lat' dir='ltr'>ordinis</span> <span class='ocrx_word' id='word_1_356' title='bbox 455 2189 602 2217; x_wconf 87' lang='lat' dir='ltr'>infirmam</span> <span class='ocrx_word' id='word_1_357' title='bbox 622 2194 648 2215; x_wconf 82' lang='lat' dir='ltr'>et</span> <span class='ocrx_word' id='word_1_358' title='bbox 669 2188 965 2224; x_wconf 76' lang='lat' dir='ltr'>impatientissimam</span> <span class='ocrx_word' id='word_1_359' title='bbox 984 2189 1107 2222; x_wconf 81' lang='lat' dir='ltr'>ejusque</span> <span class='ocrx_word' id='word_1_360' title='bbox 1125 2187 1224 2216; x_wconf 70' lang='lat' dir='ltr'>famae</span> <span class='ocrx_word' id='word_1_361' title='bbox 1249 2194 1338 2223; x_wconf 80' lang='lat' dir='ltr'>atque</span> <span class='ocrx_word' id='word_1_362' title='bbox 1357 2198 1473 2216; x_wconf 88' lang='lat' dir='ltr'>morum</span> <span class='ocrx_word' id='word_1_363' title='bbox 1491 2195 1647 2224; x_wconf 80' lang='lat' dir='ltr'>praestan-</span> 
     </span>
     <span class='ocr_line' id='line_1_37' title="bbox 255 2232 1644 2267; baseline 0.001 -6"><span class='ocrx_word' id='word_1_364' title='bbox 255 2235 314 2262; x_wconf 82' lang='lat' dir='ltr'>tiae</span> <span class='ocrx_word' id='word_1_365' title='bbox 329 2235 545 2267; x_wconf 80' lang='lat' dir='ltr'>detrahentem,</span> <span class='ocrx_word' id='word_1_366' title='bbox 566 2235 605 2261; x_wconf 87' lang='lat' dir='ltr'>ita</span> <span class='ocrx_word' id='word_1_367' title='bbox 621 2234 774 2261; x_wconf 85' lang='lat' dir='ltr'>humiliter</span> <span class='ocrx_word' id='word_1_368' title='bbox 787 2233 928 2261; x_wconf 77' lang='lat' dir='ltr'>toleravit</span> <span class='ocrx_word' id='word_1_369' title='bbox 942 2238 971 2260; x_wconf 88' lang='lat' dir='ltr'>et</span> <span class='ocrx_word' id='word_1_370' title='bbox 986 2232 1122 2265; x_wconf 82' lang='lat' dir='ltr'>servivit,</span> <span class='ocrx_word' id='word_1_371' title='bbox 1142 2234 1223 2266; x_wconf 88' lang='lat' dir='ltr'>quod</span> <span class='ocrx_word' id='word_1_372' title='bbox 1238 2234 1375 2262; x_wconf 88' lang='lat' dir='ltr'>mirabile</span> <span class='ocrx_word' id='word_1_373' title='bbox 1389 2239 1433 2262; x_wconf 87' lang='lat' dir='ltr'>est</span> <span class='ocrx_word' id='word_1_374' title='bbox 1453 2234 1644 2262; x_wconf 69' lang='lat' dir='ltr'>credendum.</span> 
     </span>
     <span class='ocr_line' id='line_1_38' title="bbox 257 2278 1644 2315; baseline 0 -9"><span class='ocrx_word' id='word_1_375' title='bbox 257 2282 373 2315; x_wconf 77' lang='lat' dir='ltr'>Quanta</span> <span class='ocrx_word' id='word_1_376' title='bbox 392 2284 492 2306; x_wconf 80' lang='lat' dir='ltr'>autem</span> <span class='ocrx_word' id='word_1_377' title='bbox 511 2288 578 2312; x_wconf 76' lang='lat' dir='ltr'>erga</span> <span class='ocrx_word' id='word_1_378' title='bbox 598 2279 762 2306; x_wconf 84' lang='lat' dir='ltr'>animarum</span> <span class='ocrx_word' id='word_1_379' title='bbox 782 2279 908 2307; x_wconf 87' lang='lat' dir='ltr'>salutem</span> <span class='ocrx_word' id='word_1_380' title='bbox 928 2278 1051 2306; x_wconf 81' lang='lat' dir='ltr'>caritate</span> <span class='ocrx_word' id='word_1_381' title='bbox 1071 2279 1265 2312; x_wconf 86' lang='lat' dir='ltr'>movebatur,</span> <span class='ocrx_word' id='word_1_382' title='bbox 1294 2289 1330 2307; x_wconf 84' lang='lat' dir='ltr'>ex</span> <span class='ocrx_word' id='word_1_383' title='bbox 1356 2279 1459 2306; x_wconf 87' lang='lat' dir='ltr'>multis</span> <span class='ocrx_word' id='word_1_384' title='bbox 1482 2280 1545 2314; x_wconf 83' lang='lat' dir='ltr'>ejus</span> <span class='ocrx_word' id='word_1_385' title='bbox 1571 2288 1644 2314; x_wconf 81' lang='lat' dir='ltr'>ope-</span> 
     </span>
     <span class='ocr_line' id='line_1_39' title="bbox 256 2323 1644 2359; baseline 0 -8"><span class='ocrx_word' id='word_1_386' title='bbox 256 2325 338 2352; x_wconf 91' lang='lat' dir='ltr'>ribus</span> <span class='ocrx_word' id='word_1_387' title='bbox 359 2324 472 2358; x_wconf 90' lang='lat' dir='ltr'>liquide</span> <span class='ocrx_word' id='word_1_388' title='bbox 491 2328 626 2359; x_wconf 74' lang='lat' dir='ltr'>apparet.</span> <span class='ocrx_word' id='word_1_389' title='bbox 662 2327 734 2351; x_wconf 82' lang='lat' dir='ltr'>Nam</span> <span class='ocrx_word' id='word_1_390' title='bbox 754 2334 819 2351; x_wconf 80' lang='lat' dir='ltr'>cnm</span> <span class='ocrx_word' id='word_1_391' title='bbox 839 2324 961 2358; x_wconf 82' lang='lat' dir='ltr'>qnidam</span> <span class='ocrx_word' id='word_1_392' title='bbox 976 2323 1088 2350; x_wconf 86' lang='lat' dir='ltr'>nobilis</span> <span class='ocrx_word' id='word_1_393' title='bbox 1105 2323 1272 2356; x_wconf 83' lang='lat' dir='ltr'>Perusinus,</span> <span class='ocrx_word' id='word_1_394' title='bbox 1293 2323 1343 2357; x_wconf 87' lang='lat' dir='ltr'>qni</span> <span class='ocrx_word' id='word_1_395' title='bbox 1361 2324 1482 2359; x_wconf 79' lang='lat' dir='ltr'>capitali</span> <span class='ocrx_word' id='word_1_396' title='bbox 1497 2325 1644 2351; x_wconf 87' lang='lat' dir='ltr'>sententia</span> 
     </span>
     <span class='ocr_line' id='line_1_40' title="bbox 255 2367 1644 2403; baseline 0 -7"><span class='ocrx_word' id='word_1_397' title='bbox 255 2379 270 2396; x_wconf 91' lang='lat' dir='ltr'>a</span> <span class='ocrx_word' id='word_1_398' title='bbox 291 2369 416 2397; x_wconf 78' lang='lat' dir='ltr'>Senensi</span> <span class='ocrx_word' id='word_1_399' title='bbox 434 2373 540 2397; x_wconf 83' lang='lat' dir='ltr'>senatu</span> <span class='ocrx_word' id='word_1_400' title='bbox 559 2368 736 2403; x_wconf 82' lang='lat' dir='ltr'>plectendus</span> <span class='ocrx_word' id='word_1_401' title='bbox 756 2373 834 2401; x_wconf 86' lang='lat' dir='ltr'>erat,</span> <span class='ocrx_word' id='word_1_402' title='bbox 854 2369 960 2396; x_wconf 86' lang='lat' dir='ltr'>dolore</span> <span class='ocrx_word' id='word_1_403' title='bbox 979 2368 1082 2396; x_wconf 88' lang='lat' dir='ltr'>mortis</span> <span class='ocrx_word' id='word_1_404' title='bbox 1102 2367 1225 2395; x_wconf 83' lang='lat' dir='ltr'>affectus</span> <span class='ocrx_word' id='word_1_405' title='bbox 1246 2378 1263 2394; x_wconf 89' lang='lat' dir='ltr'>a</span> <span class='ocrx_word' id='word_1_406' title='bbox 1282 2371 1352 2396; x_wconf 86' lang='lat' dir='ltr'>Jesu</span> <span class='ocrx_word' id='word_1_407' title='bbox 1379 2369 1494 2396; x_wconf 87' lang='lat' dir='ltr'>Christo</span> <span class='ocrx_word' id='word_1_408' title='bbox 1521 2368 1644 2397; x_wconf 88' lang='lat' dir='ltr'>domino</span> 
     </span>
     <span class='ocr_line' id='line_1_41' title="bbox 254 2413 1643 2449; baseline -0.001 -7"><span class='ocrx_word' id='word_1_409' title='bbox 254 2419 357 2442; x_wconf 87' lang='lat' dir='ltr'>nostro</span> <span class='ocrx_word' id='word_1_410' title='bbox 385 2415 515 2441; x_wconf 84' lang='lat' dir='ltr'>animum</span> <span class='ocrx_word' id='word_1_411' title='bbox 543 2413 663 2449; x_wconf 75' lang='lat' dir='ltr'>penitus</span> <span class='ocrx_word' id='word_1_412' title='bbox 687 2417 837 2440; x_wconf 85' lang='lat' dir='ltr'>averteret</span> <span class='ocrx_word' id='word_1_413' title='bbox 863 2417 893 2440; x_wconf 90' lang='lat' dir='ltr'>et</span> <span class='ocrx_word' id='word_1_414' title='bbox 918 2423 933 2440; x_wconf 89' lang='lat' dir='ltr'>a</span> <span class='ocrx_word' id='word_1_415' title='bbox 961 2413 1044 2440; x_wconf 90' lang='lat' dir='ltr'>nullo</span> <span class='ocrx_word' id='word_1_416' title='bbox 1071 2418 1174 2448; x_wconf 85' lang='lat' dir='ltr'>posset</span> <span class='ocrx_word' id='word_1_417' title='bbox 1199 2413 1237 2439; x_wconf 85' lang='lat' dir='ltr'>ad</span> <span class='ocrx_word' id='word_1_418' title='bbox 1263 2413 1481 2449; x_wconf 80' lang='lat' dir='ltr'>poenitentiam</span> <span class='ocrx_word' id='word_1_419' title='bbox 1499 2413 1643 2446; x_wconf 82' lang='lat' dir='ltr'>revocari,</span> 
     </span>
     <span class='ocr_line' id='line_1_42' title="bbox 255 2458 1643 2494; baseline 0 -9"><span class='ocrx_word' id='word_1_420' title='bbox 255 2459 341 2494; x_wconf 87' lang='lat' dir='ltr'>hujus</span> <span class='ocrx_word' id='word_1_421' title='bbox 367 2459 493 2492; x_wconf 73' lang='lat' dir='ltr'>virginis</span> <span class='ocrx_word' id='word_1_422' title='bbox 513 2458 721 2485; x_wconf 75' lang='lat' dir='ltr'>exhortatione</span> <span class='ocrx_word' id='word_1_423' title='bbox 741 2466 904 2485; x_wconf 82' lang='lat' dir='ltr'>conversus</span> <span class='ocrx_word' id='word_1_424' title='bbox 930 2459 969 2485; x_wconf 89' lang='lat' dir='ltr'>ad</span> <span class='ocrx_word' id='word_1_425' title='bbox 995 2467 1046 2485; x_wconf 85' lang='lat' dir='ltr'>cor</span> <span class='ocrx_word' id='word_1_426' title='bbox 1063 2467 1145 2485; x_wconf 82' lang='lat' dir='ltr'>more</span> <span class='ocrx_word' id='word_1_427' title='bbox 1165 2458 1393 2486; x_wconf 83' lang='lat' dir='ltr'>christianorum</span> <span class='ocrx_word' id='word_1_428' title='bbox 1411 2468 1443 2486; x_wconf 88' lang='lat' dir='ltr'>se</span> <span class='ocrx_word' id='word_1_429' title='bbox 1463 2458 1579 2486; x_wconf 85' lang='lat' dir='ltr'>Christo</span> <span class='ocrx_word' id='word_1_430' title='bbox 1598 2467 1643 2485; x_wconf 84' lang='lat' dir='ltr'>re-</span> 
     </span>
     <span class='ocr_line' id='line_1_43' title="bbox 254 2503 1642 2538; baseline 0 -8"><span class='ocrx_word' id='word_1_431' title='bbox 254 2504 467 2531; x_wconf 82' lang='lat' dir='ltr'>commendans</span> <span class='ocrx_word' id='word_1_432' title='bbox 487 2503 636 2538; x_wconf 69' lang='lat' dir='ltr'>patienter</span> <span class='ocrx_word' id='word_1_433' title='bbox 654 2508 780 2530; x_wconf 84' lang='lat' dir='ltr'>mortem</span> <span class='ocrx_word' id='word_1_434' title='bbox 800 2503 950 2531; x_wconf 87' lang='lat' dir='ltr'>sustinuit.</span> <span class='ocrx_word' id='word_1_435' title='bbox 985 2503 1049 2530; x_wconf 83' lang='lat' dir='ltr'>Fuit</span> <span class='ocrx_word' id='word_1_436' title='bbox 1074 2503 1153 2531; x_wconf 88' lang='lat' dir='ltr'>enim</span> <span class='ocrx_word' id='word_1_437' title='bbox 1172 2503 1301 2530; x_wconf 78' lang='lat' dir='ltr'>maxima</span> <span class='ocrx_word' id='word_1_438' title='bbox 1326 2503 1473 2538; x_wconf 79' lang='lat' dir='ltr'>sapientia</span> <span class='ocrx_word' id='word_1_439' title='bbox 1497 2503 1642 2538; x_wconf 74' lang='lat' dir='ltr'>praedita,</span> 
     </span>
     <span class='ocr_line' id='line_1_44' title="bbox 255 2548 1643 2584; baseline 0 -10"><span class='ocrx_word' id='word_1_440' title='bbox 255 2549 360 2576; x_wconf 87' lang='lat' dir='ltr'>litteris</span> <span class='ocrx_word' id='word_1_441' title='bbox 388 2548 601 2584; x_wconf 78' lang='lat' dir='ltr'>lepidissimis,</span> <span class='ocrx_word' id='word_1_442' title='bbox 628 2557 704 2582; x_wconf 79' lang='lat' dir='ltr'>quae</span> <span class='ocrx_word' id='word_1_443' title='bbox 731 2557 807 2575; x_wconf 85' lang='lat' dir='ltr'>nunc</span> <span class='ocrx_word' id='word_1_444' title='bbox 834 2553 969 2582; x_wconf 84' lang='lat' dir='ltr'>exstant,</span> <span class='ocrx_word' id='word_1_445' title='bbox 995 2549 1191 2580; x_wconf 75' lang='lat' dir='ltr'>testantibus3</span> <span class='ocrx_word' id='word_1_446' title='bbox 1218 2548 1341 2583; x_wconf 85' lang='lat' dir='ltr'>insuper</span> <span class='ocrx_word' id='word_1_447' title='bbox 1367 2548 1446 2576; x_wconf 81' lang='lat' dir='ltr'>dicta</span> <span class='ocrx_word' id='word_1_448' title='bbox 1473 2552 1643 2576; x_wconf 75' lang='lat' dir='ltr'>sanctornm</span> 
     </span>
     <span class='ocr_line' id='line_1_45' title="bbox 253 2591 1643 2629; baseline 0 -12"><span class='ocrx_word' id='word_1_449' title='bbox 253 2591 375 2620; x_wconf 63' lang='lat' dir='ltr'>asstante</span> <span class='ocrx_word' id='word_1_450' title='bbox 395 2598 500 2620; x_wconf 83' lang='lat' dir='ltr'>sancto</span> <span class='ocrx_word' id='word_1_451' title='bbox 520 2593 627 2628; x_wconf 84' lang='lat' dir='ltr'>spiritu</span> <span class='ocrx_word' id='word_1_452' title='bbox 646 2593 687 2619; x_wconf 84' lang='lat' dir='ltr'>ita</span> <span class='ocrx_word' id='word_1_453' title='bbox 707 2592 911 2627; x_wconf 75' lang='lat' dir='ltr'>dilucidalmt,</span> <span class='ocrx_word' id='word_1_454' title='bbox 937 2598 969 2620; x_wconf 89' lang='lat' dir='ltr'>ut</span> <span class='ocrx_word' id='word_1_455' title='bbox 995 2594 1085 2620; x_wconf 77' lang='lat' dir='ltr'>etiam</span> <span class='ocrx_word' id='word_1_456' title='bbox 1112 2593 1194 2629; x_wconf 86' lang='lat' dir='ltr'>ipsos</span> <span class='ocrx_word' id='word_1_457' title='bbox 1220 2602 1352 2621; x_wconf 84' lang='lat' dir='ltr'>suuunos</span> <span class='ocrx_word' id='word_1_458' title='bbox 1379 2593 1534 2626; x_wconf 68' lang='lat' dir='ltr'>theologos</span> <span class='ocrx_word' id='word_1_459' title='bbox 1554 2601 1643 2626; x_wconf 72' lang='lat' dir='ltr'>supo-</span> 
     </span>
     <span class='ocr_line' id='line_1_46' title="bbox 254 2637 1642 2673; baseline 0.001 -11"><span class='ocrx_word' id='word_1_460' title='bbox 254 2642 341 2664; x_wconf 70' lang='lat' dir='ltr'>rarvt.</span> <span class='ocrx_word' id='word_1_461' title='bbox 377 2640 449 2665; x_wconf 89' lang='lat' dir='ltr'>Nam</span> <span class='ocrx_word' id='word_1_462' title='bbox 477 2647 542 2665; x_wconf 90' lang='lat' dir='ltr'>cum</span> <span class='ocrx_word' id='word_1_463' title='bbox 569 2637 663 2666; x_wconf 79' lang='lat' dir='ltr'>semel</span> <span class='ocrx_word' id='word_1_464' title='bbox 688 2637 764 2665; x_wconf 88' lang='lat' dir='ltr'>dnos</span> <span class='ocrx_word' id='word_1_465' title='bbox 792 2637 993 2673; x_wconf 78' lang='lat' dir='ltr'>peritissimos</span> <span class='ocrx_word' id='word_1_466' title='bbox 1017 2638 1099 2665; x_wconf 85' lang='lat' dir='ltr'>viros</span> <span class='ocrx_word' id='word_1_467' title='bbox 1126 2638 1300 2670; x_wconf 82' lang='lat' dir='ltr'>theologos,</span> <span class='ocrx_word' id='word_1_468' title='bbox 1330 2638 1456 2665; x_wconf 87' lang='lat' dir='ltr'>alterum</span> <span class='ocrx_word' id='word_1_469' title='bbox 1485 2637 1642 2667; x_wconf 84' lang='lat' dir='ltr'>minorum,</span> 
     </span>
     <span class='ocr_line' id='line_1_47' title="bbox 253 2680 1642 2718; baseline 0.002 -12"><span class='ocrx_word' id='word_1_470' title='bbox 253 2680 378 2707; x_wconf 77' lang='lat' dir='ltr'>alterum</span> <span class='ocrx_word' id='word_1_471' title='bbox 405 2690 478 2708; x_wconf 73' lang='lat' dir='ltr'>vero</span> <span class='ocrx_word' id='word_1_472' title='bbox 505 2682 695 2710; x_wconf 76' lang='lat' dir='ltr'>eremitarum</span> <span class='ocrx_word' id='word_1_473' title='bbox 722 2682 847 2710; x_wconf 72' lang='lat' dir='ltr'>haberet</span> <span class='ocrx_word' id='word_1_474' title='bbox 873 2688 975 2710; x_wconf 73' lang='lat' dir='ltr'>contra</span> <span class='ocrx_word' id='word_1_475' title='bbox 1008 2691 1039 2710; x_wconf 92' lang='lat' dir='ltr'>se</span> <span class='ocrx_word' id='word_1_476' title='bbox 1072 2682 1211 2710; x_wconf 84' lang='lat' dir='ltr'>alacriter</span> <span class='ocrx_word' id='word_1_477' title='bbox 1241 2683 1444 2718; x_wconf 71' lang='lat' dir='ltr'>disputantes,</span> <span class='ocrx_word' id='word_1_478' title='bbox 1480 2682 1556 2708; x_wconf 82' lang='lat' dir='ltr'>adeo</span> <span class='ocrx_word' id='word_1_479' title='bbox 1591 2690 1642 2709; x_wconf 75' lang='lat' dir='ltr'>eos</span> 
     </span>
     <span class='ocr_line' id='line_1_48' title="bbox 253 2725 1642 2761; baseline 0.002 -11"><span class='ocrx_word' id='word_1_480' title='bbox 253 2725 375 2760; x_wconf 73' lang='lat' dir='ltr'>publice</span> <span class='ocrx_word' id='word_1_481' title='bbox 398 2725 488 2758; x_wconf 76' lang='lat' dir='ltr'>vicit,</span> <span class='ocrx_word' id='word_1_482' title='bbox 515 2731 547 2754; x_wconf 87' lang='lat' dir='ltr'>nt</span> <span class='ocrx_word' id='word_1_483' title='bbox 574 2726 619 2754; x_wconf 89' lang='lat' dir='ltr'>illi</span> <span class='ocrx_word' id='word_1_484' title='bbox 645 2726 780 2755; x_wconf 66' lang='lat' dir='ltr'>‹lix-inam</span> <span class='ocrx_word' id='word_1_485' title='bbox 807 2726 953 2760; x_wconf 75' lang='lat' dir='ltr'>virginem</span> <span class='ocrx_word' id='word_1_486' title='bbox 980 2735 1038 2755; x_wconf 88' lang='lat' dir='ltr'>non</span> <span class='ocrx_word' id='word_1_487' title='bbox 1062 2727 1221 2754; x_wconf 83' lang='lat' dir='ltr'>human-&#39;un</span> <span class='ocrx_word' id='word_1_488' title='bbox 1241 2728 1405 2755; x_wconf 59' lang='lat' dir='ltr'>crederem.</span> <span class='ocrx_word' id='word_1_489' title='bbox 1441 2727 1642 2761; x_wconf 71' lang='lat' dir='ltr'>Qui-&#39;nuohrem</span> 
     </span>
    </p>
   </div>
  </div>
 </body>
</html>
