1742 3005
246 143 326 168 vul
771 128 890 166 Index
918 128 1097 178 capitum.

244 209 331 281 Cap.
356 235 511 274 CXXIV
561 235 611 271 De
634 238 754 269 sancto
779 233 976 278 Augustino
1047 256 1400 268 .......
1447 241 1529 277 pag.
1552 231 1619 266 548

353 292 487 327 CXXV.
533 291 583 326 De
609 290 841 325 decollatione
868 289 977 321 sancti
1001 286 1171 322 Johannis
1195 286 1371 331 baptistae
1414 313 1421 321 .
1491 308 1505 312 -
1553 287 1620 320 566

289 370 303 375 -
353 347 506 383 CXXVL
556 347 606 382 De
632 347 760 380 sanetis
786 343 902 378 Felice
928 347 964 376 et
987 342 1144 377 Adaucto
1199 366 1439 379 .....
1491 363 1505 368 -
1552 342 1620 376 575

288 427 302 430 -
353 402 522 439 CXXVII.
570 402 618 437 Ds
645 401 776 436 sanctis
801 400 991 433 Saviniano
1018 402 1053 432 et
1078 398 1210 432 SaVIna
1235 424 1242 431 .
1293 423 1302 432 .
1353 424 1360 432 .
1413 423 1422 431 .
1492 419 1507 424 -
1553 398 1621 432 576

288 482 303 487 -
352 458 537 494 CXXVIII.
584 458 635 493 De
663 460 784 491 sancto
806 455 906 501 Lupo
978 479 1443 492 .........
1493 474 1507 479 -
1553 453 1622 488 579

288 537 302 542 -
352 514 509 550 CXXIX.
556 514 606 549 De
630 517 750 547 sancto
775 511 982 548 Mamertino
1008 532 1423 547 ........
1493 531 1508 536 -
1554 509 1622 544 586

288 593 302 598 -
352 570 490 606 CXXX.
540 570 591 605 De
617 573 738 603 sancto
764 567 916 614 Aegidio
965 591 1445 604 .........
1492 587 1507 592 -
1554 566 1622 600 582

289 649 302 653 -
352 626 510 664 CXXXI.
559 626 610 661 De
635 626 815 659 nativitate
843 623 971 658 beatae
993 622 1130 658 Mariae
1157 624 1303 668 virginis
1351 650 1360 659 .
1410 649 1418 658 .
1553 622 1622 656 585

288 706 302 710 -
350 682 522 718 CXXXII.
565 682 615 717 De
641 682 774 715 sanctis
800 680 962 714 Cornelio
987 683 1021 714 et
1051 679 1223 725 Cypriano
1260 705 1267 714 .
1376 707 1383 715 .
1434 706 1441 713 .
1492 700 1506 705 -
1554 679 1622 714 595

287 762 303 767 -
352 738 539 775 CXXXIII.
587 738 636 772 De
660 741 781 771 sancto
803 736 993 780 Lamperto
1062 760 1422 773 ......
1492 758 1508 762 -
1554 737 1621 770 596

288 817 303 822 -
352 794 540 830 CXXXIV.
586 793 636 828 De
662 796 784 827 sancto
808 792 964 827 Adriano
989 801 1063 826 cum
1089 792 1194 826 sociis
1221 792 1293 826 suis
1317 816 1327 827 .
1375 816 1385 828 .
1554 793 1621 827 597

288 873 302 877 -
352 850 519 886 CXXXV.
566 850 616 885 De
642 850 771 883 sanctiS
799 847 977 893 Gorgonio
1004 852 1038 882 et
1061 846 1240 882 Dorotheo
1296 874 1306 884 .
1353 873 1361 882 .
1410 875 1418 883 .
1491 869 1506 874 -
1553 849 1621 882 601

287 929 302 934 -
352 906 541 943 CXXXVI.
590 906 641 940 De
668 906 797 940 sanctis
822 904 950 939 Protho
978 908 1013 938 et
1035 903 1192 939 Jacincto
1219 929 1443 939 .....
1491 926 1507 930 -
1553 905 1622 938 662

288 985 303 989 -
352 961 554 998 CXXXVII.
597 962 647 996 De
671 962 885 996 exaltatione
910 964 1053 994 sanctae
1080 961 1194 994 crucis
1242 983 1251 994 .
1299 984 1309 995 .
1554 961 1622 995 665

287 1042 303 1046 --
354 1017 573 1054 CXXXVIII.
620 1017 670 1052 De
697 1022 816 1052 sancto
841 1017 1000 1052 Johanne
1025 1015 1274 1061 Chrysostomo
1320 1041 1328 1049 .
1376 1043 1382 1050 .
1433 1041 1444 1054 .
1554 1019 1621 1051 611

287 1098 302 1102 -
351 1075 542 1112 CXXXIX.
592 1074 643 1109 De
669 1079 792 1108 sancta
815 1072 973 1107 Eufemia
1007 1096 1420 1109 ........
1494 1094 1508 1098 -
1556 1074 1622 1106 626

288 1154 303 1158 -
352 1131 452 1166 CXL.
500 1131 550 1166 De
575 1135 697 1165 sancto
724 1128 905 1164 Matthaeo
931 1128 1094 1173 apostolo
1146 1152 1442 1165 ......
1493 1149 1508 1154 -
1555 1130 1622 1163 622

289 1209 304 1214 -
354 1186 469 1221 CXLI.
518 1187 569 1221 De
595 1192 715 1221 sancto
741 1186 908 1221 Mauritio
934 1189 968 1219 et
992 1186 1100 1219 sociis
1125 1186 1199 1219 suis
1233 1209 1243 1221 .
1555 1187 1622 1220 628

290 1266 304 1270 -
353 1243 486 1279 CXLII.
534 1244 584 1279 De
610 1248 733 1278 sancta
755 1242 892 1278 Justina
918 1242 1053 1287 virgine
1089 1263 1508 1279 ........
1555 1244 1623 1277 632

289 1322 304 1326 -
353 1299 504 1335 CXLIII.
555 1299 605 1334 De
631 1300 762 1333 sanetis
790 1299 914 1332 Cosma
942 1302 976 1332 et
1000 1297 1169 1331 Damiano
1238 1323 1247 1332 .
1297 1324 1304 1332 .
1412 1325 1420 1333 .
1556 1300 1624 1333 636

288 1377 303 1383 -
353 1356 504 1391 CXLIV.
553 1355 603 1390 De
628 1360 749 1389 sancto
775 1354 906 1389 Forseo
936 1355 1105 1399 episcopo
1147 1376 1511 1391 .......
1556 1356 1625 1389 639

286 1434 302 1439 -
350 1411 483 1447 CXLV.
532 1412 583 1446 De
611 1416 733 1446 sancto
758 1411 932 1446 Micliaele
959 1409 1171 1456 archangelo
1235 1435 1245 1446 .
1295 1437 1303 1445 .
1352 1437 1362 1446 .
1414 1437 1423 1446 .
1496 1432 1511 1436 -
1557 1412 1624 1445 642

290 1490 304 1494 -
355 1467 501 1503 CXLVI.
550 1468 601 1503 De
627 1472 746 1502 sancto
771 1467 978 1511 Hieronymo
1034 1491 1446 1504 ........
1496 1490 1511 1494 -
1557 1467 1624 1502 653

289 1546 304 1550 -
353 1523 519 1558 CXLVII.
567 1524 617 1558 De
646 1528 765 1558 sancto
791 1522 949 1567 Remigio
1001 1548 1011 1557 .
1060 1548 1068 1556 .
1115 1547 1124 1555 .
1176 1546 1186 1558 .
1239 1548 1250 1557 .
1296 1547 1309 1559 .
1352 1546 1361 1556 .
1413 1548 1422 1557 .
1495 1544 1510 1549 -
1556 1524 1623 1557 659

289 1601 304 1606 -
354 1578 534 1615 CXLVIII.
581 1579 631 1614 De
658 1583 777 1614 sancto
808 1577 1032 1622 Leodegario
1086 1602 1444 1614 .......
1495 1600 1509 1604 -
1556 1580 1625 1613 666

291 1657 305 1662 -
355 1635 507 1670 CXLIX.
557 1635 608 1670 De
634 1639 753 1669 sancto
780 1633 964 1668 Francisco
1009 1658 1425 1670 ........
1497 1656 1511 1661 -
1558 1636 1624 1669 662

291 1713 304 1718 -
354 1691 420 1725 CL.
468 1691 519 1727 De
545 1697 667 1726 sancta
692 1690 842 1736 Pelagia
913 1716 1443 1726 ..........
1495 1713 1509 1717 -
1557 1692 1626 1726 674

292 1769 305 1774 -
355 1747 437 1782 CLI.
483 1748 533 1783 De
557 1753 678 1783 sancta
703 1747 902 1792 Margarita
948 1770 1419 1783 .........
1558 1750 1626 1783 676

290 1825 307 1831 -
355 1804 455 1840 CLII.
503 1804 552 1839 De
578 1809 699 1839 sancta
724 1803 848 1838 Thaisi
873 1804 1054 1837 meretrice
1088 1824 1446 1839 .......
1497 1825 1511 1829 -
1558 1806 1626 1838 677

292 1883 306 1887 -
356 1860 471 1896 CLIII.
518 1860 566 1895 I)e
593 1862 723 1895 sanctis
748 1860 934 1904 Dionysio,
960 1858 1100 1893 Rustico
1126 1862 1161 1893 et
1185 1857 1385 1893 Eleutherio
1413 1887 1422 1895 .
1497 1881 1511 1886 -
1558 1863 1627 1896 686

291 1939 306 1943 -
356 1917 472 1953 CLIV.
520 1917 569 1951 Ile
594 1922 715 1951 sancto
743 1916 879 1950 Calixto
919 1941 1444 1952 ..........
1496 1938 1511 1943 -
1559 1919 1626 1952 686

291 1995 306 2000 -
354 1973 455 2011 CLV.
500 1974 550 2008 De
578 1978 700 2008 sancto
726 1972 912 2007 Leonardo
945 1995 1423 2008 .........
1558 1974 1626 2007 687

293 2052 306 2056 -
356 2029 470 2064 CLVI.
522 2030 572 2064 De
598 2034 718 2064 sancto
744 2030 840 2063 Luca
868 2028 1088 2073 evangelista
1142 2053 1444 2065 ......
1499 2049 1513 2054 -
1561 2030 1627 2063 692

294 2108 308 2113 -
358 2086 486 2121 CLVII.
535 2087 585 2121 De
613 2089 734 2119 sancto
763 2085 923 2119 Crisanto
948 2090 983 2119 et
1007 2085 1115 2119 Dar-ia
1192 2109 1426 2121 .....
1498 2106 1512 2110 -
1560 2087 1628 2119 766

292 2165 306 2169 -
355 2142 501 2179 CLVIII.
550 2142 598 2177 De
623 2142 777 2177 undecim
810 2140 963 2176 millibus
990 2142 1159 2187 virginum
1207 2162 1512 2177 ......
1559 2143 1627 2176 761.

295 2222 307 2225 -
357 2199 476 2234 CLIX.
522 2198 571 2232 De
597 2199 725 2232 sanctis
752 2198 898 2242 Symone
925 2202 959 2233 et
981 2197 1074 2232 Juda
1099 2196 1272 2242 apostolis
1298 2223 1305 2231 .
1356 2223 1363 2231 .
1413 2221 1422 2234 .
1498 2219 1512 2223 -
1559 2199 1628 2233 765

294 2278 307 2282 -
357 2255 459 2291 CLX.
509 2254 560 2289 I)e
586 2258 707 2287 saneto
735 2255 898 2293 Qutntino
973 2277 1449 2292 .........
1500 2275 1514 2279 -
1561 2254 1628 2288 711

293 2334 308 2339 -
358 2311 474 2347 CLXI.
520 2311 570 2346 Ile
597 2315 717 2345 sancto
742 2310 932 2345 Eustaeliio
1007 2333 1429 2348 ........
1499 2329 1516 2337 -
1561 2311 1628 2345 712

293 2390 307 2395 -
357 2367 491 2404 CLXII.
540 2367 590 2401 lle
614 2367 773 2401 omnibus
795 2369 926 2401 sanctis
976 2390 1450 2405 .........
1501 2389 1516 2393 -
1562 2367 1629 2401 718

293 2445 309 2451 -
357 2423 506 2460 CLXlII.
555 2424 604 2458 lle
629 2424 953 2458 commemoratione
981 2425 1169 2458 animarum
1198 2450 1205 2458 .
1252 2448 1263 2459 .
1309 2449 1318 2458 .
1365 2449 1372 2457 .
1421 2449 1429 2458 .
1562 2424 1630 2458 728

294 2501 309 2506 -
357 2479 508 2517 CLXIV.
556 2479 605 2514 De
632 2484 781 2525 quatuor
804 2481 982 2514 coronans
1031 2503 1385 2517 .......
1442 2505 1453 2516 .
1562 2479 1630 2512 739

295 2557 310 2563 -
359 2536 493 2570 CLXV.
542 2536 592 2570 lle
617 2541 738 2570 sancto
769 2535 961 2570 Theodoro
1012 2559 1426 2572 ........
1562 2534 1630 2568 740

294 2614 311 2619 --
358 2591 508 2626 CLXVI.
559 2592 608 2626 Ile
633 2597 754 2626 sancto
778 2591 930 2626 martino
961 2594 1128 2637 episcopo
1164 2616 1454 2630 ......
1501 2610 1518 2616 -
1563 2591 1630 2625 741

361 2647 526 2682 CLXVII.
576 2648 625 2682 I)e
651 2653 770 2682 sancto
798 2648 932 2682 Briccio
1014 2673 1427 2686 ........
1501 2667 1516 2673 -
1563 2645 1629 2680 701

298 2725 312 2730 -
361 2702 541 2738 CLXVIII.
593 2704 642 2738 Ile
668 2709 787 2739 saneta
813 2703 995 2740 EIIzabetli
1043 2729 1454 2741 ........
1502 2723 1516 2728 -
1563 2701 1631 2735 752
