1742 3005
233 88 315 126 430
539 89 635 137 Cap.
669 88 713 124 C.
773 87 831 124 De
863 95 993 125 sancto
1027 88 1320 139 Christophoro.
1354 110 1364 113 κ

234 197 268 228 iu
293 194 415 239 vigilia
439 194 552 228 saneti
576 191 698 227 Jacobi
724 193 756 225 in
783 191 931 237 quodam
950 198 1080 235 castro,
1107 194 1199 238 quod
1219 194 1346 228 dicitur
1361 194 1511 235 Pratum,
1537 196 1627 228 inter

235 260 443 294 Florentiam
470 263 503 292 et
528 258 713 292 Pistorium
748 258 838 299 sito,
871 259 1012 302 juvenis
1045 258 1184 303 qnidam
1213 261 1345 294 rustica
1369 260 1516 306 quadam
1543 262 1624 294 sim-

233 326 387 370 plicitate
417 324 584 368 deceptus
621 325 654 357 in
689 327 831 369 segetes
865 325 990 357 tutoris
1025 325 1077 357 sui
1104 325 1220 369 ignem
1245 327 1431 369 apposuit,
1464 338 1504 360 eo
1532 326 1625 371 quod

233 390 462 426 hereditatem
487 400 584 424 suam
611 389 680 423 sibi
707 399 878 434 usurpare
905 389 1056 423 volebat.
1108 389 1242 425 Tentus
1269 392 1376 436 igitur
1393 396 1426 425 et
1441 393 1624 426 consessus

231 457 274 491 ad
301 457 444 491 caudam
468 457 548 501 equi
573 455 764 490 trahendus
791 455 952 490 incendio
992 455 1216 501 adjudicatus
1250 461 1320 491 est:
1354 458 1412 501 qui
1446 461 1624 500 peccatum

230 523 397 557 coulitens
424 526 459 556 et
483 525 605 555 sancto
629 520 763 556 Jacobo
789 531 828 555 se
853 521 1032 556 devovens
1059 531 1133 556 cum
1160 533 1266 567 super
1295 526 1423 556 terrain
1449 527 1624 567 petrosam

231 592 265 623 iu
290 588 368 623 sola
401 588 546 622 camisia
570 590 700 621 tractus
728 587 876 628 suisset,
915 598 976 622 uec
1011 588 1044 621 in
1078 597 1228 632 corpore
1253 599 1315 622 nec
1342 589 1486 623 camisia
1513 590 1625 623 sensit

232 655 382 699 aliquam
416 654 618 686 laesionem.
670 652 827 687 Tandem
863 652 907 686 ad
943 653 1057 697 palum
1091 653 1241 698 ligatur,
1278 653 1375 699 ligna
1399 654 1627 699 undecimque

231 723 479 764 congeruntur,
507 719 587 763 igne
614 719 798 762 supposito
825 717 924 763 ligna
949 723 984 752 et
1008 719 1147 752 vincula
1171 719 1430 762 comburuntur,
1457 719 1520 754 sed
1548 721 1626 764 ipso

232 772 369 828 semper
402 783 541 817 beatum
578 782 745 817 Jacobum
782 784 964 818 invocante
1002 794 1065 817 nec
1098 786 1131 817 in
1159 767 1304 818 camisia
1330 786 1452 819 necin
1479 795 1627 830 corpore

231 852 352 896 aliqua
377 851 487 884 laesio
515 849 697 893 reperitur.
750 848 857 887 Quem
884 848 960 882 dum
988 850 1021 882 in
1045 850 1159 894 ignem
1187 849 1317 883 vellent
1331 851 1458 883 iterato
1479 851 1626 890 mittere,

233 928 253 951 a
281 916 409 961 populo
435 916 583 960 eripitur
608 918 643 949 et
666 914 759 949 Deus
784 916 819 948 in
846 914 1011 958 apostolo
1037 915 1219 961 magnifiee
1245 915 1475 950 collaudatur.

739 1112 864 1177 GAP.
899 1116 945 1177 G.
985 1117 1116 1180 (95.)

493 1218 592 1262 De
632 1218 853 1262 sancto
893 1215 1363 1275 christophore.

323 1314 597 1360 Christophorus
631 1319 710 1350 ante
744 1314 953 1359 baptismum
985 1315 1170 1350 dicebatur
1193 1314 1396 1360 Reprobas,
1432 1313 1493 1349 sed
1528 1319 1627 1359 post-

234 1381 369 1416 modum
396 1381 672 1426 Christophorus
700 1381 905 1424 dictus'est,
932 1382 1033 1427 quasi
1057 1380 1231 1415 Christum
1259 1380 1388 1422 serens,
1416 1390 1458 1415 eo
1481 1380 1627 1420 scilicet,

234 1448 327 1493 quod
355 1447 527 1482 Christum
554 1451 705 1493 quatuor
729 1438 840 1482 medis
867 1448 1043 1493 portavit,
1070 1446 1205 1481 seilicet
1231 1448 1263 1480 in
1293 1446 1446 1481 humeris
1471 1457 1534 1491 per
1556 1451 1629 1480 tra-

235 1513 452 1556 ductionem,
480 1515 514 1547 in
541 1524 689 1558 corpore
715 1523 778 1558 per
803 1514 1087 1555 macerationem,
1115 1514 1146 1546 in
1173 1516 1285 1547 mente
1310 1523 1373 1558 per
1397 1513 1628 1553 devotionem,

233 1581 268 1613 in
294 1590 354 1614 ore
380 1590 443 1624 per
468 1579 725 1614 confessionem
750 1581 826 1614 sive
851 1579 1162 1624 praedicationem.

325 1644 602 1689 christophorus
636 1649 741 1690 gente
770 1646 999 1688 cananaeus,
1036 1645 1309 1689 procerissimae
1335 1648 1492 1679 staturae
1515 1642 1628 1678 vultu-

235 1722 301 1756 que
332 1711 484 1745 terribili
519 1715 594 1744 erat
627 1715 661 1745 et
693 1711 757 1745 XlI
790 1712 927 1745 cubitos
962 1713 995 1744 in
1029 1711 1250 1756 longitudine
1281 1710 1500 1756 possidebat.
1550 1709 1630 1748 Qui,

235 1781 271 1809 ut
296 1777 329 1809 iu
355 1776 561 1820 quibusdam
586 1777 699 1820 gestis
726 1770 798 1810 suls
825 1776 973 1821 legitur,
1006 1786 1081 1810 cum
1116 1780 1226 1810 staret
1258 1786 1332 1809 cum
1367 1774 1517 1820 quodam
1545 1784 1628 1819 rege

235 1842 520 1881 Canauaeorum,
556 1841 649 1874 venit
674 1841 742 1874 sibi
771 1843 801 1875 in
829 1845 957 1882 mente,
994 1845 1031 1874 ut
1056 1842 1221 1886 majorem
1249 1842 1464 1886 principem,
1503 1841 1559 1884 qui
1595 1840 1629 1872 iu

236 1906 360 1940 mundo
387 1911 501 1948 esset,
536 1911 723 1951 quaereret
755 1911 789 1940 et
813 1906 857 1940 ad
891 1906 1035 1940 eundem
1064 1916 1180 1940 secum
1207 1911 1402 1941 moraturus
1431 1905 1629 1939 accederet.

236 1972 337 2006 Venit
364 1973 472 2017 igitur
496 1973 538 2007 ad
566 1972 736 2017 quendam
763 1973 943 2005 maximum
971 1982 1109 2017 regem,
1146 1972 1188 2007 de
1222 1982 1290 2017 quo
1324 1971 1502 2016 generalis
1539 1971 1630 2004 sama

237 2037 450 2078 habebatur,
487 2037 577 2082 quod
605 2040 770 2082 majorem
806 2037 950 2070 muudus
987 2038 1176 2082 principem
1210 2048 1277 2071 non
1312 2036 1470 2071 haberet.
1520 2036 1627 2075 Quem

238 2113 296 2136 rex
335 2102 456 2136 videns
493 2102 642 2137 libenter
677 2104 809 2147 recepit
844 2106 877 2137 et
907 2104 939 2136 in
968 2113 1031 2136 sua
1055 2104 1153 2137 curia
1177 2112 1316 2137 manere
1344 2102 1446 2143 fecit,
1480 2100 1628 2146 quodam

236 2172 348 2202 autem
376 2167 432 2202 die
457 2168 638 2212 joculator
662 2168 804 2213 quidam
831 2169 1026 2203 cautionem
1051 2178 1167 2202 coram
1195 2178 1279 2213 rege
1299 2167 1477 2207 cantabat,
1505 2168 1538 2199 in
1561 2162 1629 2210 qua

236 2233 438 2277 frequenter
454 2233 637 2277 (¹.S³¹1)()¹¹¹¹¹¹
658 2232 869 2267 nominabat.
918 2232 989 2268 Rex
1010 2237 1122 2269 autem
1143 2244 1216 2267 cuni
1237 2233 1335 2267 iidem
1362 2232 1491 2267 Christi
1519 2231 1628 2266 habe-

237 2302 310 2340 ret,
343 2309 590 2344 quemcumque
624 2298 810 2342 dyabolum
843 2300 1015 2332 nominari
1040 2298 1226 2340 audiebat,
1260 2299 1420 2343 protinus
1447 2297 1628 2332 infaciem

235 2373 332 2398 suam
372 2365 485 2397 crucis
518 2363 734 2409 signaculum
771 2363 1012 2408 imprimebat,
1055 2364 1147 2409 quod
1188 2363 1310 2399 videns
1353 2362 1628 2407 Christophorus

235 2429 417 2472 plurimum
455 2428 715 2471 admirabatur,
751 2440 811 2463 cur
845 2428 910 2463 hoc
945 2439 1005 2463 rex
1032 2433 1157 2474 ageret
1182 2433 1216 2463 et
1240 2428 1404 2474 quidnam
1430 2426 1627 2473 hujusmodi

234 2495 369 2537 siguum
407 2494 475 2528 sibi
510 2495 625 2529 vellet.
677 2494 759 2528 (lum
796 2499 910 2529 autem
943 2494 985 2529 de
1020 2493 1085 2528 hac
1120 2505 1156 2529 re
1191 2504 1307 2539 regem
1334 2495 1568 2537 interrogaret
1595 2496 1629 2525 et

234 2558 292 2590 ille
322 2558 386 2592 hoc
412 2559 479 2592 sibi
506 2559 732 2594 manifestare
761 2559 889 2600 nollet,
933 2559 1116 2604 respoudit
1143 2558 1432 2603 Christophorus:
1468 2557 1533 2589 nisi
1562 2555 1628 2589 hoc

236 2622 318 2655 mihi
348 2624 498 2665 dixeris,
534 2629 646 2659 tecum
674 2624 818 2659 ulterius
845 2635 913 2658 non
939 2623 1095 2659 manebo.
1147 2624 1369 2668 Quapropter
1394 2625 1536 2656 coactus
1567 2631 1629 2655 rex

238 2687 327 2720 (lixit
358 2688 407 2720 ei:
441 2698 687 2733 quemcumque
722 2689 906 2734 dyabolum
942 2690 1112 2724 nominari
1152 2687 1277 2728 audio,
1324 2686 1390 2721 hoe
1432 2687 1535 2732 signo
1578 2695 1629 2721 me
