1742 3005
219 118 294 155 164
353 118 447 168 (lap.
480 115 668 153 XXXVII.
709 112 768 151 De
800 112 1063 164 purificatione
1095 114 1228 152 beatae
1259 112 1402 151 Mariae
1431 112 1595 163 virginis.

214 225 279 265 vit,
333 225 367 256 ut
401 221 533 255 scilicet
563 217 744 254 christiani
777 216 823 252 ad
855 216 1020 252 honorem
1045 221 1187 253 sanctae
1209 219 1330 253 matris
1355 217 1484 252 domiui
1509 220 1599 252 omui

215 299 304 323 auno
335 289 367 320 in
393 286 456 319 hac
483 284 538 320 die
560 288 670 318 totum
696 282 854 318 mundum
879 293 954 317 cuin
981 285 1138 318 accensis
1170 283 1324 318 candelis
1349 287 1383 319 et
1407 282 1598 319 benedictis

213 355 324 388 cereis
349 352 582 393 illustrarent,
609 353 645 384 ut
671 350 873 385 solemnitas
899 347 1035 394 quidem
1061 352 1191 391 staret,
1225 348 1287 383 sed
1313 349 1385 383 alia
1409 351 1599 385 intentione

214 420 322 453 lieret.
395 416 554 452 Secundo
590 419 735 461 propter
767 413 1016 449 ostendendam
1042 415 1187 459 virginis
1214 415 1410 459 puritatem.
1482 415 1601 460 Aliqui

214 487 302 520 enim
328 484 510 519 audientes
534 483 700 527 virginem
728 481 942 525 purificatam
968 483 1114 524 possunt
1137 479 1280 514 credere
1303 481 1414 525 ipsam
1439 480 1600 525 purifica-

214 554 308 586 tione
333 549 540 595 indiguisse.
597 547 639 582 Ut
665 557 748 581 vero
772 546 999 589 ostendatur,
1048 545 1140 590 quod
1166 549 1241 579 tota
1269 545 1332 579 fuit
1357 547 1544 590 purissima
1569 549 1603 580 et

215 616 419 663 splendida,
459 614 539 648 ideo
564 613 739 647 ordinavit
763 612 933 654 ecclesia,
984 615 1021 645 ut
1044 611 1234 645 luminosos
1261 620 1381 645 cereos
1406 610 1602 657 bajulemus

217 694 257 717 ae
281 684 311 717 si
335 683 368 715 in
388 683 466 726 ipso
492 680 584 713 iacto
611 679 703 712 dicat
727 677 896 711 ecclesia:
939 678 1039 723 virgo
1064 677 1169 711 beata
1192 676 1432 721 purificatione
1457 688 1526 711 non
1549 679 1601 711 in-

217 749 338 794 diges,
392 746 454 780 sed
487 748 562 778 tota
588 743 732 785 rutilas,
779 746 855 776 tota
886 742 1061 787 splendes.
1118 741 1210 789 Yere
1244 744 1331 777 enim
1364 743 1603 788 purificatione

217 825 286 848 non
309 810 508 857 indigebat,
543 819 632 854 quae
658 818 701 842 ex
725 811 889 852 suscepto
914 809 1044 842 semine
1070 818 1139 840 non
1162 812 1389 852 conceperat,
1417 809 1504 842 etin
1530 818 1602 842 ma-

215 881 279 914 tris
305 883 404 912 utero
429 875 680 921 perfectissime
707 873 872 908 mundata
898 877 932 907 et
957 872 1173 907 sanctificata
1198 877 1285 907 erat.
1357 873 1456 908 Adeo
1491 877 1603 908 autem

219 948 282 980 fuit
307 947 341 978 in
367 943 485 977 matris
511 945 609 975 utero
634 945 668 975 et
694 942 728 974 in
753 939 905 974 adventu
930 940 1074 984 spiritus
1101 940 1212 972 sancti
1235 938 1432 984 glorificata
1459 943 1604 974 ctinun-

219 1012 323 1052 data,
375 1007 466 1054 quod
502 1017 568 1041 non
603 1006 713 1040 solum
747 1005 889 1051 aliquod
924 1005 1200 1038 inclinainentum
1229 1004 1274 1038 ad
1299 1009 1477 1050 peccatum
1502 1007 1535 1039 in
1561 1016 1604 1041 ea

221 1078 357 1122 penitus
395 1085 462 1108 uon
497 1073 683 1113 remansit,
730 1071 794 1106 sed
827 1072 929 1105 etiam
963 1072 1072 1105 virtus
1098 1072 1294 1104 sanctitatis
1322 1072 1399 1116 ejus
1422 1082 1532 1116 usque
1559 1072 1604 1106 ad

220 1143 310 1176 alios
336 1139 589 1176 extendebatur
613 1142 647 1172 et
670 1136 1000 1179 transfundebatur,
1033 1138 1081 1170 ita
1108 1136 1200 1181 quod
1225 1138 1258 1169 in
1285 1136 1364 1170 aliis
1390 1147 1508 1173 omnes
1531 1149 1605 1173 nio-

221 1215 275 1243 tus
300 1206 451 1242 carnalis
476 1203 779 1249 concupiscentiae
805 1201 1046 1248 extinguebat,
1093 1201 1189 1237 Unde
1216 1201 1483 1246 dicuntJudaei,
1512 1204 1604 1250 quod

220 1285 294 1308 cum
320 1272 437 1308 Maria
460 1269 692 1315 pulcherrima
718 1268 840 1311 fuerit,
867 1278 887 1302 a
911 1268 1005 1302 nullo
1032 1272 1147 1303 tamen
1171 1278 1319 1313 unquam
1345 1271 1457 1314 potuit
1480 1280 1605 1306 concu—

223 1340 331 1385 pisci,
367 1341 401 1371 et
426 1337 515 1370 ratio
542 1339 614 1377 est,
657 1335 738 1379 quia
763 1335 872 1368 virtus
899 1344 983 1368 suae
1007 1334 1180 1368 castitatis
1204 1338 1344 1369 cunctos
1371 1335 1606 1381 adspicientes

221 1402 430 1451 penetrabat
454 1406 488 1436 et
509 1410 626 1435 omnes
652 1401 687 1433 in
716 1401 758 1433 iis
792 1401 1091 1445 concupiscentias
1117 1399 1321 1444 repellebat.
1392 1400 1489 1436 Unde
1514 1412 1607 1436 com-

224 1474 370 1516 paratur
395 1467 512 1509 cedro,
540 1468 621 1512 quia
645 1466 734 1499 sicut
758 1464 881 1500 cedrus
909 1469 1090 1510 serpentes
1117 1464 1224 1500 odore
1248 1466 1427 1510 interficit,
1455 1469 1503 1502 ita
1529 1470 1605 1514 ejus

224 1536 452 1570 sanctificatio
477 1535 511 1566 iu
537 1533 616 1566 aliis
642 1530 823 1574 radiabat,
865 1535 901 1565 ut
927 1541 1045 1565 omnes
1073 1535 1184 1565 motus
1211 1532 1244 1564 in
1267 1541 1370 1566 carne
1403 1533 1435 1577 ¹)
1461 1544 1606 1579 serpen-

223 1606 275 1636 tes
301 1599 493 1634 occidebat.
565 1598 796 1641 Compar-atur
821 1598 924 1631 etiam
951 1595 1130 1641 myrrhae,
1173 1599 1255 1642 quia
1280 1598 1369 1631 sicut
1392 1599 1529 1644 myrrha
1555 1601 1607 1634 in-

224 1667 347 1702 terlicit
374 1675 528 1707 verines,
562 1658 612 1698 sic
637 1663 713 1708 ejus
738 1664 905 1696 sanctitas
932 1664 1229 1707 concupiscentias
1254 1663 1433 1707 carnales,
1462 1669 1496 1699 et
1521 1665 1608 1700 hanc-

226 1732 509 1777 praerogativam
521 1729 640 1763 habuit
658 1729 905 1773 praecaeteris
921 1728 1145 1762 sanctificatis
1170 1730 1205 1761 in
1233 1733 1331 1763 utero
1354 1733 1387 1764 et
1403 1731 1608 1777 virginibus,

227 1800 309 1843 quia
344 1807 461 1832 eorum
495 1796 662 1829 sanctitas
693 1798 727 1829 et
762 1796 905 1828 castitas
942 1795 973 1827 in
1001 1793 1090 1828 alios
1116 1805 1185 1827 non
1215 1794 1526 1831 transfundebatur
1547 1808 1610 1832 nec

226 1862 385 1898 carnales
412 1865 522 1895 motus
548 1862 581 1894 in
610 1860 688 1894 aliis
714 1860 981 1905 exstinguebat,
1024 1861 1132 1893 virtus
1159 1864 1273 1894 autent
1298 1862 1470 1895 castitatis
1499 1864 1609 1908 virgi-

227 1931 279 1964 nis
314 1930 415 1963 etiam
450 1926 697 1972 impudicorum
732 1925 839 1959 corda
869 1925 1065 1959 medullitus
1102 1924 1310 1970 penetrabat
1344 1929 1377 1960 et
1404 1936 1446 1961 ea
1471 1938 1538 1972 quo
1565 1928 1608 1962 ad

227 1997 336 2040 ipsam
371 1995 528 2039 protinus
563 1996 661 2026 casta
695 1990 874 2025 reddebat.
945 1990 1066 2025 Tertio
1103 1995 1248 2036 propter
1280 1993 1611 2036 repraesentandam

225 2061 426 2095 hodiernam
452 2059 723 2104 processionem.
771 2057 857 2091 Nam
883 2056 998 2091 Maria
1024 2060 1058 2090 ct
1081 2056 1213 2102 Joseph
1235 2061 1270 2091 et
1294 2057 1441 2102 S51ne0n
1466 2058 1612 2093 etAnna

228 2126 330 2160 hodie
358 2124 596 2159 honorabilem
624 2123 881 2168 processionem
920 2122 1074 2157 feceruut
1100 2126 1134 2156 et
1160 2133 1301 2167 puerum
1325 2121 1442 2157 Jesum
1467 2124 1501 2158 in
1525 2128 1610 2159 tem-

229 2192 319 2237 plum
348 2194 671 2236 praesentaverunt.
733 2188 790 2222 Sic
816 2192 849 2222 et
874 2199 937 2221 nos
963 2189 1220 2232 processionem
1248 2187 1390 2222 facimus
1418 2192 1452 2222 et
1475 2199 1610 2223 cereum

228 2267 429 2298 accensum,
478 2266 541 2299 per
565 2264 662 2298 quem
689 2254 905 2297 significatur
938 2252 1061 2294 Jesus,
1114 2253 1147 2285 in
1175 2252 1333 2287 manibus
1358 2252 1554 2299 bajulamus
1579 2259 1614 2290 et

231 2333 339 2367 usquc
372 2323 404 2355 iu
440 2321 607 2355 ecclesias
641 2318 839 2352 deferimus.
913 2317 997 2352 Tria
1025 2319 1112 2352 enim
1146 2322 1225 2352 sunt
1251 2319 1284 2351 in
1308 2329 1408 2353 cera:
1455 2310 1612 2365 lychnus,

228 2398 309 2423 cera
336 2390 370 2421 et
394 2388 496 2433 ignis.
542 2384 609 2418 Per
634 2383 720 2417 haec
746 2383 987 2429 significantur
1011 2385 1089 2425 tria,
1118 2394 1208 2428 quae
1237 2383 1374 2418 fuerunt
1399 2385 1431 2418 in
1460 2384 1611 2427 Christo,

230 2463 306 2487 nam
331 2454 399 2487 tria
424 2450 621 2497 significant
646 2459 783 2483 carnem
811 2448 962 2491 Christi,
1009 2460 1098 2495 quae
1134 2453 1217 2483 nata
1249 2453 1302 2484 est
1336 2449 1378 2484 (le
1403 2449 1519 2485 Maria
1544 2451 1612 2484 vir-

232 2520 313 2559 gine
339 2520 414 2552 sine
440 2517 663 2560 corruptione
687 2516 823 2557 carnis,
873 2516 962 2548 sicut
987 2525 1073 2560 apes
1097 2525 1210 2550 ceram
1237 2517 1385 2561 gignunt
1405 2516 1479 2548 sine
1506 2514 1612 2548 alter-

234 2587 342 2616 utrum
366 2583 629 2622 eonnnixtionc,
658 2580 800 2625 l3chnus
827 2582 859 2615 in
884 2590 962 2615 cera
990 2581 1101 2615 latens
1126 2580 1297 2626 significat
1325 2580 1469 2613 animam
1495 2579 1614 2613 candi-

301 2727 327 2755 ll
348 2728 465 2752 vaont.
487 2734 598 2757 svrpae·
609 2724 691 2751 utin
703 2733 740 2750 os
761 2735 779 2758 p
790 2723 998 2752 assianum
1020 2722 1096 2750 mat<-
1116 2721 1223 2755 legunt.
