1742 3005
369 79 464 127 Cap.
499 77 668 114 cxcix.
727 78 786 114 De
825 86 953 114 sancto
984 79 1157 115 Erasino.
1374 79 1452 118 &91

70 181 298 208 christianornm
318 187 457 216 operatur
476 183 505 209 in
525 183 587 211 illo.
626 187 658 210 Et
687 193 753 210 ecce
779 184 878 210 subito
905 190 948 212 est
975 185 1071 213 sactus
1090 190 1185 212 terrae
1204 190 1302 213 motus
1321 195 1453 219 magnus,

70 226 209 259 tonitrua,
227 228 459 259 coruscationes,
480 228 520 254 ita
540 233 571 254 nt
590 237 685 262 paene
704 228 790 254 tertia
810 239 879 263 pars
899 229 1003 264 populi
1023 235 1195 257 moreretur.
1231 230 1362 262 Angelus
1380 240 1452 257 vero

70 271 184 298 domini
213 281 279 298 cnm
304 277 408 299 sancto
435 275 556 299 Erasmo
583 273 682 300 stabat
709 278 737 300 ot
767 282 871 300 caecos
899 273 1034 301 homines
1054 274 1092 300 ad
1113 274 1219 302 Christi
1239 275 1338 301 lumen
1358 275 1453 302 dedu-

70 316 165 344 cebat.
201 320 367 351 imperator
392 321 491 343 autem
514 317 632 349 fugiens
657 318 742 351 quasi
776 319 898 349 timeus,
930 318 1083 345 civitatem
1118 319 1155 345 ab
1188 319 1230 345 ira
1260 319 1315 345 Dei
1347 319 1453 353 perire,

68 361 185 388 loeutus
205 366 250 388 est
269 361 306 388 ad
325 361 473 396 populum
492 366 521 388 et
541 361 634 388 dixit.—
656 363 725 394 iste,
746 372 833 396 quem
853 362 990 394 vidistis,
1010 366 1104 389 Deum
1124 363 1363 397 blasphemavit5
1383 363 1452 389 ideo

69 405 137 432 talis
156 411 202 433 est
221 406 420 434 conturbatio.
457 409 542 432 Tunc
567 406 729 440 imperator
755 407 887 441 repletus
912 407 1013 433 surore
1039 408 1126 440 jussit
1153 409 1272 434 beatum
1299 410 1453 434 Erasmum

68 451 98 477 in
124 460 272 478 carcerem
297 450 447 488 introduci
471 454 500 477 et
526 454 577 477 Lx
602 450 737 484 pondera
763 450 834 477 ferri
857 450 890 477 in*
912 450 1060 478 cervicem
1087 452 1135 478 vel
1163 452 1193 478 in
1225 452 1362 478 manibus
1389 454 1452 486 ejus

67 495 156 530 poni,
184 500 213 522 et
231 496 385 531 praecepit
403 495 561 526 ministris,
588 494 613 521 si
632 494 697 527 quis
718 495 858 522 inventus
877 494 984 522 suisset
1003 506 1111 530 panem
1130 496 1179 522 vel
1200 505 1306 529 aquam
1325 497 1353 523 ei
1372 496 1451 527 dare,

65 544 161 567 morte
184 545 358 568 moreretur.
394 544 429 567 Et
454 539 588 567 fecerunt
614 538 757 570 ministri,
784 539 858 566 sicut
883 531 1042 573 imperavit
1069 541 1116 567 iis.
1160 544 1326 575 Imperator
1351 546 1449 567 autem

66 584 177 611 annulo
196 594 250 612 suo
268 585 398 617 signavit
417 584 527 611 ostium
547 583 671 610 carceris
691 587 720 609 et
739 582 815 610 circa
841 583 971 611 mediam
995 589 1114 612 noctem
1139 585 1319 613 exclamavit
1345 586 1451 613 beatus

65 632 203 656 Erasmus
221 629 261 656 ad
279 629 434 656 dominum
460 628 577 654 dicens:
604 627 725 654 domine
751 630 822 654 Jesu
849 628 980 661 Christe,
1009 629 1141 657 accelera
1164 635 1194 658 et
1219 630 1300 665 eripe
1324 640 1387 663 me,
1414 641 1450 657 ne

65 673 206 706 glorietur
222 673 361 700 inimicus
379 673 409 700 in
428 673 524 701 servis
542 672 611 704 tuis,
630 681 666 699 ue
685 671 786 699 dicant
805 677 921 704 gentes:
940 674 992 701 ubi
1011 680 1056 702 est
1075 678 1154 703 Deus
1174 683 1292 703 eorum.»
1327 679 1362 702 Et
1381 685 1449 702 ecce

65 718 164 746 subito
183 727 282 745 carcer
299 718 398 745 illuxit
418 722 446 745 et
465 717 623 750 fragravit,
647 716 732 750 quasi
758 716 867 744 suisset
891 719 1074 746 aromatibus
1100 720 1224 754 plenus,
1249 725 1278 747 et
1297 720 1363 747 visa
1381 726 1450 750 suut

63 763 148 790 velut
171 765 228 789 ΧΠ
255 763 435 789 candelabra
462 762 598 789 ardentia
625 767 693 789 ante
720 762 840 788 beatum
868 766 1020 790 Erasmum
1046 765 1197 792 martirem
1216 770 1245 792 et
1264 765 1450 800 episcopum.

61 807 192 841 Angelus
210 807 326 835 domini
343 807 495 840 ingressus
512 807 611 834 fuerat
629 806 668 833 ad
686 816 753 833 eum
774 806 892 835 dicens:
914 811 1047 841 Erasme,
1075 819 1143 837 ecce
1170 818 1224 842 ego
1250 810 1320 837 veni
1347 810 1384 836 ad
1410 814 1449 840 te,

62 858 92 880 et
119 852 222 880 statim
253 852 450 887 liquefactum
482 856 528 879 est
557 852 669 878 serrum
699 856 850 884 tamquam
885 861 951 878 cera
985 858 1013 880 et
1040 854 1070 880 in
1094 855 1194 881 medio
1220 863 1322 881 eornm
1348 855 1448 881 stabat

62 897 194 933 psallens
213 902 243 925 et
260 897 460 924 benedicebat
479 900 574 923 Deum
593 895 711 922 dicens:
731 895 908 923 benedictus
927 906 974 930 eS,
995 898 1125 931 domine,
1145 900 1194 932 qui
1214 898 1313 926 fecisti
1332 898 1449 925 coe-hun

62 948 91 970 et
110 948 234 975 terram,
263 942 309 970 cui
333 942 454 969 adstant
479 940 576 973 angeli
602 945 631 967 et
657 939 826 971 archangeli
845 949 911 966 cum
930 946 1059 969 tremore
1079 948 1106 969 et
1127 952 1266 970 numerus
1286 943 1448 975 martirum,

60 988 113 1021 qui
130 987 213 1022 passi
231 991 300 1014 sunt
319 991 442 1021 propter
460 991 505 1018 te,
532 985 583 1019 qui
606 984 704 1012 fecisti
731 983 967 1012 misericordiam
994 997 1060 1013 enm
1087 996 1175 1014 servo
1194 992 1246 1015 tuo
1265 993 1293 1015 et
1312 988 1447 1016 liberasti

61 1032 191 1060 animam
208 1041 305 1059 meam
324 1032 362 1058 de
380 1031 518 1058 manibus
537 1030 740 1061 inimicorum,
766 1029 842 1056 sicut
861 1029 998 1057 liberasti
1017 1032 1142 1065 Sydrac,
1168 1035 1270 1066 Mysac
1296 1038 1324 1060 et
1343 1033 1447 1060 Abde-

60 1086 136 1110 nago
155 1077 193 1105 de
211 1076 312 1104 medio
330 1075 459 1103 fornacis
478 1075 554 1107 ignis
574 1074 706 1101 ardentis
726 1079 755 1101 et
774 1073 812 1100 de
832 1084 918 1101 mann
935 1077 1209 1104 Nabuchodonosor
1225 1078 1311 1111 regis,
1330 1083 1358 1104 et
1371 1078 1447 1105 sicut

58 1122 216 1149 Danielem
241 1131 361 1149 servum
387 1125 472 1147 tuum
497 1119 536 1147 de
561 1119 630 1146 lacu
656 1119 777 1146 leonum
803 1124 832 1146 et
858 1121 961 1147 oblato
986 1122 1115 1157 prandio
1141 1132 1194 1157 per
1217 1122 1359 1149 Abacuch
1377 1132 1448 1157 pro-

23 1198 30 1203 ,
58 1167 181 1202 phetam
199 1165 358 1198 saturasti,
381 1169 410 1192 et
437 1167 604 1192 Susannam
630 1165 668 1191 de
687 1164 764 1191 salso
784 1165 906 1192 crimine
926 1166 1077 1199 liberasti,
1105 1167 1146 1193 ita
1166 1171 1193 1194 et
1214 1177 1329 1194 mecum
1347 1167 1447 1196 fecisti

58 1210 304 1238 misericordiam.
339 1213 375 1237 Et
401 1219 469 1236 ecce
488 1210 611 1242 angelus
630 1209 744 1236 domiui
763 1209 838 1237 dixit
858 1211 896 1237 ad
922 1221 1003 1238 eum:
1032 1215 1165 1243 wasme,
1193 1221 1317 1244 exsurge
1336 1218 1365 1239 et
1384 1223 1446 1239 am-

57 1255 130 1282 bula
147 1265 263 1283 mecum
283 1263 377 1288 nsque
395 1254 426 1281 in
445 1255 575 1287 Italiam,
594 1255 638 1281 ibi
657 1252 713 1281 tibi
732 1258 811 1282 Deus
830 1261 981 1283 aeternam
1001 1257 1094 1284 vitam
1115 1257 1227 1283 tribuet
1246 1257 1275 1284 in
1294 1257 1446 1285 saeculum

58 1300 179 1329 saeculi.
198 1303 235 1327 Et
255 1299 341 1333 quasi
357 1299 497 1326 columba
505 1299 612 1326 Christi
626 1299 773 1334 plaudens
790 1300 833 1327 sic
850 1301 879 1327 in
894 1303 1021 1334 Lugrido
1040 1301 1189 1337 deposuit.
1225 1301 1293 1328 Alia
1309 1311 1382 1329 vero
1397 1303 1446 1329 die

56 1346 220 1381 imperator
238 1353 358 1372 currens
374 1343 414 1370 ad
432 1353 580 1371 carcerem
599 1344 748 1376 signatum
767 1346 868 1372 annuli
888 1347 935 1373 sni
953 1347 1083 1379 invenit,
1103 1356 1229 1379 cumque
1248 1346 1445 1380 designasset,

58 1390 214 1426 praecepit
225 1389 384 1416 ministris:
404 1389 544 1415 adducite
554 1398 681 1421 magum,
701 1389 839 1422 quiDeos
851 1400 993 1426 meospro
1003 1392 1097 1419 nihilo
1109 1391 1189 1418 fecit.
1208 1392 1445 1423 Ingressiantem

57 1444 206 1463 carcerem
223 1443 369 1468 nusquam
389 1444 455 1461 eum
474 1434 669 1467 inve-nerunt,
693 1434 804 1461 serrum
823 1445 942 1469 quoqne
962 1437 1038 1463 sicut
1056 1436 1131 1463 cinis
1157 1436 1312 1463 inventum
1330 1441 1389 1467 est,
1417 1441 1445 1462 cat

57 1482 154 1508 tactus
173 1484 219 1507 est
237 1479 349 1506 clamor
366 1488 490 1511 magnus
517 1479 694 1506 dicentium:
723 1480 873 1508 homiuem
899 1491 959 1509 non
986 1482 1172 1513 invenimus,
1197 1491 1265 1507 nam
1291 1486 1319 1508 et
1346 1481 1446 1515 ipsum

56 1526 168 1553 serrum
192 1524 281 1552 nobis
307 1523 382 1551 cinis
407 1524 523 1551 videtui
554 1533 630 1552 esse.
668 1525 754 1559 Quod
778 1530 810 1552 ut
834 1527 950 1553 audivit
978 1527 1156 1562 imperator,
1182 1525 1242 1552 sibi
1267 1526 1386 1560 alapam
1415 1525 1445 1552 in

56 1572 156 1598 fronte
174 1569 320 1605 percussit
340 1569 461 1596 dicens:
486 1569 581 1602 vaeh,
605 1568 679 1595 mihi
698 1569 836 1596 delusum
856 1575 901 1597 est
920 1580 1042 1604 regnum
1069 1577 1184 1599 meum!
1211 1570 1284 1604 quid
1310 1570 1444 1597 dicturus

57 1624 107 1644 ero
133 1615 249 1651 populo
276 1621 358 1641 meo!
394 1617 544 1641 Vens—rant
570 1614 649 1641 enim
674 1615 760 1648 quasi
785 1618 835 1642 XL
859 1615 954 1642 millia
987 1617 1120 1644 virorum
1151 1621 1180 1643 et
1214 1615 1372 1642 mulierum
1406 1615 1446 1641 ad

57 1660 263 1696 spectaculum
288 1659 393 1686 militis
422 1659 545 1692 Christi,
568 1660 746 1686 turbabatur
770 1665 833 1687 tota
859 1661 966 1688 civitas
992 1662 1022 1689 in
1048 1666 1178 1688 tremore
1203 1660 1308 1692 grandi
1335 1660 1443 1694 posita,

57 1705 212 1733 christiani
238 1704 431 1732 christianum
458 1704 658 1738 quaerebant,
690 1704 801 1731 viduae.
826 1709 857 1732 et
884 1707 1011 1741 orphani
1045 1706 1223 1741 episcopum
1252 1704 1445 1737 requirebant

57 1750 210 1777 dicentes:
237 1749 311 1783 quid
328 1749 427 1777 fecisti
445 1749 568 1781 homini,
594 1755 714 1784 pastor!
750 1753 834 1777 Tunc
853 1751 1016 1786 imperator
1035 1751 1141 1778 timore
1161 1750 1337 1785 perterritus
1357 1749 1442 1781 dixit,

57 1796 127 1829 quia
145 1805 162 1822 a
179 1798 243 1822 Deo
262 1797 325 1829 ejus
343 1795 374 1822 in
392 1795 510 1822 coelum
530 1799 631 1829 raptus
650 1794 755 1822 suisset
770 1801 798 1822 et
811 1806 865 1830 per
879 1796 1044 1831 praemium
1059 1805 1198 1828 magnum
1210 1804 1241 1822 se
1256 1795 1443 1821 redemisset.

56 1844 92 1868 Lt
111 1851 177 1868 cum
194 1841 302 1868 beatus
321 1843 459 1867 Erasmus
478 1839 508 1866 in
527 1839 656 1871 Lugrido
674 1840 818 1874 venisset,
837 1841 946 1868 multos
966 1842 996 1868 iu
1016 1840 1124 1868 Christi
1143 1839 1264 1867 nomine
1283 1839 1444 1874 baptizans

58 1886 157 1912 onmia
175 1885 339 1915 virtutibus
358 1884 548 1919 operabatur,
567 1893 636 1910 nam
655 1884 788 1912 infirmos
808 1890 835 1912 et
857 1895 961 1913 caecos
981 1885 1167 1913 orationibus
1187 1885 1335 1912 salvabat.
1370 1887 1443 1911 Nam

56 1934 119 1958 erat
143 1929 187 1957 ibi
212 1930 335 1963 quidam
361 1929 473 1956 nobilis
492 1933 522 1955 et
541 1928 698 1963 primarius
718 1930 864 1964 civitatis,
890 1930 1010 1957 nomine
1038 1930 1230 1963 Anastasius,
1257 1923 1339 1963 cuins
1364 1929 1443 1955 tilius

57 1979 191 2002 mortuus
208 1974 322 2006 suerat,
348 1978 377 2001 et
405 1982 512 2008 corpus
533 1975 596 2008 ejus
615 1974 654 2001 ad
673 1975 864 2009 sepult-hrum
883 1976 1059 2005 dut-ebatur.
1094 1979 1216 2003 Jussum
1241 1976 1319 2001 enini
1346 1972 1441 2001 suerat

57 2030 73 2046 a
97 2019 220 2046 domino
244 2019 333 2046 beato
360 2022 499 2052 Erasmo,
528 2023 560 2045 ut
583 2028 651 2045 eum
675 2020 866 2046 resuscitaret
893 2025 922 2046 et
949 2020 1087 2047 redderet
1114 2020 1290 2055 parentibus
1309 2019 1387 2050 suis,
1415 2024 1444 2045 et

57 2063 286 2098 apprehendens
313 2063 418 2090 beatus
441 2066 580 2089 Erasmus
606 2071 714 2097 corpus
743 2063 877 2090 defuncti
912 2064 986 2090 dixit
1017 2065 1097 2098 patri
1123 2066 1201 2098 ejus:
1234 2063 1391 2095 Anastasi,
1417 2064 1443 2089 si

57 2108 157 2136 credis
174 2108 205 2135 in
224 2107 347 2135 domino
366 2111 469 2134 nostro
487 2110 558 2134 Jesu
577 2106 711 2139 Christo,
736 2107 788 2140 qni
811 2112 898 2134 natus
926 2112 970 2135 est
991 2108 1028 2134 de.
1047 2108 1155 2143 spiritu
1173 2112 1276 2135 sancto
1296 2118 1333 2134 ex
1351 2107 1444 2134 Maria

56 2154 191 2187 virgine,
216 2152 344 2188 recipies
369 2151 466 2179 filium
491 2155 574 2178 tuum
601 2151 728 2179 salvum.
764 2153 859 2179 Multa
886 2152 965 2179 enini
990 2153 1078 2180 turba
1097 2153 1203 2188 populi
1221 2153 1387 2180 mirabatur
1405 2151 1444 2178 ad

56 2200 131 2226 haec
152 2198 257 2226 verba.
291 2196 467 2225 Anastasius
492 2195 585 2223 dixit:
617 2201 646 2224 et
680 2201 713 2224 tu
745 2201 833 2232 potes
858 2196 954 2224 filium
977 2207 1077 2224 meum
1102 2198 1297 2226 resuscitare!
1333 2200 1444 2224 Beatus

58 2248 196 2272 Erasinus
220 2242 310 2270 dixit:
334 2251 395 2269 non
414 2250 485 2274 ego,
512 2241 568 2269 sed
591 2241 730 2269 dominus
756 2247 858 2269 noster
883 2245 970 2269 Jesns
997 2243 1146 2276 Christus,
1181 2243 1228 2270 cui
1253 2251 1308 2275 ego
1333 2241 1443 2269 servio.

56 2288 234 2317 Anastasius
253 2287 342 2314 dixit:
370 2286 396 2314 si
420 2286 516 2314 filium
538 2296 637 2314 meum
663 2287 782 2314 salvum
805 2285 879 2313 mihi
898 2286 1080 2320 reddideris,
1107 2288 1196 2315 credo
1215 2297 1270 2321 ego
1290 2292 1318 2314 et
1338 2288 1445 2314 domus

56 2342 123 2361 mea
150 2337 179 2360 et
207 2332 338 2368 populns
360 2331 530 2360 universus.
565 2335 650 2359 Tunc
673 2333 779 2359 beatus
806 2334 944 2359 Erasmus
978 2333 1065 2366 jussit
1097 2342 1205 2368 corpus
1232 2335 1296 2366 ejus
1322 2331 1442 2366 deponi,

58 2382 173 2406 secreto
204 2381 320 2412 patrem
345 2381 376 2404 et
400 2381 524 2404 matrem
549 2377 636 2410 jussit
667 2381 760 2410 stare,
787 2376 872 2404 flexis
890 2377 1017 2410 genibus
1036 2386 1125 2412 super
1143 2386 1252 2412 corpus
1271 2378 1333 2412 ejus
1352 2376 1444 2403 dixit:

58 2424 88 2450 in
107 2422 228 2449 nomine
246 2424 318 2449 Jesu
337 2421 450 2449 Christe
469 2431 564 2454 surge.
601 2425 732 2456 Cumque
751 2421 943 2455 surrexisset,
963 2422 1106 2450 clamavit
1124 2432 1200 2450 voce
1219 2431 1337 2454 magna:
1364 2430 1444 2453 vere,

59 2468 128 2501 quia
148 2475 272 2499 magnus
291 2471 335 2493 est
354 2469 434 2494 Deus
454 2467 699 2499 christianornm,
718 2472 747 2493 et
766 2475 929 2495 conversus
949 2467 988 2494 ad
1007 2473 1123 2502 patrem
1142 2468 1199 2495 ait:
1224 2472 1324 2502 pater,
1350 2475 1445 2499 usque

60 2522 140 2540 nnnc
163 2510 346 2542 errat-imum
364 2511 413 2538 Dii
432 2511 521 2544 enim,
540 2521 616 2545 quos
637 2512 821 2544 colebamus,
839 2512 912 2539 nihil
932 2517 1010 2545 sunt,
1029 2512 1095 2539 vidi
1112 2512 1192 2539 enim
1211 2521 1263 2539 eos
1280 2512 1310 2539 in
1330 2511 1446 2538 inferno

59 2567 117 2586 non
137 2558 248 2584 habere
268 2556 402 2589 requiem
420 2565 437 2582 a
456 2556 637 2589 tortoribus,
661 2560 741 2584 Deus
767 2561 866 2584 autem
884 2557 974 2585 vivus
994 2557 1100 2584 famuli
1117 2557 1230 2584 Erasini
1249 2564 1372 2588 magnus
1391 2560 1445 2582 est.

60 2606 95 2630 Et
113 2601 242 2630 credidit
261 2601 434 2628 Anastasius
454 2605 483 2627 et
503 2606 565 2628 tota
585 2601 691 2628 domus
711 2603 774 2635 ejus
794 2606 823 2628 et
844 2602 972 2636 populus
992 2602 1164 2635 universus,
1184 2601 1235 2635 qui
1252 2601 1284 2628 in
1301 2600 1353 2627 illa
1371 2601 1444 2627 hora

60 2647 177 2674 suerunt
198 2646 361 2682 baptizati,
389 2646 438 2680 qui
467 2651 534 2673 sunt
559 2646 643 2679 qnasi
669 2649 719 2672 XL
746 2646 842 2673 millia
866 2647 1029 2674 hominum.
1067 2650 1150 2673 Tunc
1173 2647 1280 2673 beatus
1306 2649 1443 2673 Erasmus

61 2692 241 2721 exclamavit
259 2701 334 2720 voce
353 2701 459 2726 magna
479 2691 596 2720 dicens.
624 2691 733 2724 gratias
753 2700 806 2724 ago
826 2691 898 2724 tibi,
919 2691 1038 2719 domine
1059 2694 1129 2719 ,lesu
1149 2691 1278 2724 Christe,
1306 2691 1355 2725 qui
1375 2699 1445 2719 con-
