1742 3005
280 102 360 142 832
499 100 594 146 Cap.
630 94 837 131 CLXXXl.
896 95 956 130 De
986 100 1116 130 sancto
1148 94 1304 144 Pelagio
1335 108 1449 147 papa.

282 209 424 252 Pipinus
451 203 612 246 princeps
642 198 754 243 major
782 199 903 242 regiae
930 197 1050 232 domus
1072 195 1283 231 Francorum
1309 197 1490 233 defunctus
1518 203 1582 235 est,
1613 200 1666 233 eui

282 270 453 305 successit
480 264 627 300 Carolus
654 264 744 298 filius
771 264 866 308 ejuS,
899 264 958 308 qui
985 263 1134 298 Tutides
1161 261 1428 307 appellabatur,
1461 266 1517 310 qui
1542 265 1667 299 multas

282 336 448 370 victorias
468 332 602 366 faciens
622 331 764 375 reliquit
783 329 870 363 duos
890 329 1043 373 ejusdem
1064 329 1165 364 aulae
1184 329 1305 374 regiae
1324 330 1513 374 principes,
1535 331 1669 365 scilicet

281 401 444 436 Carolum
472 402 506 433 et
530 396 702 442 Pipinum,
751 395 820 429 Sed
855 394 1003 429 Carolus
1036 405 1183 441 maguus
1219 394 1343 428 relicta
1377 395 1511 429 saeculi
1543 406 1689 443 pompa-

284 467 486 503 Casinensis
520 462 711 498 monachus
750 465 804 496 est
836 461 1003 503 effeetus,
1045 459 1189 506 Pipinus
1234 464 1345 494 autem
1387 460 1500 494 aulam
1537 462 1668 506 regiam

283 539 424 569 strenue
451 529 685 577 gubernabat.
733 526 802 562 Sed
831 538 904 560 cum
932 526 1151 561 Childericus
1185 537 1246 560 rex
1278 529 1373 561 esset
1398 527 1531 560 inutilis
1558 530 1591 561 et
1616 537 1668 561 re-

282 601 430 640 missus,
466 595 640 630 consuluit
671 593 813 638 Pipinus
841 592 1048 626 Zachariam
1078 602 1224 637 papam,
1260 602 1302 626 an
1337 591 1396 625 ille
1422 590 1567 626 deberet
1593 603 1672 627 esse

282 676 362 706 rex,
396 664 453 708 qui
489 661 565 696 solo
598 661 736 693 nomine
771 659 870 703 regio
905 663 979 692 erat
1012 662 1208 693 contentus,
1257 659 1318 691 (lui
1352 667 1445 702 papa
1477 658 1672 704 respondit,

282 731 377 764 illum
406 727 537 762 debere
569 735 687 770 regem
724 725 863 763 vocari,
899 724 958 766 qui
989 722 1077 756 bene
1112 723 1357 767 rempublicam
1395 728 1546 768 gereret.
1597 724 1674 763 Qua

284 795 515 840 responsione
550 790 674 825 Franci
709 790 851 823 animati
887 787 1120 822 Childericum
1158 789 1190 821 in
1217 790 1428 822 monasterio
1455 790 1674 823 recluserunt

284 866 319 896 et
350 860 506 905 Pipinum
541 867 658 902 regem
693 857 923 894 creaverunt,
957 854 1052 887 circa
1085 863 1195 887 annos
1229 853 1357 887 domini
1393 856 1672 900 quingentesimo

285 926 524 961 ducentesimo
566 922 850 967 quadragesinu).
899 918 1024 953 Verum
1070 930 1143 953 cum
1178 918 1390 963 Arstulphus
1435 930 1495 953 rex
1528 921 1671 966 Lougo-

284 991 472 1027 bardorum
500 988 683 1023 eeclesiam
710 985 898 1020 Romanam
924 987 997 1019 suis
1031 984 1317 1030 possessionibus
1353 989 1387 1019 et
1412 985 1565 1019 dominio
1591 997 1674 1031 spo-

285 1059 429 1096 liasset,
466 1053 666 1098 Stephanus
701 1061 812 1096 papa,
845 1052 903 1096 qui
936 1050 1133 1085 Zachariae
1167 1055 1410 1093 successerat,
1447 1051 1672 1098 adtPipinum

286 1132 404 1167 regem
439 1119 608 1153 Franciae
651 1121 773 1151 contra
804 1116 1063 1162 Longobardos
1102 1117 1268 1151 auxilium
1305 1120 1476 1161 petiturus
1511 1120 1672 1156 accessit,

284 1188 428 1232 Pipinus
460 1189 573 1219 autem
607 1184 786 1227 copiosum
822 1183 1012 1217 exercitum
1044 1193 1265 1228 congregans
1300 1185 1332 1216 in
1361 1183 1493 1217 ltaliam
1524 1186 1616 1218 veuit
1641 1188 1675 1218 et

285 1251 512 1296 Arstulphum
538 1260 656 1295 regem
682 1248 842 1290 obsedit,
868 1258 889 1282 a
915 1259 982 1293 quo
1010 1248 1245 1294 quadraginta
1271 1249 1414 1283 obsides
1442 1252 1599 1294 aceepit,
1638 1255 1675 1284 ut

286 1319 460 1354 eeclesiae
495 1316 671 1351 Romanae
712 1315 828 1348 omnia
860 1314 1025 1358 praedia,
1073 1324 1162 1359 quae
1193 1314 1407 1355 abstulerat,
1440 1315 1605 1350 redderet
1641 1321 1674 1350 et

286 1387 398 1430 ipsam
435 1382 583 1427 amplius
620 1391 687 1415 non
721 1381 942 1425 inquietaret.
991 1380 1058 1414 Sed
1088 1379 1275 1414 recedente
1308 1379 1432 1424 Pipino
1464 1381 1674 1426 Arstulphus

285 1457 413 1493 totum,
446 1448 539 1494 quod
571 1448 804 1491 promiserat,
839 1446 971 1479 irritum
1008 1446 1107 1487 fecit,
1141 1448 1198 1491 qui
1232 1450 1346 1480 tamen
1379 1450 1460 1490 post
1491 1446 1673 1487 modicum,

286 1518 364 1552 dum
406 1519 566 1550 venatum
612 1516 797 1558 pergeret,
842 1511 958 1545 subito
1001 1513 1197 1556 exspiravit
1243 1516 1277 1546 et
1316 1511 1522 1546 Desiderius
1564 1512 1673 1547 eidem

286 1582 468 1617 successit.
516 1580 583 1613 Per
607 1578 698 1612 idem
723 1582 877 1622 tempus,
906 1578 982 1612 dum
1011 1578 1255 1613 Theodericus
1283 1589 1343 1612 rex
1365 1577 1553 1612 Gothorum
1571 1578 1674 1623 jussu

286 1647 510 1693 imperatoris
526 1644 658 1679 ltaliam
673 1647 813 1688 regeret
830 1644 1008 1678 etAriana
1024 1644 1163 1679 haeresi
1184 1643 1395 1688 depravatus
1417 1648 1511 1678 esset
1529 1649 1562 1678 et
1584 1644 1673 1679 Boe-

284 1714 378 1749 thius
400 1710 634 1758 philosophus
655 1709 852 1744 consularis
877 1711 1044 1753 patricius
1061 1721 1135 1744 cum
1157 1709 1360 1754 Symmacho
1380 1711 1541 1754 patricio,
1574 1711 1672 1755 cujus

284 1790 395 1826 gener
426 1782 519 1819 erat,
565 1774 812 1820 rempublicam
848 1775 1041 1809 illustraret
1076 1780 1109 1810 et
1151 1777 1392 1810 auctoritatem
1434 1774 1581 1809 Romani
1618 1786 1674 1810 se-

285 1850 386 1879 natus
419 1847 540 1877 contra
566 1840 821 1875 Theodericum
850 1840 1072 1882 defensaret,
1109 1841 1197 1874 idem
1225 1841 1466 1875 Theodericus
1491 1841 1671 1875 Boethium

283 1911 417 1954 Papiae
446 1909 479 1941 in
512 1906 671 1940 exsilium
706 1906 828 1945 trusit,
867 1905 925 1938 ubi
961 1905 1083 1939 librum
1117 1906 1159 1940 de
1194 1906 1433 1940 consolatione
1468 1909 1673 1951 composuit,

285 1980 319 2011 et
340 1974 476 2008 tandem
497 1982 570 2006 eum
594 1971 772 2005 exstinxit.
823 1969 905 2015 EJus
922 1981 1021 2012 uxor,
1053 1970 1155 2015 Elpes
1174 1973 1322 2012 nomine,
1350 1971 1506 2016 hymnum
1528 1979 1673 2017 aposto-

283 2042 394 2074 lorum
426 2038 519 2073 Petri
554 2040 588 2071 et
630 2035 745 2076 Pauli,
788 2036 846 2079 qui
885 2038 935 2069 sie
977 2038 1118 2080 incipit:
1162 2037 1246 2071 felix
1284 2047 1347 2081 per
1390 2048 1509 2072 omnes
1549 2039 1671 2074 festum

285 2105 399 2140 mimdi
436 2100 813 2142 cardines,edidisse
838 2100 968 2135 fertur.
1028 2100 1252 2147 Epitaphium
1289 2114 1426 2148 quoque
1463 2114 1560 2138 suum
1596 2106 1672 2149 ipsa

285 2170 481 2215 composuit
508 2170 557 2202 ita
582 2167 719 2201 dicens:

505 2232 610 2277 Elpes
638 2232 732 2266 dicta
758 2232 826 2273 sui,
855 2232 997 2267 Siciliae
1027 2234 1184 2279 regionis
1210 2235 1361 2275 alumna,

591 2289 698 2328 Quam
724 2288 844 2332 procul
871 2299 891 2322 a
918 2290 1033 2333 patria
1058 2290 1220 2335 conjugis
1246 2293 1318 2336 egit
1339 2301 1455 2331 amor;

505 2343 742 2388 ¹)Porticibus
761 2345 871 2377 sacris
888 2345 960 2389 jam
980 2356 1069 2379 minc
1089 2349 1278 2392 peregriua
1300 2349 1455 2392 quiesce,

587 2399 720 2435 Judicis
747 2401 880 2435 aeterni
908 2401 1095 2435 testificata
1124 2401 1295 2438 thronum.

284 2478 527 2514 Theodericus
553 2480 666 2511 autem
692 2476 808 2511 subito
838 2478 1021 2513 defunctus
1048 2489 1067 2514 a
1095 2479 1242 2525 quodam
1271 2485 1393 2516 sancto
1416 2482 1559 2516 eremita
1577 2481 1669 2514 visus

284 2549 337 2579 cst
360 2554 379 2578 a
398 2543 559 2579 Johanne
580 2552 671 2587 papa
690 2547 723 2577 et
741 2543 956 2587 Syinniacho,
984 2556 1070 2590 quos
1095 2547 1171 2591 ipse
1194 2546 1384 2589 occiderat,
1411 2547 1521 2581 nudus
1542 2548 1574 2578 et
1597 2544 1669 2578 dis-

286 2610 460 2644 calceatus
490 2611 521 2642 in
551 2609 652 2643 ollam
680 2608 825 2643 Vulcani
853 2610 1020 2657 demergi,
1049 2613 1139 2647 sicut
1164 2613 1213 2646 ait
1234 2611 1425 2658 Gregorius
1447 2613 1478 2645 in
1505 2610 1667 2657 dyalogo.

354 2709 375 2738 l]
401 2708 450 2733 lid.
472 2712 513 2736 l'r.
535 2709 612 2734 nial«-
634 2712 724 2734 nor—t
741 2707 822 2735 hius
842 2708 981 2741 praeseri.
