1742 3005
231 138 311 176 (362
510 135 605 182 Cap.
639 129 807 167 CXLIX.
873 128 932 165 De
965 133 1094 164 sancto
1125 127 1345 164 FranciscO.

239 246 303 278 tias
336 243 408 277 Deo
441 238 559 275 retulit
592 241 626 272 et
661 245 779 271 omnes
806 233 1011 275 adstantes,
1047 235 1084 266 nt
1110 233 1143 266 in
1169 232 1291 267 melius
1314 235 1417 268 vitain
1445 234 1626 271 mutarent,

239 307 426 342 admonuit.
476 302 574 344 Quod
599 300 776 337 Ebroinus
809 299 957 335 audiens
995 302 1030 333 et
1053 297 1212 332 invidens
1239 299 1355 331 missis
1381 301 1530 342 quatuor
1555 297 1627 341 spi-

239 371 455 407 culatoribus
494 371 606 414 ipsum
642 367 813 403 decollari
847 365 1039 411 praecepit.
1090 362 1171 397 Cum
1201 373 1286 409 ergo
1313 364 1423 407 ipsum
1450 362 1628 402 (lucerent,

240 439 291 472 ait
317 439 377 471 iis:
413 447 481 470 non
514 439 588 472 est.
625 435 755 479 inquit,
792 441 900 477 opus,
934 430 1081 471 fratres,
1115 440 1177 464 vos
1204 429 1333 463 diutius
1366 427 1532 473 fatigari,
1567 426 1628 461 sed

243 504 297 537 liie
323 503 463 548 implete
487 501 697 536 desiderium
723 500 822 544 ejus,
858 498 917 543 qui
950 506 1012 531 vos
1049 496 1153 530 misit.
1202 494 1256 529 Ad
1294 494 1358 528 hoe
1389 497 1461 528 tres
1496 492 1631 526 illorum

242 569 331 604 adeo
358 572 438 602 sunt
462 567 678 612 compuncti,
712 564 805 611 quod
831 563 874 598 ad
903 562 1013 608 pedes
1042 562 1119 607 ejus
1146 560 1368 606 procidentes
1394 559 1527 594 veniam
1553 568 1633 603 pre-

245 634 435 676 cabantur,
463 637 607 679 quartus
634 642 740 674 vero,
766 641 842 665 euin
869 640 943 665 eum
971 628 1202 670 decollasset‚
1235 626 1394 671 protinus
1421 634 1441 658 a
1465 624 1634 659 daemone

245 703 407 744 arreptus
450 702 485 733 et
533 700 567 732 in
608 699 724 743 ignem
769 697 947 741 proJ‘ectus
982 696 1087 730 vitam
1132 691 1383 727 miserabiliter
1423 689 1632 724 terminavit.

244 765 390 798 Biennio
425 763 564 807 expleto
600 762 745 797 audiens
779 761 954 796 Ebroinus
988 769 1115 804 eorpus
1151 759 1263 792 saneti
1291 757 1356 792 viri
1388 756 1503 790 multis
1529 757 1633 789 mira-

245 830 332 865 eulis
352 829 536 871 illustrari,
563 827 814 863 miserabiliter
832 828 1006 861 eruciatus
1028 824 1159 858 invidia
1184 823 1325 857 militem
1350 822 1432 856 illue-
1457 822 1561 863 misit,
1588 824 1635 860 ut.,

247 907 291 930 an
325 897 375 929 sic
408 906 447 930 se
480 894 630 929 haberet
664 895 816 936 vei-itm,
856 893 1043 926 intimaret.
1093 888 1197 923 Miles
1231 892 1345 922 autem
1388 886 1561 931 superbus
1605 890 1637 921 et

248 971 422 1007 arrogans
450 971 522 995 eum
545 960 626 994 illuc
653 960 823 1000 venisset,
860 958 954 992 ealce
980 956 1131 991 tumbam
1159 955 1270 988 saneti
1295 954 1495 998 percutiens
1520 951 1638 986 excla-

249 1028 375 1062 mavit:
408 1027 596 1066 moriatur,
631 1026 689 1069 qui
714 1027 882 1058 mortuum
910 1022 1080 1057 miracula
1109 1021 1227 1055 faeere
1253 1029 1359 1064 posse
1385 1018 1507 1055 eredit.
1555 1017 1638 1053 Mox

250 1093 310 1127 ille
335 1095 496 1136 arreptus
523 1100 542 1124 a
568 1090 752 1125 daemonio
779 1093 813 1124 et
838 1089 954 1123 subito
981 1089 1132 1122 moriens
1159 1090 1270 1120 morte
1297 1095 1362 1119 sua
1387 1089 1542 1119 sanetum
1568 1093 1640 1117 am-

250 1158 341 1202 plius
373 1155 636 1192 commendavit.
685 1155 745 1189 llis
780 1155 910 1189 auditis
940 1153 1113 1188 Ebroinus
1147 1151 1295 1196 amplius
1330 1150 1464 1184 invidia
1496 1154 1640 1194 torque-

249 1224 354 1258 batur
379 1227 413 1258 et
437 1222 561 1256 samam
590 1221 702 1255 saneti
729 1221 956 1266 exstinguere
981 1219 1211 1259 moliebatur,
1247 1216 1308 1250 sed
1330 1217 1433 1261 juxta
1457 1215 1640 1260 praedica-

249 1291 378 1324 tionem
412 1289 524 1322 saneti
558 1286 680 1333 gladio
715 1287 877 1332 nequiter
909 1294 1055 1330 nequam
1093 1282 1262 1317 occiditur
1293 1283 1381 1326 ipse.
1432 1282 1562 1316 Passus
1590 1284 1643 1316 est

254 1359 367 1390 autem
393 1356 486 1389 eirca
512 1364 636 1388 amium
663 1352 793 1387 domini
821 1350 1013 1386 DCLXXX
1040 1354 1195 1394 tempore
1222 1348 1439 1383 Constantini
1467 1348 1590 1391 quarti.

693 1674 819 1738 CAP.
855 1674 1033 1738 cmx.
1069 1673 1215 1738 (144.)

515 1778 622 1820 De
662 1773 922 1818 saneto
964 1772 1388 1818 Francisco.

348 1883 554 1917 Franeiseus
582 1883 679 1927 prius
699 1881 811 1915 dietus
833 1885 885 1915 est
903 1880 1092 1923 Joliannes⁷
1120 1881 1180 1915 sed
1202 1879 1419 1925 postmodum
1437 1882 1565 1913 ululato
1587 1891 1647 1913 no-

260 1950 349 1984 mine
363 1948 573 1982 Franciscus
592 1952 735 1982 vocatus
749 1951 813 1981 est.
841 1948 946 1992 Cujus
966 1948 1112 1980 nominis
1134 1947 1334 1980 mutationis
1354 1945 1530 1989 multiplex
1543 1956 1651 1979 rausa

261 2014 371 2049 l'nisse
398 2013 544 2048 videtur.
595 2013 709 2048 Primo
746 2013 881 2046 ratione
919 2012 1076 2045 miraculi
1111 2011 1343 2053 connotandi,
1374 2011 1527 2055 linguam
1563 2013 1650 2046 enim

260 2080 424 2125 gallicam
456 2078 666 2113 miraculose
704 2087 724 2111 a
753 2077 833 2111 Deo
853 2079 1032 2121 recepisse
1058 2078 1294 2121 cognoscitur.
1344 2076 1438 2111 Unde
1465 2076 1591 2110 dieitur
1619 2079 1653 2111 in

262 2144 414 2191 legenda
441 2155 522 2186 sua,
554 2142 653 2189 'qnod
688 2153 846 2188 semper,
883 2153 957 2177 eum
986 2143 1111 2177 ardore
1137 2144 1249 2177 saneti
1276 2144 1420 2187 spiritus
1446 2143 1652 2188 repleretur,

262 2210 424 2245 ardentia
449 2210 535 2244 soris
564 2210 672 2244 verba
706 2213 868 2244 eructans
895 2210 1024 2255 gallice
1053 2209 1272 2255 loquebatur.
1322 2209 1482 2243 Secundo
1519 2210 1654 2244 ratione

263 2276 369 2310 oi'licii
394 2276 620 2321 (livulganili,
656 2275 747 2310 unde
781 2275 910 2310 (licitur
945 2277 977 2309 in
1003 2275 1174 2321 legenda,
1212 2275 1302 2321 quod
1329 2274 1446 2309 divina
1472 2274 1655 2319 prudentia

264 2341 332 2376 sibi
358 2342 423 2376 lioc
451 2341 654 2375 vorabulmn
683 2341 818 2382 indidit,
846 2346 881 2375 ut
901 2353 942 2376 ex
965 2342 1137 2387 singulari
1165 2345 1198 2376 et
1217 2342 1351 2374 insueto
1371 2342 1508 2375 nomine
1536 2341 1654 2385 opinio

265 2409 419 2452 mysterii
453 2408 529 2453 ejus
559 2408 622 2441 toti
657 2408 758 2440 citius
787 2408 1022 2442 innotesceret
1045 2408 1135 2442 orbi.
1187 2407 1310 2442 Tertio
1340 2408 1476 2441 ratione
1511 2407 1653 2441 effeetus

267 2473 525 2519 consequendi,
565 2477 601 2507 ut
627 2473 760 2507 scilieet
786 2484 848 2518 per
873 2472 938 2507 hoc
965 2473 1108 2508 daretur
1142 2473 1315 2519 intelligi,
1352 2473 1443 2518 quod
1480 2474 1556 2517 ipse
1593 2482 1655 2515 pt'r

268 2551 305 2574 se
345 2545 377 2574 (rt
421 2551 483 2585 per
526 2539 615 2573 lilios
655 2549 738 2573 suos
775 2539 900 2573 nniltos
937 2550 1059 2574 servos
1094 2541 1228 2585 peceati
1273 2543 1307 2574 et
1348 2538 1486 2583 dyaboli
1528 2537 1653 2571 debeat

269 2607 407 2639 t'ranros
434 2611 464 2641 et
492 2605 622 2640 liberos
650 2605 778 2640 sat-ere.
831 2606 962 2646 Quarto
994 2607 1129 2641 ratione
1157 2605 1450 2651 magnanimitatis
1478 2603 1509 2636 in
1537 2602 1652 2645 eorde,

268 2681 343 2702 nani
372 2671 492 2704 Frnnri
519 2682 539 2705 a
566 2672 748 2707 l'eroeitate
782 2676 860 2706 sunt
886 2672 989 2715 dieti,
1027 2674 1109 2717 quia
1142 2673 1185 2706 iis
1212 2673 1302 2705 inest
1326 2669 1495 2703 naturalis
1524 2671 1652 2704 veritas

269 2740 299 2767 rt
327 2738 594 2779 magnanimitas
623 2740 822 2772 animorum.
875 2739 1001 2777 Quinto
1024 2739 1158 2772 ratione
1181 2737 1410 2771 xii-tuositatis
1429 2738 1461 2769 in
1483 2747 1651 2778 sei-mone,
