1742 3005
283 101 365 140 530
593 101 686 148 (Tap.
718 98 833 135 CXX.
893 98 951 133 De
993 103 1123 133 sancto
1155 92 1368 132 Bernauio,

286 204 425 251 «pxando
461 204 584 236 lancea
609 201 700 234 tatus
726 199 793 234 hoe
819 200 1016 245 perforabit
1041 204 1075 235 et
1101 200 1146 234 ad
1176 209 1236 234 cor
1263 203 1356 234 tuum
1386 196 1558 237 consilio,
1585 195 1678 240 quod

287 272 433 315 abjicis,
460 269 549 301 viam
578 265 685 300 dabit.
736 266 819 301 Post
844 276 976 311 paucos
1007 265 1082 300 dies
1109 264 1286 300 Get-ardus
1321 264 1364 299 ab
1400 264 1549 298 inimicis
1581 262 1678 305 caph

286 342 342 370 tur
377 338 410 369 et.
444 335 479 367 in
516 333 613 374 ioco,
657 333 711 366 eui
747 331 857 366 frater
892 331 1039 377 digitum
1074 333 1306 376 imposuerat,
1353 329 1492 364 infixam
1524 328 1678 362 lanceam

286 405 432 446 gestans
456 399 608 433 trahitur
635 402 668 433 et
695 400 729 431 in
749 397 911 432 custodia
937 397 1144 433 vinculatur.
1195 395 1249 431 Ad
1269 406 1368 441 quem
1389 393 1590 430 Bernartius
1619 403 1678 428 ve-

288 468 409 505 niens,
437 476 510 499 cum
537 464 605 499 sibi
634 463 728 509 ioqui
757 475 824 498 non
852 465 1132 509 permitteretur,
1161 462 1205 497 ad
1232 473 1306 497 eum
1333 460 1561 496 exclamavit:
1593 461 1679 498 seio,

289 533 398 566 t'rater
424 530 597 572 Gerar-de,
633 532 714 575 quia
741 532 774 564 in
804 532 960 575 proximo
988 531 1067 564 ituri
1093 540 1212 564 suiuus
1240 532 1272 564 et
1298 528 1545 563 monasterium
1571 527 1680 560 intra-

288 599 368 631 turi.
418 596 545 631 Eadem
578 601 679 631 noete
712 595 899 641 compedes
933 595 975 631 de
1003 597 1079 642 ejus
1114 596 1263 641 pedibus
1301 594 1501 631 ceciderunt
1528 597 1562 628 et
1589 593 1680 627 ostio

291 674 353 707 per
378 674 417 698 se
433 666 554 707 aperto
575 662 688 696 laetus
705 662 843 707 aufugit
867 662 1105 708 indicavitque
1130 663 1245 706 fratri,
1272 673 1310 697 se
1335 666 1489 696 mutasse
1516 660 1681 706 proposi-

289 733 358 762 tum
385 733 419 763 et
445 727 521 762 fieri
546 727 636 762 veile
661 726 876 761 monachum.
927 728 1026 762 Anno
1060 729 1103 763 ab
1130 730 1370 763 incarnatione
1396 727 1525 762 domini
1550 712 1681 761 MCXI't

291 804 311 827 a
348 793 597 827 constitutione
639 792 760 826 domus
796 792 1081 828 (listereiensium
1119 794 1183 829 XV
1222 805 1345 830 servus
1382 794 1446 829 Dei
1479 791 1681 828 Bernartius

291 870 401 895 annos
427 863 549 893 nactus
576 859 718 893 circiter
742 858 840 893 XXII
867 869 941 893 eum
968 861 1075 894 sociis
1100 860 1249 905 amplius
1274 870 1375 905 quam
1400 858 1502 893 XXX
1527 858 1681 892 ordinem

292 926 576 960 cisterciensium
604 926 786 969 ingressus
814 929 877 960 est.
927 925 1010 960 Cum
1037 929 1151 960 autem
1180 925 1421 970 ¹)Bernardus
1460 934 1535 958 cum
1562 922 1681 956 fratri—

291 993 355 1026 bus
382 993 454 1026 suis
481 991 617 1025 domum
645 995 826 1035 paternam
854 990 1107 1037 egrederetur,
1139 991 1251 1026 Guido
1279 983 1532 1037 primogenitus
1559 988 1680 1024 videns

292 1056 480 1091 Nivardum
524 1057 666 1091 fratrem
707 1067 805 1091 suum
849 1058 1021 1091 minimum
1072 1069 1214 1103 puerum
1264 1058 1437 1092 ludentem
1486 1058 1519 1090 in
1562 1054 1682 1100 platea

292 1134 365 1156 rum
394 1124 533 1167 pueris:
561 1132 644 1167 ega,
673 1124 804 1167 inquit,
833 1122 943 1157 frater
966 1123 1133 1166 Nivarde‚
1160 1124 1204 1158 ad
1226 1128 1260 1158 te
1278 1124 1388 1158 solum
1408 1123 1554 1168 respicit
1570 1121 1680 1155 omnis

290 1194 385 1223 terra
411 1189 650 1232 possessionis
678 1192 832 1223 nostrae.
883 1188 946 1223 Cui
975 1201 1042 1223 non
1068 1190 1251 1234 pueriliter
1278 1200 1364 1234 puer
1389 1187 1592 1233 respondit:
1620 1195 1682 1219 vos

291 1265 378 1300 ergo
415 1254 548 1288 coetum
582 1253 759 1287 habebitis
793 1258 827 1289 et
862 1254 944 1288 mihi
976 1256 1087 1290 solum
1112 1260 1238 1291 terram
1264 1254 1493 1300 relinquitis?
1539 1252 1614 1286 Non
1641 1262 1682 1286 ex

292 1330 405 1365 aequo
442 1319 569 1354 divisio
606 1320 700 1354 saeta
728 1324 781 1354 est
807 1320 904 1356 haec.
955 1321 1097 1357 Modico
1131 1323 1238 1368 igitur
1279 1325 1437 1365 tempore
1475 1329 1549 1354 cum
1582 1321 1683 1362 patre

292 1388 477 1429 remansit7
513 1385 583 1420 sed
627 1385 755 1421 fratres
796 1387 1015 1432 postmodum
1053 1392 1195 1423 secutus
1238 1392 1303 1422 est.
1356 1386 1542 1432 ingressus
1575 1384 1686 1430 igitur

292 1452 448 1486 ordinem
482 1462 605 1486 servus
640 1452 702 1487 Dei
735 1452 939 1487 Bernardus
973 1454 1021 1488 ita
1046 1458 1140 1488 totus
1167 1455 1201 1487 in
1228 1454 1389 1499 spiritum
1414 1451 1605 1496 absorptus
1631 1452 1685 1483 est

292 1522 326 1550 et
344 1517 417 1552 Deo
443 1518 601 1552 totaliter
619 1522 820 1563 occupatus,
849 1523 885 1553 ut
906 1521 979 1565 Jam
1007 1519 1111 1554 nuliis
1139 1520 1302 1554 sensibus
1327 1519 1486 1564 eorporis
1517 1519 1682 1551 uteretur.

290 1583 366 1616 Jam
390 1584 520 1627 quippe
546 1594 671 1617 annum
697 1586 730 1618 in
760 1585 850 1619 celia
875 1586 1084 1619 novitiorum
1111 1590 1280 1631 exegerat
1316 1590 1350 1621 et
1383 1584 1517 1626 adbuc,
1552 1593 1595 1616 an
1620 1580 1683 1614 do-

292 1658 365 1682 mus
410 1647 558 1683 haberet
595 1649 828 1691 testudinem,
879 1651 1078 1696 ignorabat.
1142 1652 1255 1687 Multo
1299 1656 1457 1697 tempore
1495 1648 1682 1684 eeclesiam

290 1716 425 1748 intrans
462 1718 496 1748 et
521 1715 642 1749 exiens
670 1715 702 1748 in
731 1717 857 1760 eapite,
883 1716 943 1749 ubi
972 1718 1090 1760 ²)tres
1117 1722 1229 1760 erant,
1254 1728 1356 1753 unam
1381 1721 1512 1752 tantum
1537 1713 1684 1760 putabat

291 1790 370 1814 esse
396 1780 595 1814 fenestram.
645 1779 767 1815 Abbas
794 1785 907 1815 autem
937 1781 1224 1817 (lister-ciensium
1257 1784 1384 1817 fratres
1416 1783 1461 1817 ad
1491 1780 1681 1815 aedifican—

290 1846 367 1879 dum
402 1844 538 1879 domum
572 1846 893 1882 Claraevaiiensem
939 1849 1031 1881 misit
1064 1851 1097 1882 et
1131 1849 1174 1881 iis
1211 1847 1426 1883 Ber-nardum
1469 1848 1502 1880 in
1536 1844 1682 1879 abbatia

289 1911 482 1955 praefecit,
519 1912 577 1956 qui
601 1911 708 1945 multo
735 1911 864 1947 ibidem
892 1917 1048 1958 tempore
1076 1914 1107 1946 in
1142 1914 1248 1947 nimia
1283 1916 1491 1958 paupertate
1528 1910 1682 1956 degebat

289 1981 323 2011 et
357 1976 535 2020 pulmenta
567 1979 709 2022 saepius
736 1988 778 2013 ex
818 1978 915 2012 soliis
959 1979 1033 2023 sagi
1082 1978 1290 2013 conficiebat
1354 1978 1536 2024 vigitabat
1567 1981 1681 2012 autem

288 2052 410 2076 servus
449 2042 513 2076 Dei
553 2043 646 2076 ultra
689 2044 961 2087 possibilitatem
1005 2044 1208 2087 humanam,
1252 2044 1381 2078 nullum
1420 2045 1508 2079 enim
1546 2048 1681 2088 tempus

286 2118 324 2141 se
350 2109 462 2153 magis
487 2107 635 2152 perdere
660 2109 827 2154 conqueri
859 2101 1018 2148 solebat,
1056 2120 1157 2155 quam
1195 2121 1262 2155 quo
1300 2110 1482 2153 dortnivit,
1521 2110 1682 2144 idoneam

286 2174 373 2207 satis
411 2177 576 2217 reputans
612 2175 907 2219 comparationem
936 2178 1047 2211 somni
1074 2180 1107 2211 et
1135 2177 1277 2218 mortis,
1312 2180 1348 2210 ut
1386 2178 1436 2211 sie
1470 2176 1681 2210 dormientes

288 2238 472 2273 videantur
496 2241 621 2273 mortui
648 2240 741 2284 apud
769 2241 944 2284 homines,
982 2241 1156 2288 quomodo
1191 2241 1284 2287 apud
1312 2241 1418 2277 Deum
1444 2243 1570 2276 mortui
1597 2240 1679 2274 dor—

286 2306 443 2339 mientes.
500 2304 596 2340 Unde
631 2307 755 2348 etiam,
805 2308 834 2340 si
868 2318 967 2353 quem
1003 2307 1094 2342 sorte
1129 2307 1250 2342 durius
1285 2311 1486 2343 stertentem
1519 2306 1680 2347 audierit,

287 2381 348 2404 seu
384 2372 495 2405 minus
534 2373 728 2416 composite
761 2371 893 2407 viderit
922 2374 1121 2418 jacentem,
1159 2376 1336 2419 patienter
1368 2375 1459 2410 serre
1487 2375 1545 2409 vix
1570 2373 1682 2418 potuit

286 2440 319 2469 et
344 2436 534 2471 carnaliter
559 2447 620 2471 seu
647 2437 855 2472 seculariter
882 2449 956 2472 eum
983 2439 1135 2474 dormire
1165 2440 1428 2485 ³)eausabamr,
1477 2439 1531 2474 Ad
1566 2448 1681 2472 come—

286 2501 432 2535 dendum
465 2504 517 2536 vix
548 2503 667 2547 aliqua
694 2503 872 2548 voluptate
899 2504 1107 2540 trahebatur
1132 2509 1328 2552 appetitus,
1365 2505 1426 2541 sed
1454 2505 1530 2539 solo
1558 2505 1681 2538 timore

286 2566 444 2601 desectus
476 2570 526 2602 sie
560 2568 753 2603 accedebat
788 2569 831 2603 ad
870 2570 1068 2605 sumendum
1096 2573 1230 2617 eitnun,
1266 2574 1365 2618 quasi
1392 2570 1435 2605 ad
1462 2573 1679 2603 tormentum.

353 2667 375 2692 Γ)
398 2667 446 2692 Ι·.·1.
470 2671 509 2692 Pr.
533 2667 729 2693 worardus
751 2672 776 2693 vi
799 2668 908 2693 ‹iviwlae-
930 2669 1019 2695 nmio:
1051 2669 1185 2701 inari-d
1198 2673 1305 2694 oia-¹11
1321 2678 1339 2693 r.
1411 2668 1438 2697 ’Ῑῗ
1462 2667 1512 2693 ¹2¹¹·
1536 2671 1562 2692 ΓΙ
1599 2673 1678 2693 ¹¹¹¹*

282 2722 287 2736 ι
303 2720 307 2733 ι
322 2719 331 2729 ι
353 2709 447 2735 ιιΗι-ιΙ,
552 2714 577 2735 ,Γ
600 2712 649 2739 Ed.
671 2716 711 2739 t'r.
734 2713 825 2738 mato:
855 2724 860 2737 t
878 2714 1077 2742 litabatur,
