1742 3005
269 91 350 131 740
568 95 664 143 Cap.
697 92 849 130 sssva.
885 93 944 129 De
974 99 1104 130 sancto
1135 92 1355 132 Theodora

268 197 406 232 tandem
432 199 513 239 post
537 194 663 228 multos
689 204 799 229 annos
826 195 965 230 domino
999 196 1178 231 revelante
1203 201 1344 242 reperta
1369 202 1447 233 sunt
1472 201 1648 232 statutum

269 273 337 308 que
363 262 447 303 fuit,
482 264 520 294 ut
547 271 665 294 eorum
691 262 858 295 memoria
892 261 956 295 sul)
984 262 1181 296 nominibus
1210 263 1537 309 alioruinsquinque
1564 274 1653 297 mar-

267 332 391 370 tirum,
441 326 575 361 scilicet
618 326 818 370 ¹)Ciaudii,
867 326 1041 370 Castorii,
1084 328 1353 373 Symphoriani,
1392 327 1582 363 Nicostrati
1623 334 1658 363 et

269 394 440 439 Simplicii
465 392 701 435 recoleretur,
729 395 786 438 qui
813 398 892 438 post
917 395 1005 428 duos
1031 404 1142 429 annos
1168 404 1189 429 a
1217 395 1374 428 martirio
1401 394 1659 439 praedictorum

268 461 368 506 passi
394 463 486 495 sunt.
532 457 594 493 lsti
627 461 714 494 enim
744 462 927 503 martires,
964 470 1039 494 cuni
1075 471 1207 494 omnem
1235 460 1436 505 sculpturae
1462 464 1570 495 artem
1596 459 1660 494 ha-

270 528 394 561 berent
420 529 454 560 et
478 525 706 570 Dyocietiano
731 526 870 571 ydolum
897 526 1072 571 quoddam
1098 525 1258 571 sculpere
1290 526 1425 560 nollent
1456 536 1520 560 nec
1548 527 1659 560 sacri-

270 592 376 627 ficare
402 592 625 637 aliquatenus
653 594 909 634 consentirent,
937 593 1043 636 jussu
1076 593 1188 636 ipsius
1214 592 1430 637 Dyocietiani
1467 593 1500 626 in
1526 591 1661 626 loculos

270 658 452 704 plumbeos
487 659 558 692 vivi
590 659 688 691 missi
728 662 808 692 sunt
841 663 875 692 et
909 659 958 692 sic
991 660 1025 691 in
1059 667 1153 692 mare
1181 660 1404 703 praecipitati
1428 659 1523 692 circa
1552 667 1663 691 annos

271 724 400 757 domini
427 722 688 757 CCLXXXVII.
739 723 810 757 Sub
835 723 1032 757 nominibus
1062 724 1170 768 igitur
1195 725 1339 758 istorum
1367 723 1395 758 V
1423 724 1546 757 statuit
1570 722 1662 757 Mel-

272 788 418 823 (·hiades
443 798 537 833 papa
557 787 760 833 praedictos
778 787 823 822 lv
842 788 1010 822 honorari
1033 792 1067 822 et
1086 787 1131 822 IV
1149 793 1337 822 coronatos
1361 790 1501 831 vocari,
1529 789 1663 823 scilicet

272 859 457 900 antequam
485 865 601 888 eorum
620 855 761 887 nomina
777 856 1026 898 reperirentur,
1056 858 1090 888 et
1107 853 1189 888 licet
1209 854 1428 898 postmodum
1452 856 1592 888 nomina
1607 865 1663 889 re-

272 924 374 965 perta
396 920 546 963 suerunt,
562 930 646 955 usus
662 924 776 955 tamen
789 919 952 963 obtinuit,
973 918 1064 955 uth
1078 922 1238 955 coronati
1259 919 1427 965 deinceps
1449 923 1664 955 vocarentur,

716 1245 842 1311 cAP.
878 1246 1031 1312 CLXV.
1075 1245 1224 1312 (160.)

539 1345 647 1389 De
686 1345 953 1389 sancto
985 1343 1194 1389 Theo
1210 1343 1400 1389 (loro.

368 1453 580 1488 Theodorus
606 1454 640 1487 in
666 1452 752 1488 urbe
778 1452 1112 1488 Marmanitanorum
1147 1453 1210 1487 sul)
1236 1453 1466 1498 Dyoeietiano
1494 1456 1529 1487 et
1553 1451 1671 1487 Maxi-

279 1520 393 1553 miano
420 1520 609 1553 martirium
636 1529 762 1564 passus
790 1523 853 1553 est.
904 1519 967 1553 Cui
992 1529 1065 1553 cum
1092 1530 1237 1564 praeses
1265 1519 1409 1562 diceret,
1437 1518 1531 1565 quod
1558 1519 1670 1552 sacri-

280 1584 402 1619 ficaret
428 1590 461 1618 et
488 1586 670 1629 pristinam
703 1585 859 1619 militiam
892 1587 1084 1629 reciperet,
1118 1586 1301 1631 respondit
1333 1585 1565 1620 Theodorus:
1603 1594 1670 1631 ego

280 1651 390 1684 milito
418 1650 490 1685 Deo
518 1661 594 1685 meo
621 1654 656 1685 et
681 1650 752 1684 filio
778 1653 854 1695 ejus
882 1651 967 1686 Jesu
994 1650 1145 1685 Christo.
1196 1651 1257 1686 Cui
1283 1661 1450 1696 praeses:
1476 1662 1562 1697 ergo
1578 1651 1671 1685 Deus

279 1721 359 1751 tuus
396 1715 501 1750 tilium
544 1715 677 1751 habet?
726 1716 787 1750 Cui
822 1716 1050 1751 Theodorus:
1094 1719 1210 1752 etiam.
1267 1716 1321 1751 Ad
1366 1728 1465 1762 quem
1508 1725 1671 1762 praeses:

280 1793 465 1828 possemus
501 1793 576 1817 eum
611 1784 853 1829 cognoscere?
901 1781 944 1817 Et
979 1782 1211 1817 Theodorus:
1250 1793 1325 1817 enin
1367 1784 1487 1827 utique
1521 1782 1670 1826 potestis

279 1858 498 1894 cognoscere
523 1853 558 1883 et
581 1848 627 1883 ad
653 1860 729 1883 eum
754 1847 935 1883 accedere.
985 1848 1083 1882 Datis
1108 1849 1219 1893 igitur
1237 1848 1387 1881 induciis
1408 1851 1528 1881 sancto
1548 1846 1669 1881 Theo-

283 1912 384 1955 doro,
402 1917 439 1947 ut
455 1914 682 1955 sacrificaret,
702 1914 864 1957 templum
888 1914 1041 1957 ²)matris
1063 1913 1212 1947 Deorum
1232 1916 1336 1946 noctu
1357 1916 1497 1946 sanctus
1516 1914 1672 1946 introivit

283 1983 319 2014 et
351 1980 433 2024 igne
460 1980 646 2023 supposito
672 1982 781 2012 totum
816 1978 901 2011 iliud
927 1978 1119 2012 succendit.
1170 1978 1235 2018 Qui
1263 1988 1284 2012 a
1310 1977 1482 2023 quodam,
1517 1978 1574 2023 qui
1607 1977 1673 2012 hoc

284 2044 438 2085 viderat,
470 2048 658 2078 accusatus
695 2045 729 2076 in
764 2053 961 2095 carcerem,
997 2047 1035 2076 ut
1069 2043 1159 2078 tame
1195 2043 1243 2077 ibi
1271 2048 1482 2085 moreretur,
1515 2043 1673 2077 reclusus

284 2113 350 2145 est.
408 2110 471 2144 Cui
510 2108 669 2143 dominus
712 2119 888 2154 apparens
921 2108 1026 2142 dixit:
1071 2109 1225 2151 contide,
1258 2120 1359 2144 serve
1391 2111 1434 2143 mi
1471 2108 1674 2151 Theodore,

284 2177 368 2222 quia
400 2186 467 2222 ego
501 2178 613 2210 tecum
647 2185 733 2210 sum.
792 2175 893 2210 Tunc
936 2174 1039 2209 turba
1079 2175 1320 2209 dealbatorum
1361 2177 1509 2210 virorum
1553 2175 1673 2208 clauso

284 2243 378 2277 ostio
419 2241 464 2276 ad
505 2251 579 2275 enm
622 2242 766 2276 veniens
808 2251 883 2275 cuin
925 2251 967 2275 eo
1007 2241 1161 2285 psallere
1194 2243 1320 2286 coepit.
1381 2241 1480 2282 Quod
1516 2240 1673 2275 videntes

283 2307 449 2343 custodes
485 2308 599 2341 territi
635 2307 811 2352 sugerunt.
862 2307 944 2341 Cum
977 2310 1092 2342 autem
1131 2306 1211 2341 inde
1245 2307 1388 2341 eductus
1416 2307 1542 2342 suisset
1568 2311 1602 2342 et
1629 2307 1674 2341 ad

285 2373 461 2409 sacrificia
487 2374 714 2415 invitaretur,
742 2374 810 2407 ait:
838 2374 867 2406 si
890 2383 1013 2408 carnes
1040 2383 1135 2407 meas
1163 2374 1245 2419 igne
1270 2374 1480 2408 cremaveris
1509 2377 1543 2409 ct
1568 2375 1674 2409 variis

288 2449 472 2475 consumas
506 2439 709 2483 suppliciis,
751 2438 861 2473 donec
900 2438 1005 2472 suerit
1040 2439 1185 2483 spiritns
1221 2441 1255 2473 in
1282 2440 1425 2473 naribus
1461 2441 1567 2481 meis,
1605 2449 1673 2472 non

287 2504 473 2551 denegabo
507 2504 615 2539 Deum
650 2514 770 2539 meum.
821 2504 919 2538 'l'unc
951 2504 996 2538 ad
1029 2510 1252 2550 praeceptum
1285 2505 1460 2550 praesidis
1503 2506 1536 2538 in
1576 2503 1673 2549 ligno

289 2570 515 2615 suspenditur
547 2574 582 2605 et
614 2570 755 2617 ungulis
791 2570 917 2606 ferreis
942 2575 1011 2605 tam
1038 2571 1229 2606 crudeliter
1253 2571 1366 2607 latera
1393 2573 1467 2617 ejus
1496 2569 1672 2611 raduntur,

360 2710 385 2741 1)
407 2709 456 2737 nd.
477 2713 519 2737 l'r.
539 2711 597 2737 Cia
609 2711 672 2738 dii.
785 2712 812 2743 2)
833 2710 885 2740 Ed.
905 2714 948 2740 l’r.
968 2710 1108 2738 Martis
1128 2710 1209 2743 legit.
