1742 3005
279 99 376 148 Cap.
409 96 581 135 CLXIII.
630 97 690 135 De
719 98 1079 136 commemoratione
1105 97 1329 136 animarum.
1416 96 1497 136 735

111 211 179 247 quo
205 199 384 244 tenderet,
410 202 604 247 requisivit.
653 200 715 236 Cui
736 211 810 236 cum
827 201 887 236 illa
905 205 958 238 sui
977 204 1112 238 itineris
1135 213 1274 238 eausam
1292 207 1496 248 exponeret,

111 266 172 300 ille
197 266 336 312 ajebat:
374 267 446 301 noli
482 266 613 301 frustra
638 269 779 310 vexari,
813 270 990 314 quiajam
1017 271 1125 304 missa
1152 269 1331 305 celebrata
1353 273 1425 311 est,
1462 273 1498 305 et

110 333 163 366 sie
194 332 256 366 illa
288 333 401 376 tribus
439 332 563 368 diebus
598 334 738 368 missam
766 336 951 369 intermisit
975 345 1037 369 nee
1063 337 1172 379 ipsam
1200 334 1372 370 celebrari
1401 336 1493 371 fecit.

109 397 257 438 Quidam
284 403 398 433 autem
424 403 504 444 post
530 398 595 433 hoe
622 400 656 433 in
682 399 865 444 praediota
891 410 975 444 rupe
1001 404 1182 445 argentum
1218 400 1356 434 fodiens
1384 410 1495 445 quan-

109 463 188 498 dam
214 474 332 499 vocem
361 465 493 499 audivit
518 465 561 499 de
581 463 703 498 subtus
729 464 920 498 dicentem:
947 464 1049 508 plane
1069 467 1258 508 percutias,
1287 467 1369 510 quia
1388 468 1495 511 capiti

108 539 184 564 meo
221 531 373 565 imminet
405 539 550 575 magnus
585 530 686 573 lapis.
737 529 819 563 Cum
853 532 966 563 autem
999 529 1058 563 ille
1084 534 1249 564 tremeret
1275 534 1309 565 et
1333 531 1378 565 ad
1404 530 1494 565 hane

107 606 226 631 vocem
261 594 467 630 audiendam
500 594 667 638 plurimos
700 598 952 635 convocasset,
988 596 1111 628 iterum
1147 595 1236 629 fodit
1268 599 1303 630 et
1333 596 1494 631 similiter

107 670 223 696 vocem
262 661 406 695 audivit.
464 659 562 694 Tunc
603 669 721 694 omnes
762 661 906 704 propius
949 660 1158 695 aecedentes
1195 661 1373 696 dixerunt:
1415 664 1492 708 quis

105 728 195 761 enim
230 737 268 761 es
303 726 368 760 tu?
416 726 482 766 Qui
516 725 733 770 respondens
767 727 834 759 ait:
876 725 978 769 plane
1021 726 1182 765 faciatis,
1226 728 1308 772 quia
1346 738 1492 774 magnus

107 791 197 837 lapis
234 794 336 838 qnasi
369 802 474 837 super
508 802 560 826 me
593 789 696 825 cadit.
746 791 811 830 Qui
850 801 868 824 a
904 791 1014 825 latere
1051 792 1226 826 fodientes
1268 797 1302 827 et
1334 794 1378 828 ad
1416 806 1491 830 eum

105 867 215 903 nsque
241 859 487 903 pervenientes
514 868 587 892 euni
616 867 736 891 sanum
765 861 799 891 et
824 857 1027 890 incolumem
1061 861 1286 892 extraxerunt
1311 864 1346 894 et
1369 862 1491 895 scisci-

103 928 232 965 tantes,
259 924 432 969 quomodo
458 924 507 957 ibi
533 922 664 957 tamdiii
690 923 848 963 vixisset,
876 921 975 963 dixit,
1003 922 1094 966 quod
1122 923 1279 966 qualibet
1307 924 1362 960 die
1391 929 1490 971 panis

104 1001 191 1024 unus
218 993 253 1024 et
278 999 401 1024 urceus
428 990 497 1024 vini
525 993 559 1023 et
586 988 731 1022 candela
756 997 926 1027 aceensa,
961 989 1027 1021 nisi
1058 991 1188 1022 tantum
1213 990 1325 1025 tribus
1351 992 1489 1036 diebus,

103 1055 172 1090 sibi
197 1055 336 1089 oblatus
362 1054 438 1089 suit.
488 1054 587 1093 Quod
616 1064 702 1087 uxor
728 1054 804 1098 ejus
830 1053 976 1088 audiens
1003 1057 1037 1088 et
1063 1053 1285 1090 vehementer
1309 1058 1489 1093 exsultans

102 1122 266 1167 agnovit,
294 1119 388 1166 quod
414 1120 457 1155 de
483 1120 663 1155 oblatione
691 1129 756 1154 sua
782 1120 887 1153 fuerit
913 1123 1129 1153 sustentatus
1157 1126 1190 1155 et
1209 1123 1300 1166 quod
1317 1123 1489 1168 dyabolus

101 1196 177 1221 eam
204 1185 396 1231 deceperit,
422 1196 465 1220 ne
490 1185 561 1219 illis
588 1185 699 1219 tribus
727 1185 850 1219 diebus
878 1186 1018 1218 missam
1043 1188 1176 1220 cantari
1204 1186 1340 1223 fecerit,
1388 1189 1488 1233 Illud,

100 1256 138 1287 ut
171 1256 322 1287 testatur
353 1252 478 1287 Petrus
513 1252 774 1293 Cluniaeensis,
809 1250 937 1285 accidit
974 1252 1006 1284 in
1040 1251 1122 1285 villa
1158 1254 1293 1287 nomine
1325 1252 1490 1290 Ferraria

101 1316 455 1362 Grationopolitanae
487 1317 680 1363 dyoecesis.
732 1316 925 1362 Gregorius
961 1318 1063 1351 etiam
1099 1317 1226 1360 refert,
1260 1319 1374 1364 qaod,
1410 1321 1488 1355 dum

100 1382 242 1428 quidam
273 1388 380 1417 nauta
413 1385 448 1417 in
472 1384 559 1418 mari
591 1383 810 1428 naufragium
838 1392 1027 1426 perpessus
1053 1383 1178 1417 fuisset
1203 1389 1236 1417 et
1262 1385 1401 1429 quidam
1427 1397 1487 1421 sa-

98 1448 224 1483 cerdos
258 1459 322 1492 pro
356 1458 398 1483 eo
433 1447 582 1482 hostiam
619 1447 856 1489 immolasset,
901 1449 977 1492 ipse
1011 1448 1146 1482 tandem
1183 1448 1225 1483 (le
1258 1452 1341 1484 mari
1378 1462 1486 1486 sanus

96 1514 217 1548 exivit.
266 1512 349 1547 Cum
374 1517 508 1555 autem,
535 1513 687 1559 qualiter
714 1516 905 1555 evasisset,
932 1515 1222 1558 interrogaretur,
1254 1515 1354 1557 dixit,
1380 1517 1485 1561 quod,

96 1578 176 1614 dum
209 1579 244 1612 in
275 1578 390 1613 medio
424 1580 530 1612 maris
566 1579 755 1613 exsisteret
789 1584 824 1614 et
855 1581 929 1625 Jam
964 1590 1075 1624 paene
1109 1580 1279 1625 fatigatus
1308 1580 1485 1624 deficeret,

96 1644 238 1690 quidam
271 1644 316 1678 ad
348 1654 424 1679 eum
458 1645 552 1679 venit
587 1635 770 1689 et'panein
798 1645 967 1690 quendam
995 1645 1063 1679 sibi
1089 1645 1225 1680 obtulit.
1277 1647 1382 1686 Quem
1411 1657 1485 1681 eum

96 1710 156 1745 ille
182 1709 414 1752 comedisset,
440 1711 557 1744 statim
582 1710 800 1744 confortatus
828 1712 920 1744 vires
951 1713 1084 1756 recepit
1108 1716 1142 1746 et
1170 1713 1203 1746 in
1229 1712 1378 1757 quadam
1405 1715 1487 1748 navi

97 1775 178 1810 inde
202 1779 404 1810 transeunte
429 1779 592 1820 receptus
626 1775 690 1809 suit
718 1778 962 1821 inventumque
989 1781 1061 1819 est,
1094 1778 1186 1822 quod
1220 1778 1281 1812 illa
1306 1777 1395 1813 hora
1420 1789 1484 1824 pa-

58 1842 63 1845 '
96 1852 172 1876 nem
198 1839 340 1884 habuit,
376 1850 445 1885 qua
479 1851 542 1885 pro
570 1851 612 1876 eo
639 1842 808 1876 sacerdos
833 1841 983 1876 hostiam
1013 1843 1216 1880 immolavit.
1265 1845 1365 1884 Quod
1402 1856 1484 1880 vero

94 1909 254 1951 quartum
289 1905 535 1952 suffragiorum
571 1917 703 1953 genus,
743 1907 878 1941 seilicet
907 1908 1122 1953 jejuniorum
1160 1909 1388 1951 observatio,
1424 1911 1482 1946 de-

95 1971 222 2005 functis
248 1972 373 2016 prosit,
397 1976 549 2006 testatur
573 1971 769 2017 Gregorius
794 1983 904 2018 agens
931 1978 998 2007 tam
1025 1974 1068 2008 de
1094 1976 1174 2014 isto,
1202 1985 1302 2020 qnam
1333 1975 1376 2010 de
1402 1976 1483 2010 aliis

92 2035 206 2070 tribus
241 2036 382 2070 dicens:
415 2039 551 2070 animae
583 2037 822 2071 defunctorum
856 2043 1006 2083 quatuor
1039 2040 1151 2072 modis
1186 2041 1390 2082 solvuntur,
1424 2045 1486 2075 aut

93 2100 333 2135 oblationibus
365 2101 586 2135 sacerdotum
619 2105 678 2134 aut
713 2102 874 2145 precibus
905 2108 1104 2136 sanctorum
1139 2109 1199 2137 aut
1223 2114 1383 2138 carorum
1410 2105 1483 2140 ele—

94 2167 239 2200 mosinis
270 2169 330 2200 aut
357 2166 496 2211 jejunio
523 2169 764 2211 cognatorum.
814 2166 916 2201 Valet
948 2167 1171 2202 nihilominus
1198 2179 1261 2213 pro
1288 2171 1330 2204 iis
1359 2172 1481 2215 poeni·
1509 2160 1517 2166 '

93 2233 203 2266 tentia
229 2231 326 2266 saeta
347 2230 392 2265 ab
411 2231 546 2265 amieis.
595 2229 692 2265 Unde
715 2231 832 2266 retulit
853 2232 992 2278 quidam
1015 2234 1194 2268 sollemnis
1213 2234 1349 2278 doctor,
1376 2236 1482 2281 quod,

94 2306 170 2332 eum
196 2296 366 2342 quaedam
392 2295 516 2330 mulier
543 2297 616 2330 viro
641 2302 776 2332 mortuo
802 2297 846 2333 de
876 2303 1085 2343 paupertate
1111 2299 1336 2344 desperaret,
1370 2311 1481 2346 appa-

93 2363 164 2397 ruit
187 2363 221 2396 ei
247 2361 418 2406 dyabolus
444 2360 581 2404 dicens,
615 2362 709 2407 quod
735 2372 808 2397 eam
838 2363 986 2407 ditaret,
1021 2367 1051 2398 si
1078 2375 1174 2399 suam
1201 2366 1335 2400 faceret
1360 2366 1482 2400 volun-

90 2432 210 2462 tatem.
260 2426 324 2461 Cui
351 2428 566 2471 promittenti
591 2428 700 2471 primo
718 2429 880 2474 injunxit,
907 2433 944 2463 ut
962 2431 1057 2464 viros
1077 2430 1337 2465 ecclesiasticos
1358 2432 1394 2465 in
1417 2441 1481 2466 suo

92 2492 247 2538 hospitio
275 2496 436 2537 receptos
466 2492 598 2527 faceret
623 2492 808 2535 fornicari,
834 2493 1007 2537 seeundo,
1042 2494 1134 2540 quod
1163 2505 1338 2540 pauperes
1363 2498 1398 2530 in
1424 2496 1481 2531 dte

93 2561 267 2604 reciperet
291 2563 326 2594 et
352 2559 385 2593 in
413 2562 515 2592 noete
544 2567 674 2592 vaouos
699 2558 914 2602 expelleret,
951 2561 1078 2603 tertio,
1119 2560 1212 2605 quod
1239 2562 1418 2596 orationes
1445 2563 1480 2596 in

92 2623 247 2659 eeclesia
263 2624 452 2670 garriendo
475 2622 669 2668 impediret,
696 2627 833 2668 quarto,
860 2623 953 2669 quod
973 2624 1057 2658 nulli
1082 2624 1239 2660 confiteri
1266 2625 1411 2662 deberet
1436 2626 1479 2662 de

92 2688 169 2724 hoc.
197 2689 351 2726 Tandem
377 2699 449 2725 omn
477 2689 578 2724 morti
598 2690 918 2734 appropinquasset
945 2693 980 2724 et
1002 2699 1025 2724 a
1051 2688 1121 2724 filio
1146 2689 1192 2725 ad
1221 2691 1476 2728 consessionem
