1742 3005
255 104 337 143 498
450 105 545 154 Cap.
580 103 732 140 cxvn.
793 103 851 138 De
884 109 1012 138 sancto
1041 101 1250 139 Laurentio
1282 101 1451 139 martire.

257 208 460 244 imitabilem
487 206 638 242 exhibet.
687 204 800 240 Primo
826 206 860 238 in
885 204 1110 241 adversorum
1142 207 1225 241 sorti
1257 208 1499 253 perpessione.
1550 204 1646 240 Unde

259 274 498 319 Augustinus:
526 270 570 305 ad
598 269 824 305 erudiendum
849 270 914 304 Dei
938 270 1102 315 populum
1129 271 1299 306 nullorum
1325 277 1379 306 est
1397 271 1516 306 utilior
1536 270 1647 305 forma

260 348 361 383 quam
386 338 575 371 martirum.
624 335 834 381 Eloquentia
851 335 966 370 Facilis
991 335 1034 369 ad
1061 336 1315 371 exhortandum
1339 337 1375 369 sit
1395 338 1496 377 ratio,
1523 336 1646 371 efficax

260 403 304 437 ad
331 401 558 438 suadendum.
607 401 791 436 Validiora
814 405 930 436 tamen
954 405 1035 435 sunt
1059 401 1218 446 exempla
1242 410 1344 446 quam
1368 400 1478 435 verba.
1513 405 1547 435 et
1570 400 1648 445 plus

260 473 314 504 est
336 478 444 513 opere
465 467 592 502 docere
613 477 714 512 quam
735 476 831 501 voce.
863 466 900 500 In
920 477 987 511 qno
1005 467 1301 501 excellentissimo
1321 476 1452 511 genere
1470 465 1649 499 doctrinae

259 533 385 568 heatus
415 534 537 566 martir
568 533 780 567 Laurentius
819 542 918 577 quam
951 532 1112 577 gloriosa
1145 532 1277 576 polleat
1311 531 1507 576 dignitate,
1547 532 1650 565 etiam

260 603 504 643 persecutores
536 599 649 643 ipsius
680 600 812 632 sentire
836 602 1043 643 potuerunt,
1079 608 1146 642 qno
1183 597 1244 631 illa
1275 596 1446 631 mirabilis
1480 595 1650 630 soi-titudo

262 664 367 697 animi
392 674 461 697 non
487 662 598 696 solum
623 673 692 697 non
718 663 877 705 cederet,
919 663 981 697 sed
1009 664 1111 698 etiam
1136 662 1227 696 alios
1254 662 1421 706 ememplo
1449 671 1535 696 suae
1559 661 1650 695 tole-

261 731 397 763 rantiae
422 728 619 762 roboraret.
668 727 829 761 Secundo
856 729 890 761 in
915 727 994 761 fidei
1021 728 1259 773 magnitudine
1281 732 1315 761 et
1336 727 1486 761 fervore.
1534 726 1651 761 Maxi-

261 804 336 828 mus
372 793 427 827 vel
458 791 685 828 Ambrosius:
718 792 794 825 dnm
829 793 865 825 in
902 791 970 826 fide
1005 803 1069 826 sua
1100 794 1338 837 persecutoris
1373 793 1527 826 flammas
1553 793 1649 832 vicit,

262 858 418 893 ostendit
441 857 543 891 nobis
568 868 632 902 per
658 858 772 903 ignem
799 856 878 891 lidei
899 856 1087 892 Gehennae
1106 857 1267 892 incendia
1290 867 1458 901 superare
1475 860 1509 891 et
1533 867 1651 890 amore

264 924 397 973 Clu-isti
422 923 511 958 diem
531 922 660 967 judieii
685 933 754 956 non
777 924 912 957 timere.
962 922 1086 957 Tertio
1107 924 1140 956 in
1161 922 1300 956 ardenti
1319 921 1518 956 devotione.
1556 919 1650 955 Idem

264 989 319 1025 vel
345 988 569 1024 Ambrosius:
595 987 802 1021 illuminavit
826 987 985 1021 mundum
1011 987 1113 1032 plane
1137 988 1348 1023 Laurentius
1373 988 1407 1020 in
1434 997 1474 1021 eo
1512 987 1651 1028 lumine,

263 1065 331 1100 quo
365 1056 442 1098 ipse
475 1063 664 1086 succensus
701 1056 777 1094 est,
811 1057 845 1087 et
881 1052 1045 1095 flammis,
1082 1063 1170 1098 quas
1196 1055 1273 1098 ipse
1298 1053 1464 1098 pertulit,
1502 1053 1651 1086 omnium

263 1119 529 1153 christianorum
564 1117 671 1151 corda
704 1117 868 1152 calefecit
928 1118 1047 1163 Deque
1088 1118 1143 1153 his
1183 1119 1296 1153 tribus
1336 1119 1439 1153 etiam
1483 1119 1533 1152 sio
1569 1117 1653 1151 dicit

260 1184 435 1219 Maximus
463 1183 517 1217 vel
543 1182 749 1217 Ambrosius
775 1182 960 1217 seeundum
987 1183 1155 1228 quosdam
1187 1184 1316 1218 libros:
1351 1184 1447 1218 beati
1470 1182 1653 1217 Laurentii

263 1249 421 1294 exemplo
449 1258 679 1293 provocamur
702 1248 746 1282 ad
773 1249 983 1289 martirium,
1010 1249 1231 1283 accendimur
1258 1249 1301 1283 ad
1330 1249 1441 1291 fidem,
1467 1248 1650 1283 incalesci-

263 1326 336 1349 mus
369 1314 413 1348 ad
447 1314 680 1350 devotionem.
730 1313 854 1348 Tertio
890 1314 955 1348 suit
981 1314 1277 1348 excellentissima
1312 1315 1345 1347 in
1370 1316 1566 1348 constantia
1589 1324 1652 1348 seu

263 1380 478 1414 fortitudine.
527 1379 579 1413 De
605 1380 704 1424 anus
733 1381 932 1413 constantia
957 1383 991 1414 et
1015 1379 1221 1414 fortitudine
1245 1380 1296 1413 sic
1321 1378 1405 1413 dicit
1428 1379 1552 1414 heatus
1577 1380 1649 1413 Au-

261 1447 443 1492 gustinus:
468 1444 593 1479 beatus
616 1444 830 1491 Laurentius
855 1446 983 1478 mansit
1007 1446 1040 1479 in
1068 1444 1207 1479 Christo
1233 1454 1345 1489 usque
1371 1444 1415 1478 ad
1438 1444 1652 1488 tyrannicam

263 1512 596 1557 interrogationem,
635 1521 746 1556 usque
780 1508 824 1544 ad
855 1512 1058 1544 acerrimam
1103 1511 1422 1552 comminationem,
1466 1519 1577 1554 usque
1609 1508 1655 1543 ad

262 1577 523 1619 peremtionem.
579 1575 616 1609 ln
659 1585 728 1620 qua
767 1575 876 1622 longa
910 1581 1020 1611 morte
1063 1577 1146 1622 quia
1177 1575 1268 1611 bene
1310 1575 1579 1610 manducaverat
1621 1578 1656 1608 ct

263 1640 351 1675 bene
383 1640 544 1681 biberat,
591 1644 766 1685 tamquam
798 1641 861 1675 illa
893 1652 974 1676 esea
1008 1642 1194 1687 saginatus
1229 1646 1263 1676 et
1293 1641 1354 1676 illo
1392 1640 1502 1675 calice
1536 1639 1655 1674 ebrius

263 1706 379 1741 sactus
410 1708 584 1740 tormenta
615 1715 684 1739 non
718 1707 849 1747 sensit,
884 1717 952 1739 non
978 1708 1108 1749 cessit,
1145 1707 1206 1742 sed
1240 1709 1274 1742 in
1302 1717 1447 1753 regnum
1473 1706 1654 1740 successit.

262 1771 363 1806 Adeo
393 1775 508 1805 autem
543 1770 608 1804 suit
641 1774 805 1804 constans
840 1774 873 1805 et
907 1769 1044 1812 firmus,
1086 1771 1178 1815 quod
1217 1783 1284 1806 non
1325 1773 1436 1806 solum
1474 1771 1656 1805 tormentis

264 1847 332 1870 non
359 1835 561 1877 succubuit,
597 1835 660 1870 sed
693 1837 796 1870 etiam
830 1846 872 1870 ex
897 1837 984 1880 ipsis
1011 1836 1213 1877 tormentis,
1247 1840 1284 1869 ut
1310 1835 1460 1870 habetur
1485 1845 1527 1869 ex
1553 1834 1655 1868 dictis

264 1900 359 1936 beati
383 1900 548 1942 Maximi,
578 1900 692 1935 sactus
719 1905 772 1935 est
797 1901 990 1945 perfectior
1016 1902 1049 1934 in
1075 1902 1219 1942 timore,
1256 1900 1447 1934 ferventior
1479 1902 1511 1934 in
1538 1910 1656 1933 amore

264 1970 298 1999 et
317 1965 507 2010 jucundior
534 1967 568 1999 in
593 1966 730 2000 ardore.
781 1966 831 2001 De
858 1967 967 2011 primo
996 1967 1048 2000 sie
1074 1966 1174 1999 dicit:
1201 1965 1401 2000 extenditur
1425 1976 1531 2010 super
1558 1965 1654 1998 {lam-

264 2041 394 2065 marum
421 2032 552 2076 ignitos
579 2031 706 2076 globos
735 2035 769 2066 et
793 2034 935 2076 saepius
963 2036 1123 2066 versatur
1157 2032 1190 2064 in
1219 2031 1350 2072 latera,
1386 2030 1449 2065 sed
1480 2032 1655 2075 ¹)quanto

264 2096 341 2139 plus
373 2106 562 2140 poenarum
595 2098 746 2140 patitur,
793 2101 891 2131 tanto
933 2098 1121 2141 patientius
1162 2095 1336 2129 Christum
1370 2095 1543 2129 dominum
1577 2105 1657 2139 per-

266 2162 447 2195 timescit(
477 2160 647 2200 Quantum
685 2161 730 2195 ad
773 2162 962 2197 secundnm
999 2163 1049 2196 sic
1089 2163 1138 2195 ait
1171 2161 1346 2197 Maximus
1383 2161 1436 2195 vel
1471 2160 1655 2195 secundum

264 2225 434 2270 quosdam
460 2225 570 2259 libros
596 2226 822 2261 Ambrosius:
848 2238 993 2273 granum
1020 2228 1155 2272 sinapis
1182 2237 1255 2260 cum
1275 2228 1412 2267 teritur,
1440 2225 1655 2265 accenditur,

264 2291 476 2325 Laurentius
519 2302 592 2325 cum
632 2294 780 2336 patitur,
832 2293 1073 2327 inflammatur.
1129 2291 1240 2326 Idem:
1283 2302 1374 2326 novo
1415 2291 1655 2325 admirationis

265 2366 395 2400 genere
429 2356 520 2390 alius
558 2356 651 2391 illum
685 2361 824 2402 torquet
857 2362 892 2393 et
925 2358 985 2392 alii
1019 2359 1216 2392 saevientes
1259 2361 1431 2392 tormenta
1461 2357 1655 2401 perficiunt.

264 2421 328 2455 sed
362 2421 576 2456 devotiorem
613 2422 841 2457 Laurentium
876 2423 1046 2457 salvatori
1077 2423 1251 2468 supplicia
1281 2424 1461 2457 atrociora
1487 2421 1653 2455 fecerunt.

265 2487 434 2524 Quantum
456 2487 500 2521 ad
519 2488 656 2521 tertium
676 2489 728 2522 sie
749 2487 852 2522 dicit:
877 2499 938 2523 eor
955 2490 1032 2533 ejtts
1052 2493 1147 2523 tanta
1172 2488 1239 2524 tide
1266 2489 1298 2523 in
1319 2487 1449 2522 Christi
1475 2485 1635 2531 magnarii

264 2553 381 2585 mitate
405 2553 556 2594 coaluit,
587 2557 623 2586 ut
648 2552 824 2597 despectis
850 2556 985 2599 proprii
1010 2555 1169 2599 corporis
1194 2552 1407 2588 cruciatibus
1433 2549 1653 2584 insanissimo

331 2650 356 2680 1)
387 2649 436 2675 l-Zrl.
465 2654 506 2677 Ιϊ,
536 2656 683 2677 tantum
710 2667 742 2671 --
769 2656 951 2684 qninnluni
980 2651 1216 2688 patientiam,
1251 2646 1355 2681 ΙΨῙῘἸ1Ιί
1389 2645 1456 2672 libri
1484 2649 1592 2671 '³⁰¹⁰
1644 2660 1652 2663 ⁴

259 2697 400 2725 quanto
420 2703 434 2718 a
447 2703 471 2719 ιιι
484 2704 502 2727 μ
515 2694 520 2719 Ι
531 2694 537 2720 i
548 2705 563 2719 ιι
574 2704 586 2720 s
613 2695 749 2724 offerunt.
