1742 3005
378 98 475 148 Cap.
507 97 612 134 Lm.
669 96 729 134 De
758 96 937 147 passione
967 93 1126 133 domini.
1370 95 1448 133 223

60 207 95 239 et
118 211 255 238 menses
280 204 353 238 tres
377 201 508 236 doeens
535 199 667 237 Christi
691 202 886 243 veritatem,
914 210 989 235 cum
1016 199 1114 234 multi
1138 209 1202 246 per
1227 210 1303 237 eum
1330 201 1451 246 populi

60 269 222 304 conversi
257 267 429 309 fuissent,
473 267 785 313 dignus-martirio
818 270 936 301 tentus
969 276 990 301 a
1014 265 1144 311 populo
1177 275 1392 312 paganorum
1418 271 1452 301 et

58 334 208 370 traditus
234 333 430 379 Tarquinio
463 332 563 367 urbis
597 332 778 378 praesecto
813 333 995 367 tormentis
1027 332 1211 378 plagarum
1239 336 1274 367 et
1298 334 1451 368 carceris

58 400 166 446 longa
188 399 350 435 custodia
375 403 571 434 maceratus
598 409 673 433 c-um
701 396 902 432 sacrificare
926 397 1099 432 noluisset
1117 397 1246 441 3‘dolis,
1274 398 1451 443 quasibo-

58 477 124 501 nus
159 465 294 500 athleta
324 464 391 499 Dei
425 464 482 498 die
507 466 613 498 tertio
652 473 777 497 caesus
811 464 902 496 111101
932 462 1127 496 homicidas
1163 462 1357 498 decollatus
1386 468 1451 499 est.

61 533 170 572 Quem
195 535 336 566 sanctus
362 530 534 564 Silvester
559 532 663 562 nocte
691 527 736 561 ad
763 526 898 561 domum
927 538 1024 562 suam
1047 528 1128 562 tulit
1151 528 1270 573 ibique
1297 534 1452 564 sanctum

59 596 291 633 Melchiadem
318 596 518 640 episcopum
542 595 662 628 venire
688 593 782 635 fecit,
809 595 868 639 qui
893 604 968 628 011111
997 594 1156 627 011111111115
1183 594 1392 637 presbiteris
1420 600 1455 629 et

60 663 273 708 dyaconibus
298 671 362 705 per
384 664 490 694 totam
515 663 650 694 noctem
671 661 705 692 in
728 659 893 694 laudibus
919 669 1128 704 permanens
1160 659 1236 703 ejus
1263 661 1454 694 martirium

59 728 246 764 dedicavit.
296 726 473 766 Quaedam
500 729 614 759 autem
641 725 937 760 christianissima
961 724 1105 763 mulier,
1131 726 1269 758 nomine
1295 724 1453 762 Theone.

59 796 95 829 111
118 793 221 828 horto
249 802 312 826 suo
343 793 449 838 juxta
480 791 702 835 sepulchrum
736 791 838 826 Pauli
871 790 1024 835 apostoli
1057 791 1195 835 rogaxit
1230 795 1455 824 memoratum

59 870 202 905 papam,
228 862 266 893 ut
292 868 355 891 suo
384 861 496 891 sumtu
523 857 744 901 sepulchrum
771 856 962 891 aedificans
990 858 1100 890 sancti
1127 855 1302 889 Timothei
1328 866 1455 900 corpus

61 927 250 970 exciperet.
299 923 399 964 Quod
427 924 554 957 sactum
578 922 711 967 placuit
737 922 897 956 omnibns
935 921 1158 957 christianis,
1196 925 1231 954 ut
1258 921 1361 965 hujus
1388 933 1452 955 no-

61 992 162 1025 minis
187 991 331 1031 martir‚
370 989 405 1023 id
433 994 487 1023 est
513 987 742 1030 Timotheus,
776 987 884 1022 Paulo
912 987 1075 1032 apostolo
1103 997 1165 1031 pro
1194 997 1256 1027 eo,
1293 988 1455 1032 quoniam

61 1055 270 1101 discipulum
296 1054 468 1101 quondam
496 1054 691 1095 habuisset,
718 1054 754 1087 in
780 1053 962 1098 sepultura
986 1052 1209 1087 adhaereret.

522 1309 650 1370 (nl‘.
685 1308 801 1369 Llll.
837 1308 939 1370 (51.
954 1311 990 1369 ).

401 1418 501 1461 De
531 1416 837 1472 passione
868 1415 1127 1461 domini.

149 1524 275 1559 Passio
302 1523 433 1558 Christi
460 1524 526 1558 suit
561 1536 603 1559 ex
631 1525 754 1559 dolore
783 1535 922 1566 amara,
960 1535 1002 1559 ex
1030 1525 1195 1559 illusione
1230 1524 1397 1569 despecta
1425 1530 1458 1560 et

62 1600 106 1624 ex
130 1589 282 1624 utilitate
307 1590 489 1635 multiplici
514 1590 705 1632 fructuosa,
734 1590 836 1624 dolor
861 1595 975 1624 autem
998 1590 1211 1625 causabatur
1231 1601 1273 1625 ex
1293 1592 1456 1636 quinque.

60 1655 176 1691 Primo
203 1666 246 1690 ex
281 1667 343 1697 eo,
395 1655 489 1701 quod
524 1657 603 1700 ipsa
627 1657 749 1700 passio
786 1656 850 1690 suit
876 1657 1113 1701 ignominiosa
1148 1660 1183 1691 et
1214 1656 1279 1690 1100
1313 1661 1460 1701 propter

63 1722 332 1767 ignominiosum
357 1722 482 1763 locum,
509 1723 591 1766 quia
607 1723 640 1755 in
659 1722 833 1760 Calvaria,
861 1722 921 1756 ubi
946 1722 1192 1756 malefactores
1214 1722 1459 1767 puniebantur,

62 1791 208 1832 propter
232 1788 501 1833 ignominiosum
526 1787 755 1832 supplicium,
802 1790 884 1834 quia
917 1792 1028 1822 morte
1063 1789 1268 1833 turpissima
1294 1789 1458 1824 condem-

61 1856 163 1886 natus
189 1856 253 1887 est.
303 1852 395 1887 Crux
423 1854 512 1887 enim
538 1853 745 1897 supplicium
772 1858 847 1888 erat
872 1854 1062 1895 latronum,
1103 1858 1137 1888 et
1160 1854 1244 1889 licet
1268 1865 1351 1889 crux
1379 1859 1460 1889 tunc

63 1921 159 1952 esset
186 1917 316 1953 multae
344 1919 579 1964 ignominiae,
607 1929 696 1953 nunc
721 1923 775 1954 est
801 1920 989 1954 immensae
1015 1919 1164 1965 gloriae.
1212 1919 1310 1955 Unde
1334 1921 1458 1966 Augu-

63 1983 197 2016 stinus:
226 1993 322 2025 crux,
351 1994 442 2029 quae
468 1988 543 2018 erat
567 1984 775 2029 supplicium
804 1985 997 2026 latronum,
1025 1996 1116 2019 1111110
1140 1988 1268 2020 transit
1291 1985 1338 2021 ad
1362 1986 1459 2020 11011-

61 2052 116 2082 tes
142 2049 400 2092 imperatorum.
446 2049 485 2084 Si
512 2054 645 2084 tantum
679 2049 847 2085 honorem
872 2050 968 2085 Deus
1001 2051 1148 2085 contulit
1182 2051 1355 2096 supplicio
1382 2061 1459 2092 suo,

64 2112 148 2158 quid
173 2113 332 2148 conseret
355 2125 458 2149 servo
487 2124 550 2149 suo
566 2115 582 2148 ?
632 2114 782 2159 Propter
815 2117 1086 2162 ignominiosum
1112 2118 1344 2158 consortium,
1378 2117 1462 2161 quia

62 2188 139 2213 cum
173 2179 358 2214 sceleratis
392 2179 580 2225 deputatus
619 2184 692 2222 est,
730 2181 764 2214 id
792 2186 865 2223 est,
901 2192 975 2216 cum
1008 2181 1225 2224 latronibus,
1263 2183 1322 2228 qui
1347 2183 1460 2227 primo

65 2248 163 2278 erant
186 2244 362 2280 scelerati.
417 2245 488 2281 Sed
521 2251 648 2291 postea
675 2257 763 2280 unus
790 2257 1003 2289 conversus,
1044 2248 1181 2282 scilicet
1210 2246 1373 2291 Dismas,
1401 2249 1461 2294 qui

51 2312 144 2343 ¹erat
167 2318 189 2342 a
213 2308 366 2352 dextris,
403 2313 493 2346 sicut
519 2312 647 2346 dicitur
671 2313 707 2346 in
733 2313 922 2359 evangello
950 2312 1147 2355 Nicodemi,
1188 2318 1223 2348 et
1247 2314 1338 2348 alius
1363 2314 1460 2348 dam-

64 2377 180 2415 natus,
206 2373 342 2408 scilicet
366 2374 524 2419 Gesmas,
550 2379 609 2422 qui
635 2382 710 2412 erat
734 2388 755 2412 a
780 2379 946 2412 sinistris.
974 2377 1039 2413 Uni
1067 2389 1152 2425 ergo
1181 2378 1279 2413 dedit
1304 2389 1460 2424 regnum,

65 2439 170 2474 alteri
195 2439 413 2483 supplicium.
461 2442 687 2487 Ambrosius:
723 2448 848 2477 auc-tor
878 2444 1023 2487 pietatis
1051 2444 1087 2477 in
1111 2454 1212 2478 cruce
1242 2443 1400 2488 pendens
1425 2446 1460 2479 in

64 2504 217 2550 singulis
241 2506 397 2551 negotiis
421 2507 566 2551 pietatis
598 2506 715 2542 officia
740 2507 938 2549 dividebat,
970 2509 1249 2552 persecutionem
1273 2509 1459 2554 apostolis,

65 2579 187 2615 pacem
213 2569 409 2616 discipulis,
450 2581 577 2617 eorpus
610 2572 780 2615 Judaeis,
813 2572 1080 2607 crucifixoribus
1115 2574 1340 2617 vestimenta,
1365 2577 1458 2620 patri

66 2637 245 2681 spiritum,
268 2637 400 2683 virgini
422 2636 705 2683 paranymphum,
731 2637 861 2672 latroni
885 2638 1108 2683 paradisum,
1134 2640 1378 2685 peecatoribus
1404 2642 1456 2675 in-

66 2701 220 2744 fernum,
246 2711 381 2739 crucem
404 2703 606 2738 christianis
625 2704 889 2749 poenitentibus
918 2704 1192 2742 commendabat.
1231 2704 1320 2742 Eece
1344 2710 1454 2742 testa-
