1742 3005
337 74 430 121 Cap.
466 73 595 109 CLvt.
657 73 711 109 De
743 79 871 109 sancto
903 73 1005 110 Luca
1036 73 1280 123 evangelista.
1422 74 1500 111 693

122 180 200 209 tuor
228 176 391 209 animalia
419 176 604 210 seeundum
636 181 775 211 sanctos
802 182 951 223 quatuor
985 178 1227 224 evangelistae
1254 178 1505 223 significantur.

120 250 262 285 quorum
289 240 436 285 quilibet
465 240 585 275 hahuit
613 246 760 286 quatuor
787 242 895 277 facies
922 243 1126 284 scribendo,
1155 243 1290 277 scilieet
1315 242 1358 277 de
1384 243 1502 276 huma-

119 307 239 349 nitate,
266 308 444 351 passione,
473 308 728 341 resurrectione
756 312 789 341 et
815 307 1015 342 divinitate:
1045 309 1206 353 singulae
1223 313 1337 343 tamen
1356 308 1503 354 singulis

118 382 181 416 per
205 372 377 417 (plaudam
404 373 725 416 appropriationem
751 372 993 406 attribuuntur.
1046 373 1239 408 Secundum
1265 372 1502 418 Hieronymum

118 436 319 472 Matthaeus
363 438 394 471 in
443 436 581 471 homine
625 437 812 482 liguratur,
856 439 936 481 quia
972 438 1212 482 principaliter
1246 439 1339 472 cirea
1372 438 1501 473 Christi

118 502 362 537 humanitatem
397 504 615 543 immoratur,
653 502 767 536 Lucas
804 503 835 534 in
878 502 984 535 vitulo
1019 511 1128 547 agens
1156 502 1198 537 de
1224 502 1353 536 Christi
1384 513 1500 538 sacer-

117 568 226 611 dotio,
255 568 394 603 Marcus
421 568 454 600 iu
481 567 581 600 leone
607 566 802 600 evidentius
829 566 987 600 scribens
1011 566 1052 601 de
1073 569 1339 603 resurrectione.
1388 568 1500 603 Catuli

117 635 204 667 enim
233 633 382 671 leonum,
408 636 444 665 ut
469 631 596 672 dieunt,
623 641 732 676 usque
759 633 791 665 in
819 631 906 665 diem
933 633 1069 666 tertium
1097 634 1195 677 quasi
1224 635 1347 667 mortui
1369 635 1498 679 jacent,

114 697 176 733 sed
212 699 329 743 rugitu
364 696 476 731 leonis
510 697 542 730 in
575 696 630 731 die
664 698 767 731 tertio
802 698 1004 731 excitantur.
1056 697 1179 732 lterum
1216 700 1297 743 quia
1324 700 1454 744 incepit
1480 710 1499 732 a

112 764 228 809 rugitu
263 761 556 807 praedicationiS‚
598 761 774 797 Johannes
807 764 839 795 in
877 762 996 807 aquila
1034 765 1182 798 caeteris
1223 763 1327 798 altius
1363 764 1496 803 volans,

112 827 270 863 scribens
316 827 358 862 de
391 827 521 862 Christi
558 827 749 861 divinitate.
809 827 967 861 Christus
1001 830 1120 866 etiam,
1166 828 1206 863 de
1252 840 1318 874 quo
1363 829 1496 870 scribit,

111 894 228 927 omnia
252 894 320 927 ista
347 897 495 938 quatuor
522 894 602 934 l'uit,
630 892 764 926 scilieet
791 892 892 925 homo
920 897 1020 926 natus
1047 893 1088 927 de
1117 894 1269 939 virgine,
1311 894 1436 928 vitulus
1464 896 1495 928 in

112 960 292 1004 passione,
340 959 395 992 leo
440 960 472 992 in
519 959 793 997 resurrectione,
837 958 954 1002 aquila
996 959 1029 990 in
1067 960 1284 993 ascensione.
1337 958 1402 994 Per
1432 959 1495 993 has

111 1026 218 1069 igitur
244 1028 392 1070 quatuor
421 1023 549 1065 l'acies,
589 1024 621 1055 in
652 1022 778 1068 quibus
812 1022 1017 1068 designatus
1048 1028 1100 1058 est
1128 1024 1263 1065 Lucas,
1302 1026 1390 1058 sicut
1416 1027 1492 1069 qui-

109 1088 196 1124 libet
226 1089 316 1123 atius
357 1088 598 1134 evangelista,
643 1087 859 1129 ostenditur,
904 1088 1052 1133 qualiter
1095 1089 1163 1123 illis
1201 1093 1351 1134 quatuor
1384 1089 1493 1124 :nodis

109 1154 213 1188 suerit
238 1153 433 1187 ordinatus.
483 1152 565 1187 Nam
605 1164 667 1198 per
703 1153 823 1187 taciem
852 1152 1000 1187 hominis
1028 1155 1241 1195 ostenditur,
1280 1153 1373 1199 quod
1402 1159 1492 1189 reete

109 1219 214 1254 l'uerit
247 1218 428 1253 ordinatus
462 1223 624 1264 quantum
660 1219 701 1252 ad
738 1220 946 1262 proximum,
992 1229 1091 1263 quem
1131 1219 1235 1255 debet
1271 1220 1405 1254 ratione
1440 1222 1490 1253 iu-

107 1287 260 1327 struere,
296 1284 558 1318 mansuetudine
585 1284 762 1318 attrahere
788 1288 822 1318 et
847 1281 1060 1318 liberalitate
1088 1285 1217 1320 fovere.
1270 1285 1376 1319 llomo
1404 1287 1491 1320 enim

108 1354 162 1384 est
195 1349 320 1384 animal
355 1349 549 1389 rationale,
587 1354 798 1383 mansuetum
833 1353 866 1383 et
899 1348 1057 1384 liberale.
1107 1350 1173 1385 Per
1199 1350 1323 1385 faciem
1351 1351 1490 1395 aquilae

107 1414 321 1456 ostenditur,
349 1413 440 1458 quod
468 1419 563 1448 recte
591 1413 693 1448 fuerit
721 1414 901 1448 ordinatus
930 1418 1093 1459 quantum
1120 1416 1161 1449 ad
1188 1416 1315 1457 Deum,
1350 1418 1431 1461 quia
1457 1418 1490 1450 in

107 1489 149 1514 eo
175 1479 297 1513 oculus
324 1478 523 1513 intellectus
548 1483 730 1513 contuetur
757 1479 861 1513 Deum
889 1490 950 1524 per
975 1481 1314 1526 contemplationem,
1342 1485 1489 1515 rostrum

106 1544 251 1580 affectus
286 1544 329 1578 ad
365 1545 475 1588 ipsum
512 1546 693 1579 exacuitur
734 1554 797 1588 per
832 1544 1111 1587 meditationem,
1153 1550 1315 1581 senectus
1349 1548 1491 1590 insuper

106 1610 271 1655 abjicitur
305 1620 367 1654 per
400 1619 523 1643 novant
558 1610 870 1664 conversationem.
921 1609 1049 1654 Aquila
1089 1611 1178 1644 enim
1219 1613 1313 1645 acuti
1350 1611 1488 1645 luminis

107 1679 183 1717 est,
208 1679 244 1709 ut
270 1680 379 1709 rotam
405 1674 490 1709 solis
516 1674 785 1709 irreverberatis
811 1674 920 1708 oculis
946 1674 1122 1720 adspiciat
1149 1680 1182 1711 et
1209 1678 1240 1710 in
1260 1677 1363 1710 altum
1385 1677 1488 1710 mira-

106 1740 224 1775 biliter
254 1740 393 1775 elevata
428 1739 616 1784 pisciculos
650 1741 682 1773 in
720 1739 832 1773 medio
868 1741 973 1774 maris
1010 1740 1135 1776 videat.
1189 1741 1349 1777 Rostrum
1385 1742 1488 1775 etiam

106 1806 207 1839 nimis
243 1804 474 1847 aduncatum,
509 1815 552 1840 ne
586 1804 794 1849 impediatur
826 1806 858 1839 in
893 1805 972 1840 cibo
1000 1806 1191 1850 capiendo,
1229 1811 1350 1851 petrae
1374 1806 1490 1840 allidit

106 1875 140 1906 et
175 1872 225 1905 sic
259 1871 336 1905 usui
367 1869 507 1904 cibandi
534 1869 685 1904 habilem
718 1870 836 1905 efficit.
887 1870 1019 1906 Exusta
1044 1873 1186 1917 iusuper
1211 1882 1230 1906 a
1256 1871 1375 1906 calore
1402 1871 1488 1906 solis

104 1940 138 1970 et
162 1937 195 1970 in
230 1936 358 1971 fontem
390 1945 516 1981 magno
538 1936 666 1979 impetu
689 1946 728 1970 se
756 1937 948 1981 projiciens
973 1940 1184 1972 senectutem
1212 1937 1345 1981 abjicit,
1370 1936 1488 1971 calore

106 2001 193 2034 solis
232 2001 410 2035 oculorum
450 2001 633 2047 caliginem
675 2005 898 2036 consumente
937 2005 970 2036 et
1014 2012 1145 2045 pennas
1175 2003 1373 2038 alleviante.
1422 2001 1488 2037 Per

106 2065 230 2100 faciem
256 2065 367 2099 leonis
392 2065 607 2106 ostenditur,
643 2064 734 2109 quod
771 2069 864 2100 recte
898 2065 1003 2100 tuerit
1030 2065 1210 2101 ordinatus
1245 2071 1408 2111 quantum
1442 2065 1486 2100 ad

105 2141 164 2173 se,
210 2131 292 2176 quia
332 2128 455 2164 habuit
496 2131 771 2176 generositatem
823 2140 885 2173 per
920 2140 1048 2163 morum
1091 2132 1389 2166 conversationem
1424 2131 1485 2166 ho—

105 2199 251 2237 nestam,
277 2196 505 2241 sagacitatem
533 2205 594 2239 per
612 2193 813 2228 insidiarum
833 2193 1010 2228 hostilium
1039 2196 1237 2230 vitationem
1256 2199 1288 2230 et
1306 2195 1485 2240 passibili-

103 2264 208 2296 tatem
235 2270 298 2305 per
323 2259 534 2294 afflictorum
559 2260 848 2304 compassionem.
906 2258 977 2294 Leo
1012 2263 1066 2295 est
1097 2261 1184 2295 enim
1219 2261 1345 2295 animal
1375 2272 1484 2306 gene-

107 2335 244 2367 rosum,
269 2326 352 2370 quia
377 2335 437 2359 rex
464 2324 684 2365 animalium,
712 2328 766 2359 est
793 2334 924 2370 sagax,
958 2326 1040 2370 quia
1066 2326 1218 2371 vestigia
1242 2325 1355 2360 cauda
1380 2325 1485 2367 delet,

105 2400 178 2424 cum
206 2388 315 2434 fugit,
344 2399 386 2424 ne
412 2390 630 2431 inveniatur,
665 2388 855 2434 passibile,
893 2391 975 2435 quia
1000 2394 1204 2435 quartanam
1231 2392 1371 2435 patitur.
1421 2389 1486 2424 Per

106 2453 230 2488 faciem
263 2453 361 2487 vituli
394 2454 467 2487 sive
500 2454 599 2488 bovis
636 2453 852 2496 ostenditur,
895 2454 987 2499 quod
1033 2458 1123 2489 recte
1166 2454 1272 2491 suerit
1303 2454 1485 2489 ordinatus

107 2520 269 2563 quantum
297 2517 339 2552 ad
365 2527 461 2552 suum
487 2516 652 2560 officium,
681 2517 773 2562 quod
800 2517 864 2552 fuit
888 2519 1043 2554 scribere
1064 2519 1303 2565 evangelium
1330 2519 1378 2553 ibi
1397 2521 1485 2554 enim

105 2592 241 2617 morose
267 2582 460 2628 processit,
498 2583 580 2627 quia
616 2582 745 2626 incepit
780 2593 801 2616 a
825 2583 1007 2617 nativitate
1033 2584 1274 2628 praecursoris
1300 2588 1334 2619 et
1360 2585 1486 2618 nativi-

107 2648 177 2680 tate
203 2651 235 2681 et
261 2647 408 2682 infantia
437 2646 580 2690 Christi,
609 2650 641 2681 et
667 2647 715 2681 sic
741 2646 905 2691 paulatim
931 2649 1106 2692 processit
1129 2658 1239 2694 usque
1265 2648 1308 2683 ad
1334 2648 1485 2683 ultimam
