1742 3005
299 51 395 102 Cap.
424 51 561 88 LXXI.
622 50 680 88 De
711 58 840 88 sancto
873 50 1072 88 Bonisacio
1103 50 1270 89 martire.
1398 51 1476 89 317

88 161 267 192 matronae
300 157 440 191 nomine
464 155 599 203 Aglaes
632 159 666 192 et
698 166 772 191 cum
808 166 850 191 ea
876 158 909 191 in
934 161 1056 202 stupro
1083 157 1305 201 misceretur,
1338 156 1476 192 tandem

87 225 206 268 utique
221 222 339 257 divino
355 226 440 256 nutu
459 225 656 267 compuncti
677 223 858 257 consilium
885 223 1092 265 habuerunt,
1117 228 1155 258 ut
1173 223 1216 257 ad
1233 223 1476 269 requiremlunr

84 298 235 333 corpora
267 289 446 322 martirum
479 288 684 324 Bonifaeius
718 291 932 331 mitteretur,
973 292 1003 323 si
1038 300 1105 335 quo
1142 289 1246 323 modo
1283 291 1476 324 servientes

84 360 190 399 atque
214 353 450 399 obsequentes
479 356 528 388 eis
556 365 619 399 per
645 365 761 390 eorum
779 357 956 389 orationes
973 355 1102 389 salvari
1119 359 1344 389 mererentur.
1391 355 1476 389 Per-

84 421 228 455 veniens
254 421 364 465 igitur
386 430 449 464 per
477 419 553 454 dies
579 420 713 465 aliquot
738 420 887 454 Tarsum
914 421 1088 454 civitatem
1117 420 1203 453 dixit
1229 420 1274 454 ad
1301 431 1383 462 eos,
1417 423 1476 466 qui

84 495 160 520 cum
195 496 237 520 eo
271 489 390 527 erant,
428 485 654 518 Bonifacius:
681 486 745 518 viri
772 489 892 519 euntes
925 486 1093 529 requirite
1129 484 1232 518 nobiS
1272 485 1475 530 hospitium,

84 562 151 597 ego
179 555 293 586 autem
318 551 375 584 ibo
403 550 524 584 videre
551 560 624 591 eos,
652 560 738 594 quos
766 549 869 584 valde
897 550 1074 592 desidero,
1100 552 1262 585 martires
1287 556 1473 585 certantes.

83 615 265 651 Festinans
291 617 409 661 itaque
435 614 480 649 ad
506 615 621 649 locum
656 614 743 649 vidit
772 615 1000 650 beatissimos
1032 618 1217 658 martires,
1254 616 1357 651 alium
1395 627 1472 651 sus—

83 691 224 726 pensum
248 680 357 725 pedes
384 682 466 726 igne
492 682 698 725 supposito,
735 680 841 715 alium
868 683 902 715 in
928 686 1078 727 quatuor
1102 682 1208 727 lignis
1235 687 1414 717 extensum
1442 687 1475 716 et

81 748 276 782 diutissime
303 747 492 788 afflictum,
525 747 630 780 alium
662 746 802 791 ungulis
837 752 1035 790 exaratum,
1073 748 1179 782 alium
1212 748 1370 782 manibus
1409 748 1473 782 ab-

80 814 246 856 scissum,
279 813 385 847 alium
419 814 572 857 stipitem
606 813 642 846 in
677 812 768 846 collo
792 812 978 848 habentem
1005 814 1146 847 affixum
1172 818 1205 848 et
1231 824 1253 848 a
1276 819 1371 848 terra
1397 814 1471 849 ele-

81 883 218 921 vatum,
245 883 279 913 et
303 880 354 914 sic
380 890 443 923 per
467 879 608 913 diversa
631 878 805 923 supplicia
831 880 987 912 martiria
1011 878 1054 912 ab
1080 880 1185 923 impio
1212 880 1374 914 carnifice
1400 880 1473 914 dis-

81 946 198 988 posita
221 954 295 978 cum
322 946 454 979 eminus
480 944 619 978 fervens
646 948 680 978 et
705 945 781 988 ipse
798 954 916 978 amore
932 943 1061 977 Christi
1080 946 1284 988 respiceret,
1309 955 1470 991 magnum

81 1009 188 1044 Deum
214 1014 410 1044 sanctorum
435 1011 611 1043 martirum
641 1009 791 1044 clamare
815 1011 933 1054 coepit
960 1013 993 1044 et
1017 1020 1202 1044 accurrens
1229 1011 1387 1045 consedit
1409 1022 1470 1056 pe-

79 1076 182 1110 dibus
208 1086 325 1110 eorum
350 1075 561 1111 deosculans
586 1075 724 1109 vincula
749 1085 790 1109 ac
809 1075 947 1110 dicens:
971 1080 1145 1110 certantes
1161 1078 1321 1110 martires
1342 1076 1471 1110 Christi

79 1142 212 1176 calcate
242 1141 450 1187 dyabolum,
477 1141 647 1175 modicum
675 1147 920 1186 perseverate,
946 1151 1074 1186 parvus
1101 1140 1237 1186 quidem
1263 1141 1383 1183 labor,
1407 1141 1469 1175 sed

77 1201 185 1242 multa
217 1209 359 1253 requies
397 1212 431 1242 et
463 1207 653 1242 ineffabilis
690 1207 908 1251 postmodum
942 1209 1102 1241 satietas.
1150 1207 1221 1241 lsta
1267 1209 1354 1241 euim
1393 1211 1466 1241 tor-

77 1278 210 1316 menta,
237 1284 326 1319 quae
350 1284 413 1317 pro
439 1272 631 1307 divinitatis
657 1282 774 1307 amore
796 1275 966 1317 patimini,
988 1272 1194 1317 temporalia
1219 1277 1297 1306 sunt
1323 1277 1357 1307 et
1383 1284 1469 1318 quo-

77 1350 145 1384 que
168 1341 203 1373 in
226 1342 398 1373 momento
426 1339 657 1379 transeuntia,
681 1342 762 1381 post
786 1338 1025 1372 brevissimum
1052 1342 1166 1372 tamen
1195 1340 1360 1383 temporis
1388 1349 1469 1383 spa-

77 1406 160 1438 tium
193 1403 237 1437 ad
273 1408 465 1448 perpetuae
500 1402 681 1437 felicitatis
717 1414 778 1437 vos
812 1405 1037 1438 transmittite
1078 1404 1233 1449 gaudia,
1278 1405 1337 1438 ubi
1372 1406 1468 1450 regis

77 1470 186 1504 vestri
220 1471 358 1504 visione
394 1468 589 1514 gaudentes
615 1468 736 1513 illique
763 1468 967 1503 coelestium
994 1471 1191 1503 cantionum
1225 1470 1349 1504 laudes
1379 1471 1469 1504 inter

77 1535 205 1570 choros
232 1536 437 1582 angelorum
466 1534 737 1568 immortalitatis
764 1534 891 1569 decore
918 1537 1038 1569 vestiti
1073 1535 1266 1570 reserentes
1292 1537 1326 1569 in
1351 1540 1467 1570 aeter-

76 1611 142 1636 nae
168 1602 378 1636 calamitatis
401 1601 531 1645 abysso
559 1601 783 1645 impiissimos
809 1601 906 1634 vivos
934 1600 1098 1634 ridebitis
1123 1602 1275 1635 cruciari
1300 1606 1465 1636 tortores

76 1667 284 1711 Adspiciens
310 1671 422 1701 autem
448 1666 647 1710 Simplicius
675 1664 785 1709 judex
806 1666 916 1710 jussit
945 1677 1019 1701 cum
1046 1660 1288 1711 applicari'ad
1314 1666 1465 1700 tribunal

75 1733 178 1777 eique
203 1733 311 1766 dixit:
345 1733 424 1777 quis
451 1741 488 1766 cs
516 1732 582 1766 tu?
614 1731 761 1766 Sanctus
788 1731 993 1766 Bonisacius
1019 1732 1124 1765 dixit:
1151 1732 1364 1767 christianus
1393 1743 1466 1766 sum

76 1802 110 1849 et
143 1797 347 1832 Bonisacius
381 1807 500 1832 vocor.
550 1797 649 1832 Tunc
681 1799 791 1832 iratus
825 1797 934 1843 judex
967 1799 1078 1843 jussit
1113 1809 1189 1833 eum
1226 1798 1394 1842 suspendi
1433 1802 1467 1831 et

74 1862 206 1897 tamdiu
228 1873 355 1909 eorpus
383 1864 459 1908 ejus
486 1863 626 1909 ungulis
652 1863 752 1905 radi,
785 1863 895 1898 donec
922 1874 1006 1898 ossa
1031 1865 1107 1909 ejus
1135 1868 1368 1909 apparerent,
1404 1863 1466 1897 de-

72 1927 152 1962 inde
178 1928 330 1962 calamos
356 1934 477 1963 acutos
505 1930 568 1963 sub
594 1929 744 1974 ungulas
761 1939 919 1963 manuum
935 1931 1011 1974 ejus
1028 1930 1139 1975 astigi,
1164 1940 1309 1974 cumque
1325 1934 1465 1963 sanctus

72 1992 138 2027 Dei
164 1994 285 2026 martir
312 1995 346 2027 in
368 1994 501 2028 eoelum
526 1994 727 2039 adspiciens
753 1995 919 2029 alacriter
950 1994 1093 2029 dolores
1116 1995 1306 2037 toleraret,
1340 1995 1464 2029 videns

74 2059 200 2102 impius
228 2058 339 2103 judex
370 2060 480 2104 jussit
514 2061 645 2103 aperiri
680 2069 720 2093 os
753 2061 830 2104 ejus
867 2064 901 2094 et
935 2059 1109 2104 plumbum
1136 2060 1288 2094 bulliens
1317 2059 1462 2093 infundi.

71 2122 221 2158 Sanctus
250 2129 366 2158 autem
390 2126 511 2158 martir
526 2123 684 2158 dicebat:
709 2125 846 2169 gratias
862 2124 928 2157 tibi
944 2134 1027 2169 ago,
1055 2125 1193 2159 domine
1207 2124 1293 2160 Jcsu
1310 2124 1462 2164 Christe,

72 2187 122 2220 fili
143 2188 210 2223 Dei
235 2190 316 2224 vivi.
363 2189 499 2225 Deinde
521 2189 634 2235 judex
655 2190 765 2234 jussit
792 2189 909 2223 afferri
935 2189 1039 2223 ollam
1065 2194 1097 2224 et
1124 2200 1197 2224 eam
1223 2191 1299 2234 pice
1326 2190 1462 2234 impleri

72 2256 176 2296 atque
212 2263 313 2288 verso
345 2257 462 2300 capite
495 2260 652 2290 sanctum
689 2256 865 2289 martirem
900 2256 937 2288 in
968 2255 1170 2289 bullientem
1214 2257 1323 2300 picem
1360 2256 1459 2289 mitti.

72 2316 142 2351 Sed
166 2327 240 2351 cum
263 2318 351 2353 nihil
374 2320 494 2355 laesus
519 2326 634 2363 esset,
657 2321 766 2366 jussit
787 2319 919 2365 judex,
953 2325 991 2354 ut
1012 2321 1136 2366 gladio
1163 2325 1268 2365 caput
1292 2322 1368 2365 ejus
1396 2320 1460 2354 ab·

71 2381 276 2416 scideretur.
327 2383 401 2423 Quo
427 2385 521 2419 facto
541 2390 658 2421 terrae
682 2392 796 2421 motus
822 2387 936 2420 factus
964 2392 1018 2421 est
1041 2396 1202 2432 magnus,
1229 2387 1279 2419 ita
1303 2390 1340 2419 ut
1363 2384 1460 2418 multi

70 2445 228 2482 infideles
262 2449 424 2483 virtutem
458 2449 589 2484 Christi
623 2453 659 2485 in
691 2453 868 2486 martirem
904 2455 1087 2485 cernentes
1120 2450 1316 2486 crederent.
1365 2451 1457 2485 Con—

70 2513 164 2547 servi
190 2523 274 2548 vcro
310 2516 463 2549 martiris
497 2514 672 2548 Bonifacii
702 2515 896 2549 circuibant
922 2515 1053 2560 ubique
1078 2517 1297 2561 requirentes
1323 2525 1398 2549 eum
1424 2520 1458 2549 et

70 2587 139 2611 non
161 2579 378 2615 invenientes
403 2579 448 2614 ad
472 2581 619 2614 invicem
646 2579 828 2615 dicebant:
866 2580 926 2615 ille
950 2580 1053 2614 modo
1080 2582 1114 2615 in
1139 2581 1312 2616 adulterio
1339 2584 1397 2614 aut
1423 2582 1455 2614 in

69 2642 216 2678 taberna
241 2646 377 2689 positus
404 2645 576 2690 epulatur.
625 2645 709 2681 Cum
743 2655 828 2691 ergo
854 2646 945 2681 inter
971 2656 1011 2682 se
1038 2646 1339 2692 colloquerentur,
1371 2656 1455 2681 con-
