1742 3005
297 134 392 184 Cap.
428 133 596 170 CLXVL
658 133 715 170 De
746 140 875 169 sancto
905 131 1070 168 Martino
1101 130 1295 180 episcopo,
1411 126 1486 165 741

108 243 144 275 ut
178 241 281 275 etiam
316 244 436 274 costae
471 239 694 274 nudarentur.
751 236 807 272 Ad
842 246 941 282 quem
976 246 1141 280 praeses:
1186 235 1258 277 vis,
1290 232 1493 272 Theodoro,

108 306 288 341 nobiseum
327 316 406 341 esse
439 310 499 340 aut
533 315 607 339 cum
640 303 780 339 Christo
807 303 894 337 tuo?
943 303 1006 337 Cui
1040 302 1120 336 ille:
1153 312 1227 336 cum
1255 299 1393 335 Christo
1420 309 1495 333 meo

109 376 144 407 et
163 372 211 405 fui
232 375 266 406 et
286 382 358 406 sum
380 376 415 406 et
440 382 514 407 cro.
562 370 659 405 Tunc
675 371 797 415 jussus
817 372 870 403 cst
887 370 967 413 igne
983 369 1141 409 cremari,
1170 370 1201 410 ¹)
1217 369 1249 401 in
1271 377 1339 412 quo
1359 365 1496 412 quidem

110 439 192 483 igne
218 439 375 482 spiritum
403 439 529 474 emisit.
579 435 650 470 Sed
670 440 785 469 tamen
811 443 938 477 corpus
966 434 1042 477 eJus
1071 432 1114 465 ab
1136 434 1216 476 igne
1239 432 1397 466 illaesum
1416 442 1495 476 per-

111 504 237 537 mansit
268 504 360 538 circa
388 513 500 537 annos
529 502 658 536 domini
695 498 957 534 CCLXXXVH.
1020 497 1139 532 Odore
1171 507 1254 530 vero
1287 497 1497 530 suavissimo

111 579 230 604 omnes
256 569 382 613 repleti
406 571 539 601 suntet
565 566 686 600 audita
713 569 767 599 est
793 575 861 598 vox
890 563 1029 597 dicens:
1057 564 1147 605 veni,
1175 562 1302 597 dilecte
1322 563 1379 604 mi,
1407 563 1499 595 intra

112 636 145 668 in
170 634 335 680 gaudium
360 632 489 667 domini
513 632 575 666 tui.
625 630 767 665 Coelum
794 640 933 676 quoque
960 633 1118 675 apertum
1145 628 1243 663 multi
1273 627 1444 664 viderunt.

552 953 677 1016 CAP.
713 953 890 1015 ctxvl.
935 954 1077 1016 (161.)

310 1057 410 1100 De
439 1055 658 1101 saneto
687 1054 964 1101 Mal-tino
995 1053 1305 1111 episeopo.

204 1162 377 1198 Martinus
405 1164 506 1208 quasi
531 1162 680 1198 Martem
705 1167 850 1204 tenens,
886 1163 922 1197 id
948 1168 1001 1199 est
1026 1164 1174 1206 bellum,
1209 1170 1331 1199 contra
1364 1166 1448 1199 vitia
1474 1170 1509 1200 et

117 1232 282 1274 peccata,
324 1228 379 1263 vel
422 1228 596 1264 Martinus
638 1231 741 1274 quasi
781 1231 958 1263 martirum
999 1240 1101 1266 unus.
1154 1229 1234 1264 Fuit
1267 1232 1355 1265 cuim
1388 1232 1510 1265 martir

117 1295 240 1330 saltem
259 1294 439 1329 voluntate
459 1299 493 1330 et
511 1296 628 1329 carnis
650 1294 932 1331 mortificatione.
979 1294 1043 1330 Vel
1063 1295 1235 1330 Martinus
1257 1298 1510 1342 interpretatur

119 1362 222 1406 quasi
250 1362 392 1395 irritans
424 1360 479 1394 vel
512 1370 708 1404 provocans
741 1371 802 1395 seu
829 1360 1023 1395 dominans.
1073 1361 1153 1406 Ipse
1179 1371 1325 1407 namque
1351 1373 1414 1407 μοι·
1437 1373 1509 1397 me·

120 1428 221 1461 ritum
259 1436 344 1460 suae
382 1427 582 1459 sanctitatis
619 1427 768 1460 irritavit
802 1426 985 1471 dyabolum
1013 1427 1057 1461 ad
1084 1427 1268 1470 invidiam,
1304 1429 1512 1473 provocavit

120 1493 228 1527 Deum
254 1491 298 1526 ad
323 1491 621 1533 misericordiam,
662 1491 858 1526 dominatus
887 1496 941 1526 est
974 1495 1070 1527 carni
1103 1505 1187 1529 suae
1214 1505 1276 1539 per
1302 1494 1510 1528 maceratio-

121 1569 197 1593 nem
222 1559 432 1592 continuam.
483 1557 545 1592 Cui
572 1558 706 1592 scilicet
726 1559 822 1591 carni
840 1559 930 1592 ratio
948 1560 1022 1593 sive
1047 1560 1180 1593 animus
1203 1560 1375 1594 dominari
1393 1559 1511 1601 dehet,

121 1628 159 1659 ut.
185 1624 270 1658 dicit
293 1623 483 1669 Dionysius
508 1625 542 1657 in
571 1623 724 1668 epistola
749 1624 793 1658 ad
816 1623 1076 1669 Demophilum,
1110 1626 1201 1659 sicut
1226 1625 1424 1660 dominatur
1449 1625 1513 1660 do-

123 1691 234 1724 minus
278 1700 381 1724 servo
425 1692 485 1723 aut
526 1693 626 1735 pater
666 1688 736 1723 filio
768 1694 828 1724 aut
860 1691 979 1724 senior
1011 1690 1148 1725 lascivo
1177 1692 1380 1736 Juvenculo.
1428 1691 1513 1737 Ejus

124 1757 229 1790 vitam
265 1755 463 1799 ²)Severus
497 1759 729 1801 cognomento
763 1754 940 1800 Sulpicius
982 1755 1173 1801 discipulus
1209 1759 1321 1791 sancti
1355 1757 1514 1802 MartIni,

126 1832 225 1867 quem
253 1820 454 1856 Gennadius
479 1821 571 1855 inter
595 1820 752 1855 illustres
778 1822 872 1855 viros
898 1826 1142 1864 connumerat,
1171 1824 1326 1868 scripsit.

215 1887 388 1922 Martinus
428 1885 600 1921 Sabariae
637 1885 893 1921 Pannoniorum
933 1887 1063 1932 oppido
1097 1888 1288 1932 oriundus,
1327 1889 1390 1924 sed
1425 1891 1518 1925 intra

124 1953 262 1988 Italiam
293 1952 426 1998 Papiae
464 1952 569 1987 alitus
600 1962 675 1986 cum
708 1956 808 1997 patre
838 1963 921 1995 suo,
959 1954 1099 1988 tribuno
1132 1955 1298 1999 militum,
1332 1955 1396 1989 sub
1425 1956 1518 1990 Con-

128 2020 282 2053 stantino
308 2023 343 2054 ct
366 2018 508 2054 Juliano
536 2017 749 2053 Caesaribus
783 2019 964 2060 militavit,
1002 2030 1069 2053 non
1099 2023 1214 2055 tamen
1248 2025 1395 2065 sponte,
1437 2023 1520 2066 quia

130 2085 173 2118 ab
205 2083 353 2117 infantia
378 2082 545 2116 divinitus
570 2085 781 2127 inspiratus,
807 2094 881 2118 cum
911 2089 1007 2118 essct
1031 2094 1197 2118 annorum
1224 2085 1428 2127 duodecim,
1464 2087 1518 2120 in-

132 2151 211 2183 vitis
237 2146 440 2194 parentibus
466 2147 511 2181 ad
539 2148 724 2183 eeclesiam
755 2148 846 2194 fugit
872 2153 906 2183 et
931 2149 1212 2184 catechumenum
1240 2160 1279 2184 se
1305 2149 1379 2185 fieri
1395 2155 1518 2195 postu-

130 2215 238 2257 lavit,
267 2217 301 2249 et
326 2217 452 2248 extunc
479 2224 628 2248 eremum
654 2216 842 2257 intrasset,
869 2215 937 2248 nisi
962 2216 1076 2249 carnis
1102 2214 1283 2250 infirmitas
1310 2215 1520 2252 obstitisset.

132 2279 202 2315 Sed
229 2290 303 2314 cum
330 2278 503 2314 Caesares
529 2280 786 2323 decrevissent,
827 2284 865 2315 ut
900 2285 1142 2315 veteranorum
1178 2281 1240 2315 filii
1273 2293 1337 2327 pro
1362 2282 1522 2327 patribus

132 2345 344 2387 militarent,
368 2345 556 2388 Martinus,
583 2356 656 2380 cum
684 2350 780 2382 esset
806 2356 973 2380 annorum
1001 2346 1208 2392 quindecim,
1236 2347 1281 2381 ad
1306 2347 1524 2383 militandum

132 2415 300 2457 urgetur,
326 2421 394 2444 uno
421 2414 552 2445 tantum
578 2416 761 2447 contentus
787 2423 909 2455 serm,
943 2415 998 2447 cui
1024 2417 1139 2448 tamen
1166 2412 1338 2448 Martinus
1364 2415 1524 2449 serviens

135 2478 277 2522 saepius
321 2475 544 2510 ministrabat
584 2481 619 2512 et
665 2478 902 2513 calceamenta
943 2479 1152 2514 detrahebat
1196 2484 1301 2524 atque
1347 2480 1524 2526 tergebat.

137 2542 294 2583 Quodam
320 2540 471 2587 hyemali
494 2545 650 2586 tempore
674 2548 900 2587 per-‘portam
925 2543 1210 2579 Ambianensium
1236 2547 1410 2580 transiens
1437 2556 1523 2591 pau-

138 2619 254 2653 perem
280 2607 451 2654 quendam
478 2607 603 2642 nudum
624 2608 761 2643 obvium
780 2608 914 2644 habuit.
964 2609 1028 2649 Qui
1047 2619 1121 2644 cum
1141 2619 1162 2644 a
1183 2609 1278 2645 nullo
1301 2610 1525 2646 elemosinam

207 2706 236 2739 1)
261 2706 314 2735 Ed.
333 2710 376 2735 Pr.
396 2707 488 2735 verba
508 2707 545 2734 in
563 2723 594 2728 --
615 2706 749 2736 emisit
769 2707 889 2737 omittit.
992 2710 1021 2743 2)
1040 2708 1094 2738 Ed.
1112 2712 1156 2739 Pr.
1183 2709 1368 2738 Severius
1386 2726 1419 2731 —
1437 2713 1483 2739 Su
1493 2721 1528 2748 p—

139 2751 294 2786 plicius
313 2751 395 2785 legit.
