1742 3005
278 116 360 155 70⁴
445 116 540 164 Cap.
573 113 739 150 CLVIII.
808 112 865 149 De
897 113 1071 149 undecim
1102 113 1263 150 millibus
1295 115 1494 163 virginum-

279 220 470 266 angelicam
507 227 525 249 a
561 216 697 249 domino
735 214 956 257 admonetur,
992 220 1027 249 ut
1059 221 1331 265 matreiusuam
1364 217 1563 252 hortaretur
1590 216 1661 250 lieri

278 286 513 319 christianam.
565 282 649 315 Nain
676 285 775 326 pater
802 282 877 326 ejus
905 281 1076 317 Etliereus
1103 282 1212 325 primo
1239 291 1341 324 anno,
1368 293 1434 328 quo
1454 282 1663 317 christianus

280 351 392 383 tactus
413 349 538 387 suerat,
569 352 723 381 mortuus
749 352 803 382 est
830 352 863 382 et
880 346 970 381 lilius
987 347 1063 392 ejus
1084 345 1255 382 Etliereus
1274 347 1382 382 eidem
1404 348 1437 381 in
1456 358 1565 393 regno
1584 357 1663 381 suc-

279 416 395 449 cessit.
437 413 517 447 Cum
544 418 656 447 autem
684 423 806 448 sacrae
836 414 990 458 virgines
1017 423 1090 446 cum
1110 413 1302 458 praedietis
1324 413 1501 457 episcopis
1520 422 1540 446 a
1558 412 1665 447 Roma

281 480 447 521 redirent,
474 477 647 513 Etbereus
669 488 689 512 a
706 479 844 513 domino
862 478 1078 520 admonetur,
1106 482 1141 512 ut
1163 479 1321 522 protinus
1342 488 1491 524 surgens
1515 486 1667 522 sponsae

280 556 365 581 suae
403 548 581 585 occurrat,
624 548 661 578 ut
692 554 765 578 cum
805 555 846 579 ea
879 546 911 578 in
945 544 1094 579 Colonia
1127 545 1271 578 martirii
1320 543 1468 588 palmam
1507 544 1665 587 accipiat.

282 610 347 652 Qui
380 611 506 645 divinis
541 612 680 644 monitis
712 612 940 656 acquiescens
977 613 1117 644 matrem
1159 619 1254 643 suam
1297 609 1469 654 baptizari
1513 609 1597 644 feeit
1637 613 1670 643 et

282 688 355 711 curn
393 678 471 720 ipsa
505 680 539 709 et
572 686 695 709 sorore
730 686 793 709 sua
825 675 971 720 parvula
996 674 1198 709 Florentina
1218 676 1290 720 jaun
1319 675 1512 709 christiana
1536 684 1670 709 necnon

282 746 316 776 et
341 741 516 775 Clemente
544 741 712 784 episeopo
739 742 826 785 ipsis
853 740 1048 785 virginibus
1074 739 1221 774 obvians
1257 750 1295 774 se
1327 739 1370 774 ad
1397 741 1585 774 martirium
1611 749 1669 773 so-

282 808 388 841 ciavit
413 804 554 839 eisdem.
604 804 782 839 Marculus
820 815 959 850 quoque
995 807 1180 849 episcopus
1209 804 1377 841 Graeciae
1404 809 1437 840 et
1463 807 1578 850 neptis
1606 815 1668 840 sua

283 872 507 911 Constantia,
546 869 616 903 lilia
644 869 812 905 Dorothei
849 871 944 915 regis
979 869 1379 914 Constantinopolitani,
1416 880 1503 915 quae
1538 870 1670 904 nubens

285 937 419 972 cuidam
453 935 670 969 adolescenti
710 934 779 969 lilio
816 935 996 980 cujusdam
1024 936 1139 981 regiS‚
1176 935 1237 970 sed
1273 939 1352 970 ante
1388 937 1527 980 nuptias
1563 939 1670 969 morte

284 1005 487 1048 praevento,
517 1001 754 1045 virginitatem
783 1011 879 1035 suain
907 1001 1044 1034 domino
1081 1003 1192 1042 vovit,
1219 1012 1281 1046 per
1313 1003 1479 1036 visionem
1505 1001 1671 1035 admoniti

286 1068 425 1103 Romam
453 1070 620 1100 venerunt
646 1072 680 1100 et
708 1066 898 1111 praedictis
923 1066 1120 1112 virginibus
1140 1066 1183 1099 ad
1207 1068 1394 1101 martirium
1414 1077 1452 1101 se
1468 1067 1670 1112 junxerunt.

287 1134 414 1168 Omnes
445 1133 551 1177 igitur
577 1132 732 1176 virgines
761 1142 834 1165 euin
863 1131 1055 1177 praedictis
1084 1133 1261 1176 episcopis
1289 1132 1467 1166 Coloniam
1495 1132 1674 1167 redierunt

288 1203 323 1234 et
352 1200 464 1243 ipsam
493 1197 567 1242 Jam
602 1195 645 1230 ab
682 1196 812 1231 Hunnis
847 1198 1027 1233 obsessam
1061 1200 1273 1232 invenerunt.
1325 1197 1418 1238 Quas
1451 1198 1591 1232 barbari
1621 1200 1671 1231 vi—

288 1263 411 1299 dentes
447 1272 553 1307 super
588 1272 648 1296 eas
674 1273 747 1297 eum
782 1264 934 1298 elamore
968 1265 1072 1297 nimio
1109 1265 1281 1297 irruerunt
1309 1267 1342 1297 et
1367 1264 1466 1308 quasi
1494 1263 1564 1308 lupi
1592 1273 1669 1298 sae-

285 1332 418 1364 vientes
453 1329 486 1361 iu
521 1337 606 1363 oves
642 1332 748 1363 totam
784 1329 875 1363 illam
912 1328 1162 1363 multitudinem
1191 1327 1401 1361 occiderunt.
1453 1328 1532 1362 Cum
1559 1334 1670 1363 autem

285 1396 330 1431 ad
363 1396 502 1431 beatam
537 1392 696 1429 Ursulam
729 1396 880 1430 caeteris
909 1395 1084 1441 jugulatis
1119 1394 1317 1434 venisseut,
1354 1392 1475 1427 videns
1508 1396 1671 1439 princeps

259 1488 262 1489 γ
286 1464 363 1508 ejus
390 1463 508 1496 miram
538 1459 841 1506 pulchritudinem,
871 1460 1053 1505 obstupuit
1072 1464 1105 1494 et
1120 1459 1307 1493 consolans
1326 1469 1399 1494 eam
1427 1469 1532 1504 super
1556 1469 1672 1495 necem

287 1529 458 1573 virginum
485 1527 655 1570 promisit,
683 1525 774 1571 quod
804 1536 878 1561 eam
899 1527 968 1562 sihi
995 1527 1027 1560 in
1054 1527 1237 1571 conjugem
1264 1525 1455 1570 copularet.
1505 1525 1572 1561 Sed
1599 1536 1672 1560 oum

286 1592 351 1627 lioe
387 1592 448 1625 illa
488 1593 624 1635 penitus
661 1593 876 1636 respuisset,
914 1592 973 1627 ille
1009 1595 1214 1626 contemtum
1243 1601 1282 1626 se
1310 1591 1439 1642 videns-
1456 1591 1589 1626 directa
1613 1601 1670 1625 sa—

286 1659 376 1704 gitta
401 1667 475 1692 eam
502 1655 676 1691 transfixit
701 1661 734 1690 et
760 1659 810 1691 sie
836 1659 1025 1692 martirium
1045 1658 1305 1694 consummavit.
1357 1656 1534 1697 Quaedam
1559 1660 1672 1692 autem

288 1725 387 1769 virgo
421 1723 559 1757 nomine
594 1721 746 1756 Cordula
778 1723 900 1756 timore
934 1724 1124 1767 perterrita
1156 1725 1188 1756 in
1224 1724 1302 1757 navi
1329 1727 1430 1757 nocte
1457 1722 1519 1756 illa
1543 1732 1581 1756 se
1608 1722 1671 1756 ab·

286 1787 436 1831 scondit,
465 1787 526 1822 sed
547 1788 785 1821 incrastinum
814 1791 939 1831 sponte
967 1789 1066 1821 morti
1092 1798 1129 1822 se
1156 1787 1307 1821 offerens
1335 1789 1481 1822 martirii
1507 1796 1669 1822 eoronam

287 1855 452 1898 suscepit.
503 1852 572 1887 Sed
598 1863 671 1886 eum
699 1852 774 1897 ejus
802 1852 925 1887 festum
952 1864 1019 1886 non
1047 1852 1145 1887 tieret
1171 1863 1223 1893 00,
1251 1852 1342 1897 quod
1368 1862 1442 1885 cum
1463 1852 1542 1886 aliis
1564 1862 1671 1896 passa

287 1929 354 1953 non
380 1922 492 1959 esset,
522 1919 599 1962 ipsa
625 1921 705 1961 post
730 1917 869 1962 longum
894 1923 1028 1963 tempus
1055 1918 1188 1952 cuidam
1211 1917 1369 1951 reclusae
1385 1918 1548 1962 apparuit
1565 1927 1668 1961 prae-

287 1985 438 2027 cipiens,
473 1987 509 2017 ut
534 1984 693 2028 sequenti
729 1983 785 2017 (lie
820 1993 839 2016 a
868 1983 958 2017 sesto
986 1985 1155 2028 virginum
1185 1985 1261 2027 eJus
1289 1993 1427 2027 quoque
1454 1982 1670 2016 sollemnitas

287 2048 475 2082 recolatur.
531 2047 663 2083 Passae
707 2053 786 2082 sunt
828 2059 917 2099 anno
956 2048 1085 2082 domini
1122 2046 1365 2082 CCXXXVlll.
1423 2046 1524 2081 Ratio
1558 2051 1669 2082 autem

287 2115 474 2158 temporis,
511 2117 545 2147 ut
572 2113 777 2158 quibusdam
806 2114 939 2159 placet,
976 2125 1041 2147 non
1067 2115 1233 2156 sustinet,
1267 2112 1358 2158 quod
1384 2112 1470 2146 haec
1497 2112 1559 2146 tali
1584 2116 1669 2147 teni-

285 2190 371 2224 pore
408 2181 477 2213 sint
510 2183 666 2223 peraeta.
715 2180 838 2213 Sicilia
870 2181 957 2214 enim
993 2183 1070 2213 tunc
1106 2189 1173 2212 non
1209 2183 1284 2213 erat
1314 2189 1455 2223 regnum
1492 2188 1554 2212 nec
1580 2178 1668 2213 Con-

285 2245 555 2289 stantinopolis,
590 2255 663 2278 cum
699 2245 754 2278 liic
789 2245 899 2280 fuisse
937 2245 1071 2279 dicatur
1105 2254 1178 2278 euin
1205 2243 1399 2290 virginibus
1425 2243 1489 2278 has
1516 2245 1668 2289 reginas.

284 2309 409 2345 Verius
445 2309 617 2351 ereditur,
659 2310 750 2355 quod
785 2310 844 2344 diu
879 2314 959 2355 post
991 2311 1253 2346 Constantinum
1287 2311 1552 2354 imperatorem,
1597 2320 1669 2344 cum

284 2374 395 2409 llunni
423 2379 457 2410 et
483 2374 586 2408 Gotlii
613 2375 839 2417 saeviebant,
872 2376 943 2410 tale
969 2377 1016 2409 sit
1040 2377 1228 2409 martirium
1254 2374 1488 2419 celebratum,
1514 2380 1670 2420 tempore

284 2441 419 2476 seilicet
443 2440 615 2476 Marciani
642 2442 863 2485 imperatoris
890 2442 954 2484 (ut
980 2442 1012 2474 in
1039 2440 1186 2486 quadam
1214 2440 1379 2476 chronica
1405 2441 1576 2488 legitur),
1612 2441 1670 2484 qui

286 2507 447 2552 regnavit
479 2516 568 2540 anno
604 2506 731 2540 domini
765 2505 951 2541 CCCCLll.
986 2525 1025 2532 -
1059 2525 1102 2530 —
1128 2527 1169 2531 -«
1215 2511 1260 2544 2.
1295 2506 1416 2541 Abbas
1452 2506 1590 2552 quidam
1626 2505 1669 2539 ab

286 2571 468 2606 abbatissa
505 2571 672 2606 Coloniae
704 2582 830 2616 corpus
865 2573 966 2605 unius
1008 2573 1157 2617 virginis
1199 2573 1415 2617 impetravit,
1454 2571 1669 2615 promittens,

286 2635 377 2677 qnod
403 2638 512 2679 ipsum
543 2638 575 2671 in
603 2647 710 2681 capsa
735 2641 905 2683 argentea
931 2638 962 2670 in
990 2647 1053 2671 sua
1085 2637 1235 2672 ecelesia
1258 2637 1466 2676 collocaret,
1499 2635 1561 2670 sed
1597 2646 1669 2669 cum

286 2709 347 2742 per
367 2709 487 2733 {innunt
511 2703 681 2745 integrum
702 2711 808 2745 super
828 2702 930 2736 altari
954 2712 1026 2736 eam
1047 2703 1079 2736 in
1099 2711 1206 2745 capsa
1235 2701 1353 2746 lignea
1378 2701 1557 2740 tenuisset,
1585 2710 1669 2745 qua-
