<?xml version="1.0" encoding="UTF-8"?>
<!DOCTYPE html PUBLIC "-//W3C//DTD XHTML 1.0 Transitional//EN"
    "http://www.w3.org/TR/xhtml1/DTD/xhtml1-transitional.dtd">
<html xmlns="http://www.w3.org/1999/xhtml" xml:lang="en" lang="en">
 <head>
  <title>
</title>
<meta http-equiv="Content-Type" content="text/html;charset=utf-8" />
  <meta name='ocr-system' content='tesseract 3.04.00' />
  <meta name='ocr-capabilities' content='ocr_page ocr_carea ocr_par ocr_line ocrx_word'/>
</head>
<body>
  <div class='ocr_page' id='page_1' title='image "./legendaaureavulg00jacouoft_0843.png"; bbox 0 0 1742 3005; ppageno 0'>
   <div class='ocr_carea' id='block_1_1' title="bbox 386 110 1485 160">
    <p class='ocr_par' dir='ltr' id='par_1_1' title="bbox 386 110 1485 160">
     <span class='ocr_line' id='line_1_1' title="bbox 386 110 1485 160; baseline 0.006 -14"><span class='ocrx_word' id='word_1_1' title='bbox 386 111 483 160; x_wconf 79' lang='lat' dir='ltr'>Cap.</span> <span class='ocrx_word' id='word_1_2' title='bbox 517 110 702 149; x_wconf 87' lang='lat' dir='ltr'>CLXXV.</span> <span class='ocrx_word' id='word_1_3' title='bbox 770 113 829 149; x_wconf 86' lang='lat' dir='ltr'>De</span> <span class='ocrx_word' id='word_1_4' title='bbox 870 119 999 149; x_wconf 77' lang='lat' dir='ltr'>sancto</span> <span class='ocrx_word' id='word_1_5' title='bbox 1031 113 1203 152; x_wconf 72' lang='lat' dir='ltr'>Pastore.</span> <span class='ocrx_word' id='word_1_6' title='bbox 1405 115 1485 153; x_wconf 78' lang='lat'>803</span> 
     </span>
    </p>
   </div>
   <div class='ocr_carea' id='block_1_2' title="bbox 521 324 1070 388">
    <p class='ocr_par' dir='ltr' id='par_1_2' title="bbox 521 324 1070 388">
     <span class='ocr_line' id='line_1_2' title="bbox 521 324 1070 388; baseline 0.004 -3"><span class='ocrx_word' id='word_1_7' title='bbox 521 324 649 386; x_wconf 74' lang='lat' dir='ltr'><strong>GAP.</strong></span> <span class='ocrx_word' id='word_1_8' title='bbox 687 324 879 386; x_wconf 67' lang='lat' dir='ltr'>cmxv.</span> <span class='ocrx_word' id='word_1_9' title='bbox 920 325 1070 388; x_wconf 78' lang='lat'><strong>(170.)</strong></span> 
     </span>
    </p>
   </div>
   <div class='ocr_carea' id='block_1_3' title="bbox 320 423 1261 469">
    <p class='ocr_par' dir='ltr' id='par_1_3' title="bbox 320 423 1261 469">
     <span class='ocr_line' id='line_1_3' title="bbox 320 423 1261 469; baseline 0 -1"><span class='ocrx_word' id='word_1_10' title='bbox 320 423 439 468; x_wconf 80' lang='lat' dir='ltr'>De</span> <span class='ocrx_word' id='word_1_11' title='bbox 496 426 806 469; x_wconf 76' lang='lat' dir='ltr'>Sancto</span> <span class='ocrx_word' id='word_1_12' title='bbox 864 425 1261 469; x_wconf 77' lang='lat' dir='ltr'><strong>Pastore.</strong></span> 
     </span>
    </p>
   </div>
   <div class='ocr_carea' id='block_1_4' title="bbox 95 522 1485 2597">
    <p class='ocr_par' dir='ltr' id='par_1_4' title="bbox 95 522 1485 2597">
     <span class='ocr_line' id='line_1_4' title="bbox 188 522 1483 580; baseline 0.005 -14"><span class='ocrx_word' id='word_1_13' title='bbox 188 531 337 567; x_wconf 81' lang='lat' dir='ltr'>Sanctus</span> <span class='ocrx_word' id='word_1_14' title='bbox 361 532 486 567; x_wconf 83' lang='lat' dir='ltr'>Pastor</span> <span class='ocrx_word' id='word_1_15' title='bbox 517 534 550 565; x_wconf 90' lang='lat' dir='ltr'>in</span> <span class='ocrx_word' id='word_1_16' title='bbox 578 543 693 566; x_wconf 89' lang='lat' dir='ltr'>eremo</span> <span class='ocrx_word' id='word_1_17' title='bbox 728 533 843 566; x_wconf 91' lang='lat' dir='ltr'>multis</span> <span class='ocrx_word' id='word_1_18' title='bbox 869 533 970 566; x_wconf 88' lang='lat' dir='ltr'>annis</span> <span class='ocrx_word' id='word_1_19' title='bbox 997 533 1030 565; x_wconf 89' lang='lat' dir='ltr'>in</span> <span class='ocrx_word' id='word_1_20' title='bbox 1055 522 1269 566; x_wconf 83' lang='lat' dir='ltr'>abstinentia</span> <span class='ocrx_word' id='word_1_21' title='bbox 1293 543 1420 580; x_wconf 82' lang='lat' dir='ltr'>magna</span> <span class='ocrx_word' id='word_1_22' title='bbox 1445 548 1483 572; x_wconf 76' lang='lat' dir='ltr'>se</span> 
     </span>
     <span class='ocr_line' id='line_1_5' title="bbox 101 597 1484 643; baseline 0.005 -13"><span class='ocrx_word' id='word_1_23' title='bbox 101 597 264 642; x_wconf 74' lang='lat' dir='ltr'>affligens</span> <span class='ocrx_word' id='word_1_24' title='bbox 296 597 404 632; x_wconf 89' lang='lat' dir='ltr'>multa</span> <span class='ocrx_word' id='word_1_25' title='bbox 435 598 620 631; x_wconf 78' lang='lat' dir='ltr'>sanctitate</span> <span class='ocrx_word' id='word_1_26' title='bbox 646 602 679 631; x_wconf 86' lang='lat' dir='ltr'>et</span> <span class='ocrx_word' id='word_1_27' title='bbox 709 598 880 643; x_wconf 80' lang='lat' dir='ltr'>religione</span> <span class='ocrx_word' id='word_1_28' title='bbox 907 597 1075 642; x_wconf 89' lang='lat' dir='ltr'>pollebat.</span> <span class='ocrx_word' id='word_1_29' title='bbox 1125 598 1208 631; x_wconf 86' lang='lat' dir='ltr'>Cum</span> <span class='ocrx_word' id='word_1_30' title='bbox 1235 602 1349 634; x_wconf 87' lang='lat' dir='ltr'>autem</span> <span class='ocrx_word' id='word_1_31' title='bbox 1375 607 1484 637; x_wconf 78' lang='lat' dir='ltr'>mater</span> 
     </span>
     <span class='ocr_line' id='line_1_6' title="bbox 99 662 1485 707; baseline 0.005 -12"><span class='ocrx_word' id='word_1_32' title='bbox 99 663 175 707; x_wconf 77' lang='lat' dir='ltr'>ejus</span> <span class='ocrx_word' id='word_1_33' title='bbox 194 664 304 706; x_wconf 86' lang='lat' dir='ltr'>ipsum</span> <span class='ocrx_word' id='word_1_34' title='bbox 325 665 358 696; x_wconf 89' lang='lat' dir='ltr'>et</span> <span class='ocrx_word' id='word_1_35' title='bbox 378 662 507 696; x_wconf 75' lang='lat' dir='ltr'>fratres</span> <span class='ocrx_word' id='word_1_36' title='bbox 534 662 755 697; x_wconf 75' lang='lat' dir='ltr'>desideraret</span> <span class='ocrx_word' id='word_1_37' title='bbox 781 663 915 706; x_wconf 82' lang='lat' dir='ltr'>videre,</span> <span class='ocrx_word' id='word_1_38' title='bbox 943 663 1005 698; x_wconf 90' lang='lat' dir='ltr'>sed</span> <span class='ocrx_word' id='word_1_39' title='bbox 1033 673 1100 697; x_wconf 90' lang='lat' dir='ltr'>non</span> <span class='ocrx_word' id='word_1_40' title='bbox 1121 667 1254 707; x_wconf 85' lang='lat' dir='ltr'>posset,</span> <span class='ocrx_word' id='word_1_41' title='bbox 1282 664 1485 702; x_wconf 82' lang='lat' dir='ltr'>observavit</span> 
     </span>
     <span class='ocr_line' id='line_1_7' title="bbox 98 727 1481 772; baseline 0.005 -11"><span class='ocrx_word' id='word_1_42' title='bbox 98 728 186 762; x_wconf 84' lang='lat' dir='ltr'>diem</span> <span class='ocrx_word' id='word_1_43' title='bbox 219 732 255 762; x_wconf 90' lang='lat' dir='ltr'>et</span> <span class='ocrx_word' id='word_1_44' title='bbox 284 728 356 762; x_wconf 86' lang='lat' dir='ltr'>illis</span> <span class='ocrx_word' id='word_1_45' title='bbox 390 727 434 761; x_wconf 85' lang='lat' dir='ltr'>ad</span> <span class='ocrx_word' id='word_1_46' title='bbox 467 728 653 762; x_wconf 81' lang='lat' dir='ltr'>ecclesiam</span> <span class='ocrx_word' id='word_1_47' title='bbox 688 728 869 771; x_wconf 87' lang='lat' dir='ltr'>euntibus,</span> <span class='ocrx_word' id='word_1_48' title='bbox 916 731 1074 772; x_wconf 86' lang='lat' dir='ltr'>protinus</span> <span class='ocrx_word' id='word_1_49' title='bbox 1110 738 1148 762; x_wconf 86' lang='lat' dir='ltr'>se</span> <span class='ocrx_word' id='word_1_50' title='bbox 1183 728 1307 764; x_wconf 88' lang='lat' dir='ltr'>iisdem</span> <span class='ocrx_word' id='word_1_51' title='bbox 1344 731 1481 769; x_wconf 83' lang='lat' dir='ltr'>obtulit.</span> 
     </span>
     <span class='ocr_line' id='line_1_8' title="bbox 97 793 1483 840; baseline 0.004 -12"><span class='ocrx_word' id='word_1_52' title='bbox 97 793 144 828; x_wconf 83' lang='lat' dir='ltr'>At</span> <span class='ocrx_word' id='word_1_53' title='bbox 184 794 236 827; x_wconf 89' lang='lat' dir='ltr'>illi</span> <span class='ocrx_word' id='word_1_54' title='bbox 278 794 454 840; x_wconf 81' lang='lat' dir='ltr'>fugientes</span> <span class='ocrx_word' id='word_1_55' title='bbox 501 799 535 829; x_wconf 89' lang='lat' dir='ltr'>et</span> <span class='ocrx_word' id='word_1_56' title='bbox 576 794 698 828; x_wconf 88' lang='lat' dir='ltr'>cellam</span> <span class='ocrx_word' id='word_1_57' title='bbox 734 796 903 829; x_wconf 84' lang='lat' dir='ltr'>intrantes</span> <span class='ocrx_word' id='word_1_58' title='bbox 939 796 972 828; x_wconf 92' lang='lat' dir='ltr'>in</span> <span class='ocrx_word' id='word_1_59' title='bbox 1010 796 1085 840; x_wconf 76' lang='lat' dir='ltr'>ejus</span> <span class='ocrx_word' id='word_1_60' title='bbox 1128 794 1251 828; x_wconf 77' lang='lat' dir='ltr'>faciem</span> <span class='ocrx_word' id='word_1_61' title='bbox 1284 796 1483 832; x_wconf 82' lang='lat' dir='ltr'>clauserunt</span> 
     </span>
     <span class='ocr_line' id='line_1_9' title="bbox 97 858 1484 903; baseline 0.004 -10"><span class='ocrx_word' id='word_1_62' title='bbox 97 861 236 894; x_wconf 88' lang='lat' dir='ltr'>ostium.</span> <span class='ocrx_word' id='word_1_63' title='bbox 260 858 325 894; x_wconf 91' lang='lat' dir='ltr'>Illa</span> <span class='ocrx_word' id='word_1_64' title='bbox 344 863 458 893; x_wconf 86' lang='lat' dir='ltr'>autem</span> <span class='ocrx_word' id='word_1_65' title='bbox 476 864 557 894; x_wconf 88' lang='lat' dir='ltr'>ante</span> <span class='ocrx_word' id='word_1_66' title='bbox 574 861 698 894; x_wconf 88' lang='lat' dir='ltr'>ostium</span> <span class='ocrx_word' id='word_1_67' title='bbox 719 865 816 894; x_wconf 86' lang='lat' dir='ltr'>stans</span> <span class='ocrx_word' id='word_1_68' title='bbox 837 871 908 894; x_wconf 84' lang='lat' dir='ltr'>cum</span> <span class='ocrx_word' id='word_1_69' title='bbox 926 862 1029 894; x_wconf 89' lang='lat' dir='ltr'>nimio</span> <span class='ocrx_word' id='word_1_70' title='bbox 1050 860 1130 893; x_wconf 85' lang='lat' dir='ltr'>lietu</span> <span class='ocrx_word' id='word_1_71' title='bbox 1151 860 1336 903; x_wconf 81' lang='lat' dir='ltr'>clamabat,</span> <span class='ocrx_word' id='word_1_72' title='bbox 1357 862 1484 898; x_wconf 79' lang='lat' dir='ltr'>Pastor</span> 
     </span>
     <span class='ocr_line' id='line_1_10' title="bbox 95 924 1482 969; baseline 0.004 -11"><span class='ocrx_word' id='word_1_73' title='bbox 95 928 212 958; x_wconf 89' lang='lat' dir='ltr'>autem</span> <span class='ocrx_word' id='word_1_74' title='bbox 254 925 300 958; x_wconf 88' lang='lat' dir='ltr'>ad</span> <span class='ocrx_word' id='word_1_75' title='bbox 335 926 459 958; x_wconf 87' lang='lat' dir='ltr'>ostium</span> <span class='ocrx_word' id='word_1_76' title='bbox 493 926 636 960; x_wconf 86' lang='lat' dir='ltr'>veniens</span> <span class='ocrx_word' id='word_1_77' title='bbox 677 925 764 958; x_wconf 79' lang='lat' dir='ltr'>dixit</span> <span class='ocrx_word' id='word_1_78' title='bbox 799 927 850 959; x_wconf 88' lang='lat' dir='ltr'>ei:</span> <span class='ocrx_word' id='word_1_79' title='bbox 891 924 972 969; x_wconf 85' lang='lat' dir='ltr'>quid</span> <span class='ocrx_word' id='word_1_80' title='bbox 1007 927 1056 958; x_wconf 88' lang='lat' dir='ltr'>sic</span> <span class='ocrx_word' id='word_1_81' title='bbox 1092 925 1238 965; x_wconf 80' lang='lat' dir='ltr'>clamas,</span> <span class='ocrx_word' id='word_1_82' title='bbox 1282 936 1301 958; x_wconf 96' lang='grc' dir='ltr'><strong>ο</strong></span> <span class='ocrx_word' id='word_1_83' title='bbox 1338 929 1482 964; x_wconf 76' lang='lat' dir='ltr'>vetula?</span> 
     </span>
     <span class='ocr_line' id='line_1_11' title="bbox 99 989 1482 1035; baseline 0.004 -12"><span class='ocrx_word' id='word_1_84' title='bbox 99 989 196 1028; x_wconf 91' lang='lat' dir='ltr'>Quae</span> <span class='ocrx_word' id='word_1_85' title='bbox 231 989 380 1025; x_wconf 85' lang='lat' dir='ltr'>audiens</span> <span class='ocrx_word' id='word_1_86' title='bbox 410 1001 526 1025; x_wconf 80' lang='lat' dir='ltr'>vocem</span> <span class='ocrx_word' id='word_1_87' title='bbox 553 991 629 1035; x_wconf 76' lang='lat' dir='ltr'>ejus</span> <span class='ocrx_word' id='word_1_88' title='bbox 656 991 805 1034; x_wconf 86' lang='lat' dir='ltr'>amplius</span> <span class='ocrx_word' id='word_1_89' title='bbox 839 990 1014 1024; x_wconf 83' lang='lat' dir='ltr'>clamabat</span> <span class='ocrx_word' id='word_1_90' title='bbox 1050 990 1135 1024; x_wconf 83' lang='lat' dir='ltr'>ssens</span> <span class='ocrx_word' id='word_1_91' title='bbox 1171 994 1205 1024; x_wconf 87' lang='lat' dir='ltr'>et</span> <span class='ocrx_word' id='word_1_92' title='bbox 1229 990 1367 1026; x_wconf 79' lang='lat' dir='ltr'>dicens:</span> <span class='ocrx_word' id='word_1_93' title='bbox 1402 996 1482 1029; x_wconf 83' lang='lat' dir='ltr'>volo</span> 
     </span>
     <span class='ocr_line' id='line_1_12' title="bbox 98 1054 1483 1102; baseline 0.004 -13"><span class='ocrx_word' id='word_1_94' title='bbox 98 1065 161 1089; x_wconf 70' lang='lat' dir='ltr'>vos</span> <span class='ocrx_word' id='word_1_95' title='bbox 190 1056 330 1098; x_wconf 87' lang='lat' dir='ltr'>videre,</span> <span class='ocrx_word' id='word_1_96' title='bbox 363 1055 425 1089; x_wconf 85' lang='lat' dir='ltr'>lilii</span> <span class='ocrx_word' id='word_1_97' title='bbox 449 1057 526 1090; x_wconf 88' lang='lat' dir='ltr'>mei.</span> <span class='ocrx_word' id='word_1_98' title='bbox 578 1055 666 1094; x_wconf 82' lang='lat' dir='ltr'>Quid</span> <span class='ocrx_word' id='word_1_99' title='bbox 692 1056 803 1097; x_wconf 88' lang='lat' dir='ltr'>enim,</span> <span class='ocrx_word' id='word_1_100' title='bbox 841 1058 871 1089; x_wconf 86' lang='lat' dir='ltr'>si</span> <span class='ocrx_word' id='word_1_101' title='bbox 908 1055 1043 1089; x_wconf 71' lang='lat' dir='ltr'>videam</span> <span class='ocrx_word' id='word_1_102' title='bbox 1078 1056 1170 1089; x_wconf 77' lang='lat' dir='ltr'>vos?</span> <span class='ocrx_word' id='word_1_103' title='bbox 1218 1054 1389 1102; x_wconf 79' lang='lat' dir='ltr'>Numquid</span> <span class='ocrx_word' id='word_1_104' title='bbox 1414 1071 1483 1094; x_wconf 88' lang='lat' dir='ltr'>non</span> 
     </span>
     <span class='ocr_line' id='line_1_13' title="bbox 98 1121 1481 1166; baseline 0.003 -11"><span class='ocrx_word' id='word_1_105' title='bbox 98 1132 164 1166; x_wconf 82' lang='lat' dir='ltr'>ego</span> <span class='ocrx_word' id='word_1_106' title='bbox 191 1131 265 1155; x_wconf 92' lang='lat' dir='ltr'>sum</span> <span class='ocrx_word' id='word_1_107' title='bbox 291 1125 402 1154; x_wconf 86' lang='lat' dir='ltr'>mater</span> <span class='ocrx_word' id='word_1_108' title='bbox 429 1125 565 1162; x_wconf 84' lang='lat' dir='ltr'>vestra,</span> <span class='ocrx_word' id='word_1_109' title='bbox 594 1131 684 1166; x_wconf 85' lang='lat' dir='ltr'>quae</span> <span class='ocrx_word' id='word_1_110' title='bbox 710 1121 838 1154; x_wconf 74' lang='lat' dir='ltr'>lactavi</span> <span class='ocrx_word' id='word_1_111' title='bbox 867 1131 950 1163; x_wconf 74' lang='lat' dir='ltr'>vos,</span> <span class='ocrx_word' id='word_1_112' title='bbox 994 1125 1027 1155; x_wconf 90' lang='lat' dir='ltr'>et</span> <span class='ocrx_word' id='word_1_113' title='bbox 1057 1122 1128 1165; x_wconf 78' lang='lat' dir='ltr'>Jam</span> <span class='ocrx_word' id='word_1_114' title='bbox 1169 1123 1264 1154; x_wconf 81' lang='lat' dir='ltr'>canis</span> <span class='ocrx_word' id='word_1_115' title='bbox 1300 1126 1374 1156; x_wconf 89' lang='lat' dir='ltr'>tota</span> <span class='ocrx_word' id='word_1_116' title='bbox 1407 1134 1481 1158; x_wconf 87' lang='lat' dir='ltr'>sum</span> 
     </span>
     <span class='ocr_line' id='line_1_14' title="bbox 96 1186 1481 1230; baseline 0.002 -10"><span class='ocrx_word' id='word_1_117' title='bbox 96 1186 231 1230; x_wconf 81' lang='lat' dir='ltr'>plena?</span> <span class='ocrx_word' id='word_1_118' title='bbox 279 1187 342 1222; x_wconf 83' lang='lat' dir='ltr'>Cui</span> <span class='ocrx_word' id='word_1_119' title='bbox 368 1186 477 1221; x_wconf 80' lang='lat' dir='ltr'>tilius:</span> <span class='ocrx_word' id='word_1_120' title='bbox 511 1186 569 1220; x_wconf 87' lang='lat' dir='ltr'>hic</span> <span class='ocrx_word' id='word_1_121' title='bbox 602 1196 665 1219; x_wconf 91' lang='lat' dir='ltr'>nos</span> <span class='ocrx_word' id='word_1_122' title='bbox 702 1188 753 1220; x_wconf 64' lang='lat' dir='ltr'>vis</span> <span class='ocrx_word' id='word_1_123' title='bbox 792 1186 911 1220; x_wconf 61' lang='lat' dir='ltr'>xidere</span> <span class='ocrx_word' id='word_1_124' title='bbox 946 1190 1005 1220; x_wconf 87' lang='lat' dir='ltr'>aut</span> <span class='ocrx_word' id='word_1_125' title='bbox 1032 1187 1064 1219; x_wconf 86' lang='lat' dir='ltr'>in</span> <span class='ocrx_word' id='word_1_126' title='bbox 1091 1186 1161 1220; x_wconf 92' lang='lat' dir='ltr'>alio</span> <span class='ocrx_word' id='word_1_127' title='bbox 1188 1186 1336 1222; x_wconf 77' lang='lat' dir='ltr'>seculo?</span> <span class='ocrx_word' id='word_1_128' title='bbox 1385 1189 1481 1229; x_wconf 85' lang='lat' dir='ltr'>Quae</span> 
     </span>
     <span class='ocr_line' id='line_1_15' title="bbox 97 1246 1482 1297; baseline 0.003 -11"><span class='ocrx_word' id='word_1_129' title='bbox 97 1251 306 1297; x_wconf 81' lang='lat' dir='ltr'>respondet:</span> <span class='ocrx_word' id='word_1_130' title='bbox 338 1253 369 1286; x_wconf 85' lang='lat' dir='ltr'>si</span> <span class='ocrx_word' id='word_1_131' title='bbox 393 1263 461 1286; x_wconf 91' lang='lat' dir='ltr'>non</span> <span class='ocrx_word' id='word_1_132' title='bbox 488 1252 609 1286; x_wconf 84' lang='lat' dir='ltr'>videro</span> <span class='ocrx_word' id='word_1_133' title='bbox 637 1262 698 1286; x_wconf 80' lang='lat' dir='ltr'>vos</span> <span class='ocrx_word' id='word_1_134' title='bbox 724 1246 802 1294; x_wconf 78' lang='lat' dir='ltr'>liic,</span> <span class='ocrx_word' id='word_1_135' title='bbox 836 1251 962 1286; x_wconf 69' lang='lat' dir='ltr'>videbo</span> <span class='ocrx_word' id='word_1_136' title='bbox 990 1262 1051 1285; x_wconf 81' lang='lat' dir='ltr'>vos</span> <span class='ocrx_word' id='word_1_137' title='bbox 1079 1251 1170 1294; x_wconf 90' lang='lat' dir='ltr'>illic,</span> <span class='ocrx_word' id='word_1_138' title='bbox 1202 1251 1274 1286; x_wconf 85' lang='lat' dir='ltr'>lilii.</span> <span class='ocrx_word' id='word_1_139' title='bbox 1326 1253 1389 1293; x_wconf 86' lang='lat' dir='ltr'>Qui</span> <span class='ocrx_word' id='word_1_140' title='bbox 1415 1257 1482 1290; x_wconf 88' lang='lat' dir='ltr'>ait:</span> 
     </span>
     <span class='ocr_line' id='line_1_16' title="bbox 96 1317 1481 1365; baseline 0.002 -13"><span class='ocrx_word' id='word_1_141' title='bbox 96 1319 126 1352; x_wconf 87' lang='lat' dir='ltr'>si</span> <span class='ocrx_word' id='word_1_142' title='bbox 157 1319 411 1365; x_wconf 84' lang='lat' dir='ltr'>aequanimiter</span> <span class='ocrx_word' id='word_1_143' title='bbox 445 1317 539 1351; x_wconf 85' lang='lat' dir='ltr'>serre</span> <span class='ocrx_word' id='word_1_144' title='bbox 573 1317 691 1358; x_wconf 76' lang='lat' dir='ltr'>vales,</span> <span class='ocrx_word' id='word_1_145' title='bbox 728 1321 765 1351; x_wconf 90' lang='lat' dir='ltr'>ut</span> <span class='ocrx_word' id='word_1_146' title='bbox 795 1328 858 1351; x_wconf 91' lang='lat' dir='ltr'>nos</span> <span class='ocrx_word' id='word_1_147' title='bbox 894 1317 948 1351; x_wconf 80' lang='lat' dir='ltr'>liic</span> <span class='ocrx_word' id='word_1_148' title='bbox 982 1328 1050 1351; x_wconf 89' lang='lat' dir='ltr'>non</span> <span class='ocrx_word' id='word_1_149' title='bbox 1077 1317 1218 1359; x_wconf 75' lang='lat' dir='ltr'>videas,</span> <span class='ocrx_word' id='word_1_150' title='bbox 1256 1318 1326 1352; x_wconf 85' lang='lat' dir='ltr'>illic</span> <span class='ocrx_word' id='word_1_151' title='bbox 1362 1322 1481 1364; x_wconf 81' lang='lat' dir='ltr'>procul</span> 
     </span>
     <span class='ocr_line' id='line_1_17' title="bbox 96 1382 1482 1429; baseline 0.003 -13"><span class='ocrx_word' id='word_1_152' title='bbox 96 1383 203 1418; x_wconf 87' lang='lat' dir='ltr'>dubio</span> <span class='ocrx_word' id='word_1_153' title='bbox 238 1392 302 1417; x_wconf 92' lang='lat' dir='ltr'>nos</span> <span class='ocrx_word' id='word_1_154' title='bbox 337 1382 485 1417; x_wconf 80' lang='lat' dir='ltr'>videbis.</span> <span class='ocrx_word' id='word_1_155' title='bbox 536 1382 632 1422; x_wconf 88' lang='lat' dir='ltr'>Quae</span> <span class='ocrx_word' id='word_1_156' title='bbox 660 1382 825 1417; x_wconf 80' lang='lat' dir='ltr'>discessit</span> <span class='ocrx_word' id='word_1_157' title='bbox 856 1382 1014 1429; x_wconf 81' lang='lat' dir='ltr'>gaudens</span> <span class='ocrx_word' id='word_1_158' title='bbox 1048 1386 1082 1416; x_wconf 87' lang='lat' dir='ltr'>et</span> <span class='ocrx_word' id='word_1_159' title='bbox 1108 1382 1247 1416; x_wconf 86' lang='lat' dir='ltr'>dicens:</span> <span class='ocrx_word' id='word_1_160' title='bbox 1284 1385 1314 1418; x_wconf 85' lang='lat' dir='ltr'>si</span> <span class='ocrx_word' id='word_1_161' title='bbox 1341 1395 1402 1419; x_wconf 79' lang='lat' dir='ltr'>vos</span> <span class='ocrx_word' id='word_1_162' title='bbox 1432 1388 1482 1420; x_wconf 73' lang='lat' dir='ltr'>vi-</span> 
     </span>
     <span class='ocr_line' id='line_1_18' title="bbox 96 1448 1481 1492; baseline 0.001 -9"><span class='ocrx_word' id='word_1_163' title='bbox 96 1458 180 1483; x_wconf 84' lang='lat' dir='ltr'>sura</span> <span class='ocrx_word' id='word_1_164' title='bbox 203 1458 276 1482; x_wconf 91' lang='lat' dir='ltr'>sum</span> <span class='ocrx_word' id='word_1_165' title='bbox 301 1448 385 1490; x_wconf 89' lang='lat' dir='ltr'>illie,</span> <span class='ocrx_word' id='word_1_166' title='bbox 410 1448 491 1482; x_wconf 89' lang='lat' dir='ltr'>nolo</span> <span class='ocrx_word' id='word_1_167' title='bbox 518 1458 580 1482; x_wconf 81' lang='lat' dir='ltr'>vos</span> <span class='ocrx_word' id='word_1_168' title='bbox 608 1448 726 1483; x_wconf 84' lang='lat' dir='ltr'>videre</span> <span class='ocrx_word' id='word_1_169' title='bbox 749 1448 815 1482; x_wconf 84' lang='lat' dir='ltr'>hic.</span> <span class='ocrx_word' id='word_1_170' title='bbox 863 1448 977 1483; x_wconf 73' lang='lat' dir='ltr'>,ludex</span> <span class='ocrx_word' id='word_1_171' title='bbox 999 1449 1201 1492; x_wconf 78' lang='lat' dir='ltr'>provinciae</span> <span class='ocrx_word' id='word_1_172' title='bbox 1223 1459 1296 1482; x_wconf 87' lang='lat' dir='ltr'>cum</span> <span class='ocrx_word' id='word_1_173' title='bbox 1318 1449 1481 1485; x_wconf 77' lang='lat' dir='ltr'>abbatem</span> 
     </span>
     <span class='ocr_line' id='line_1_19' title="bbox 95 1512 1481 1560; baseline 0.001 -12"><span class='ocrx_word' id='word_1_174' title='bbox 95 1513 274 1548; x_wconf 82' lang='lat' dir='ltr'>Pastorem</span> <span class='ocrx_word' id='word_1_175' title='bbox 301 1512 420 1547; x_wconf 76' lang='lat' dir='ltr'>videre</span> <span class='ocrx_word' id='word_1_176' title='bbox 445 1517 599 1558; x_wconf 84' lang='lat' dir='ltr'>cuperet,</span> <span class='ocrx_word' id='word_1_177' title='bbox 627 1513 691 1547; x_wconf 87' lang='lat' dir='ltr'>sed</span> <span class='ocrx_word' id='word_1_178' title='bbox 715 1515 887 1558; x_wconf 78' lang='lat' dir='ltr'>nequiret,</span> <span class='ocrx_word' id='word_1_179' title='bbox 915 1513 1018 1546; x_wconf 80' lang='lat' dir='ltr'>tilium</span> <span class='ocrx_word' id='word_1_180' title='bbox 1045 1515 1178 1547; x_wconf 87' lang='lat' dir='ltr'>sororis</span> <span class='ocrx_word' id='word_1_181' title='bbox 1204 1523 1290 1548; x_wconf 87' lang='lat' dir='ltr'>suae</span> <span class='ocrx_word' id='word_1_182' title='bbox 1310 1519 1481 1560; x_wconf 86' lang='lat' dir='ltr'>tamquam</span> 
     </span>
     <span class='ocr_line' id='line_1_20' title="bbox 96 1577 1483 1624; baseline 0.001 -11"><span class='ocrx_word' id='word_1_183' title='bbox 96 1578 359 1614; x_wconf 65' lang='lat' dir='ltr'>malefactorem</span> <span class='ocrx_word' id='word_1_184' title='bbox 384 1579 495 1612; x_wconf 87' lang='lat' dir='ltr'>tenuit</span> <span class='ocrx_word' id='word_1_185' title='bbox 519 1582 554 1613; x_wconf 87' lang='lat' dir='ltr'>et</span> <span class='ocrx_word' id='word_1_186' title='bbox 582 1580 615 1612; x_wconf 91' lang='lat' dir='ltr'>in</span> <span class='ocrx_word' id='word_1_187' title='bbox 641 1589 783 1613; x_wconf 86' lang='lat' dir='ltr'>carcere</span> <span class='ocrx_word' id='word_1_188' title='bbox 809 1580 927 1624; x_wconf 84' lang='lat' dir='ltr'>posuit</span> <span class='ocrx_word' id='word_1_189' title='bbox 959 1578 1099 1612; x_wconf 87' lang='lat' dir='ltr'>dicens:</span> <span class='ocrx_word' id='word_1_190' title='bbox 1134 1580 1163 1612; x_wconf 87' lang='lat' dir='ltr'>si</span> <span class='ocrx_word' id='word_1_191' title='bbox 1189 1577 1316 1613; x_wconf 86' lang='lat' dir='ltr'>Pastor</span> <span class='ocrx_word' id='word_1_192' title='bbox 1349 1583 1483 1616; x_wconf 79' lang='lat' dir='ltr'>venerit</span> 
     </span>
     <span class='ocr_line' id='line_1_21' title="bbox 98 1643 1480 1689; baseline 0.001 -11"><span class='ocrx_word' id='word_1_193' title='bbox 98 1648 134 1679; x_wconf 89' lang='lat' dir='ltr'>et</span> <span class='ocrx_word' id='word_1_194' title='bbox 174 1654 238 1689; x_wconf 88' lang='lat' dir='ltr'>pro</span> <span class='ocrx_word' id='word_1_195' title='bbox 278 1654 319 1678; x_wconf 87' lang='lat' dir='ltr'>eo</span> <span class='ocrx_word' id='word_1_196' title='bbox 360 1645 621 1686; x_wconf 80' lang='lat' dir='ltr'>intercesserit,</span> <span class='ocrx_word' id='word_1_197' title='bbox 665 1655 740 1679; x_wconf 90' lang='lat' dir='ltr'>eum</span> <span class='ocrx_word' id='word_1_198' title='bbox 776 1644 957 1680; x_wconf 87' lang='lat' dir='ltr'>dimittam.</span> <span class='ocrx_word' id='word_1_199' title='bbox 1014 1643 1132 1678; x_wconf 86' lang='lat' dir='ltr'>Mater</span> <span class='ocrx_word' id='word_1_200' title='bbox 1165 1645 1274 1689; x_wconf 83' lang='lat' dir='ltr'>igitur</span> <span class='ocrx_word' id='word_1_201' title='bbox 1305 1647 1404 1689; x_wconf 86' lang='lat' dir='ltr'>pueri</span> <span class='ocrx_word' id='word_1_202' title='bbox 1437 1647 1480 1681; x_wconf 90' lang='lat' dir='ltr'>ad</span> 
     </span>
     <span class='ocr_line' id='line_1_22' title="bbox 96 1708 1483 1755; baseline 0.001 -11"><span class='ocrx_word' id='word_1_203' title='bbox 96 1711 223 1744; x_wconf 90' lang='lat' dir='ltr'>ostium</span> <span class='ocrx_word' id='word_1_204' title='bbox 250 1711 346 1744; x_wconf 89' lang='lat' dir='ltr'>senis</span> <span class='ocrx_word' id='word_1_205' title='bbox 373 1708 528 1753; x_wconf 87' lang='lat' dir='ltr'>plorans,</span> <span class='ocrx_word' id='word_1_206' title='bbox 557 1708 634 1742; x_wconf 87' lang='lat' dir='ltr'>dum</span> <span class='ocrx_word' id='word_1_207' title='bbox 658 1709 717 1744; x_wconf 90' lang='lat' dir='ltr'>ille</span> <span class='ocrx_word' id='word_1_208' title='bbox 744 1710 812 1743; x_wconf 88' lang='lat' dir='ltr'>sibi</span> <span class='ocrx_word' id='word_1_209' title='bbox 837 1710 884 1743; x_wconf 91' lang='lat' dir='ltr'>nil</span> <span class='ocrx_word' id='word_1_210' title='bbox 910 1709 1113 1755; x_wconf 84' lang='lat' dir='ltr'>respondit,</span> <span class='ocrx_word' id='word_1_211' title='bbox 1139 1711 1208 1743; x_wconf 86' lang='lat' dir='ltr'>ait:</span> <span class='ocrx_word' id='word_1_212' title='bbox 1234 1715 1269 1744; x_wconf 88' lang='lat' dir='ltr'>et</span> <span class='ocrx_word' id='word_1_213' title='bbox 1292 1712 1322 1744; x_wconf 90' lang='lat' dir='ltr'>si</span> <span class='ocrx_word' id='word_1_214' title='bbox 1348 1713 1483 1746; x_wconf 71' lang='lat' dir='ltr'>viscera</span> 
     </span>
     <span class='ocr_line' id='line_1_23' title="bbox 98 1774 1480 1819; baseline 0.002 -11"><span class='ocrx_word' id='word_1_215' title='bbox 98 1774 216 1809; x_wconf 83' lang='lat' dir='ltr'>ferrea</span> <span class='ocrx_word' id='word_1_216' title='bbox 257 1774 369 1809; x_wconf 84' lang='lat' dir='ltr'>habes</span> <span class='ocrx_word' id='word_1_217' title='bbox 412 1777 446 1808; x_wconf 87' lang='lat' dir='ltr'>et</span> <span class='ocrx_word' id='word_1_218' title='bbox 483 1774 580 1808; x_wconf 87' lang='lat' dir='ltr'>nulla</span> <span class='ocrx_word' id='word_1_219' title='bbox 620 1776 865 1819; x_wconf 82' lang='lat' dir='ltr'>compassione</span> <span class='ocrx_word' id='word_1_220' title='bbox 906 1776 1079 1816; x_wconf 86' lang='lat' dir='ltr'>moveris,</span> <span class='ocrx_word' id='word_1_221' title='bbox 1133 1775 1256 1809; x_wconf 86' lang='lat' dir='ltr'>saitem</span> <span class='ocrx_word' id='word_1_222' title='bbox 1301 1778 1480 1811; x_wconf 86' lang='lat' dir='ltr'>miseratio</span> 
     </span>
     <span class='ocr_line' id='line_1_24' title="bbox 97 1838 1480 1886; baseline 0.001 -12"><span class='ocrx_word' id='word_1_223' title='bbox 97 1840 280 1885; x_wconf 86' lang='lat' dir='ltr'>sanguinis</span> <span class='ocrx_word' id='word_1_224' title='bbox 299 1840 348 1873; x_wconf 89' lang='lat' dir='ltr'>tui</span> <span class='ocrx_word' id='word_1_225' title='bbox 367 1838 486 1874; x_wconf 85' lang='lat' dir='ltr'>flectat</span> <span class='ocrx_word' id='word_1_226' title='bbox 510 1844 557 1881; x_wconf 89' lang='lat' dir='ltr'>te,</span> <span class='ocrx_word' id='word_1_227' title='bbox 583 1844 617 1874; x_wconf 87' lang='lat' dir='ltr'>et</span> <span class='ocrx_word' id='word_1_228' title='bbox 642 1839 734 1884; x_wconf 88' lang='lat' dir='ltr'>quod</span> <span class='ocrx_word' id='word_1_229' title='bbox 760 1841 959 1886; x_wconf 86' lang='lat' dir='ltr'>unigenitus</span> <span class='ocrx_word' id='word_1_230' title='bbox 984 1839 1066 1873; x_wconf 82' lang='lat' dir='ltr'>mihi</span> <span class='ocrx_word' id='word_1_231' title='bbox 1091 1842 1240 1874; x_wconf 85' lang='lat' dir='ltr'>exsistit.</span> <span class='ocrx_word' id='word_1_232' title='bbox 1287 1839 1350 1875; x_wconf 87' lang='lat' dir='ltr'>llle</span> <span class='ocrx_word' id='word_1_233' title='bbox 1367 1846 1480 1876; x_wconf 89' lang='lat' dir='ltr'>autem</span> 
     </span>
     <span class='ocr_line' id='line_1_25' title="bbox 97 1904 1481 1951; baseline 0.002 -12"><span class='ocrx_word' id='word_1_234' title='bbox 97 1904 275 1940; x_wconf 85' lang='lat' dir='ltr'>mandavit</span> <span class='ocrx_word' id='word_1_235' title='bbox 309 1906 361 1940; x_wconf 88' lang='lat' dir='ltr'>ei:</span> <span class='ocrx_word' id='word_1_236' title='bbox 393 1904 521 1939; x_wconf 89' lang='lat' dir='ltr'>Pastor</span> <span class='ocrx_word' id='word_1_237' title='bbox 554 1904 646 1939; x_wconf 84' lang='lat' dir='ltr'>filios</span> <span class='ocrx_word' id='word_1_238' title='bbox 679 1915 746 1938; x_wconf 91' lang='lat' dir='ltr'>non</span> <span class='ocrx_word' id='word_1_239' title='bbox 780 1907 964 1951; x_wconf 81' lang='lat' dir='ltr'>generavit</span> <span class='ocrx_word' id='word_1_240' title='bbox 998 1905 1077 1950; x_wconf 89' lang='lat' dir='ltr'>¹)et</span> <span class='ocrx_word' id='word_1_241' title='bbox 1108 1905 1241 1939; x_wconf 86' lang='lat' dir='ltr'>idcirco</span> <span class='ocrx_word' id='word_1_242' title='bbox 1274 1916 1342 1940; x_wconf 90' lang='lat' dir='ltr'>non</span> <span class='ocrx_word' id='word_1_243' title='bbox 1374 1906 1481 1943; x_wconf 89' lang='lat' dir='ltr'>dolet.</span> 
     </span>
     <span class='ocr_line' id='line_1_26' title="bbox 98 1969 1482 2015; baseline 0 -10"><span class='ocrx_word' id='word_1_244' title='bbox 98 1971 176 2011; x_wconf 87' lang='lat' dir='ltr'>Qua</span> <span class='ocrx_word' id='word_1_245' title='bbox 209 1980 283 2004; x_wconf 90' lang='lat' dir='ltr'>cum</span> <span class='ocrx_word' id='word_1_246' title='bbox 319 1970 441 2006; x_wconf 87' lang='lat' dir='ltr'>dolore</span> <span class='ocrx_word' id='word_1_247' title='bbox 473 1970 697 2013; x_wconf 87' lang='lat' dir='ltr'>discedente,</span> <span class='ocrx_word' id='word_1_248' title='bbox 730 1969 820 2003; x_wconf 81' lang='lat' dir='ltr'>dixit</span> <span class='ocrx_word' id='word_1_249' title='bbox 852 1971 883 2004; x_wconf 91' lang='lat' dir='ltr'>ei</span> <span class='ocrx_word' id='word_1_250' title='bbox 912 1970 1044 2015; x_wconf 86' lang='lat' dir='ltr'>judex:</span> <span class='ocrx_word' id='word_1_251' title='bbox 1079 1970 1202 2005; x_wconf 88' lang='lat' dir='ltr'>saltem</span> <span class='ocrx_word' id='word_1_252' title='bbox 1228 1970 1334 2005; x_wconf 90' lang='lat' dir='ltr'>verbo</span> <span class='ocrx_word' id='word_1_253' title='bbox 1355 1971 1482 2015; x_wconf 87' lang='lat' dir='ltr'>jubeat</span> 
     </span>
     <span class='ocr_line' id='line_1_27' title="bbox 100 2034 1482 2080; baseline -0.001 -11"><span class='ocrx_word' id='word_1_254' title='bbox 100 2039 135 2069; x_wconf 88' lang='lat' dir='ltr'>et</span> <span class='ocrx_word' id='word_1_255' title='bbox 157 2045 225 2080; x_wconf 84' lang='lat' dir='ltr'>ego</span> <span class='ocrx_word' id='word_1_256' title='bbox 250 2045 325 2069; x_wconf 89' lang='lat' dir='ltr'>eum</span> <span class='ocrx_word' id='word_1_257' title='bbox 359 2034 540 2070; x_wconf 85' lang='lat' dir='ltr'>dimittam.</span> <span class='ocrx_word' id='word_1_258' title='bbox 587 2034 649 2069; x_wconf 91' lang='lat' dir='ltr'>llle</span> <span class='ocrx_word' id='word_1_259' title='bbox 684 2038 797 2068; x_wconf 84' lang='lat' dir='ltr'>autem</span> <span class='ocrx_word' id='word_1_260' title='bbox 834 2036 866 2068; x_wconf 89' lang='lat' dir='ltr'>ei</span> <span class='ocrx_word' id='word_1_261' title='bbox 898 2035 1115 2069; x_wconf 86' lang='lat' dir='ltr'>remandavit</span> <span class='ocrx_word' id='word_1_262' title='bbox 1147 2035 1288 2069; x_wconf 89' lang='lat' dir='ltr'>dicens:</span> <span class='ocrx_word' id='word_1_263' title='bbox 1322 2037 1482 2068; x_wconf 84' lang='lat' dir='ltr'>examina</span> 
     </span>
     <span class='ocr_line' id='line_1_28' title="bbox 96 2097 1481 2144; baseline -0.001 -10"><span class='ocrx_word' id='word_1_264' title='bbox 96 2109 238 2134; x_wconf 86' lang='lat' dir='ltr'>causam</span> <span class='ocrx_word' id='word_1_265' title='bbox 274 2099 462 2134; x_wconf 77' lang='lat' dir='ltr'>secundum</span> <span class='ocrx_word' id='word_1_266' title='bbox 496 2100 610 2144; x_wconf 81' lang='lat' dir='ltr'>legem</span> <span class='ocrx_word' id='word_1_267' title='bbox 645 2101 700 2139; x_wconf 88' lang='lat' dir='ltr'>et,</span> <span class='ocrx_word' id='word_1_268' title='bbox 739 2100 771 2131; x_wconf 92' lang='lat' dir='ltr'>si</span> <span class='ocrx_word' id='word_1_269' title='bbox 804 2097 930 2143; x_wconf 80' lang='lat' dir='ltr'>dignus</span> <span class='ocrx_word' id='word_1_270' title='bbox 963 2103 1073 2133; x_wconf 85' lang='lat' dir='ltr'>morte</span> <span class='ocrx_word' id='word_1_271' title='bbox 1110 2098 1279 2139; x_wconf 80' lang='lat' dir='ltr'>liabetur,</span> <span class='ocrx_word' id='word_1_272' title='bbox 1321 2099 1481 2142; x_wconf 86' lang='lat' dir='ltr'>protinus</span> 
     </span>
     <span class='ocr_line' id='line_1_29' title="bbox 97 2161 1481 2209; baseline -0.001 -11"><span class='ocrx_word' id='word_1_273' title='bbox 97 2166 287 2207; x_wconf 86' lang='lat' dir='ltr'>moriatur,</span> <span class='ocrx_word' id='word_1_274' title='bbox 312 2165 344 2209; x_wconf 81' lang='lat'>²)</span> <span class='ocrx_word' id='word_1_275' title='bbox 357 2166 388 2198; x_wconf 92' lang='lat' dir='ltr'>si</span> <span class='ocrx_word' id='word_1_276' title='bbox 407 2175 475 2198; x_wconf 88' lang='lat' dir='ltr'>non</span> <span class='ocrx_word' id='word_1_277' title='bbox 496 2167 631 2205; x_wconf 85' lang='lat' dir='ltr'>autem,</span> <span class='ocrx_word' id='word_1_278' title='bbox 654 2162 827 2207; x_wconf 90' lang='lat' dir='ltr'>quomodo</span> <span class='ocrx_word' id='word_1_279' title='bbox 848 2162 964 2207; x_wconf 84' lang='lat' dir='ltr'>placet</span> <span class='ocrx_word' id='word_1_280' title='bbox 980 2163 1044 2196; x_wconf 86' lang='lat' dir='ltr'>tibi</span> <span class='ocrx_word' id='word_1_281' title='bbox 1058 2190 1066 2205; x_wconf 85' lang='lat'>,</span> <span class='ocrx_word' id='word_1_282' title='bbox 1091 2163 1156 2197; x_wconf 81' lang='lat' dir='ltr'>fac.</span> <span class='ocrx_word' id='word_1_283' title='bbox 1188 2161 1347 2197; x_wconf 84' lang='lat' dir='ltr'>Docebat</span> <span class='ocrx_word' id='word_1_284' title='bbox 1366 2166 1481 2197; x_wconf 86' lang='lat' dir='ltr'>autem</span> 
     </span>
     <span class='ocr_line' id='line_1_30' title="bbox 97 2226 1481 2271; baseline -0.002 -7"><span class='ocrx_word' id='word_1_285' title='bbox 97 2229 228 2264; x_wconf 75' lang='lat' dir='ltr'>fratres</span> <span class='ocrx_word' id='word_1_286' title='bbox 248 2231 299 2264; x_wconf 86' lang='lat' dir='ltr'>sic</span> <span class='ocrx_word' id='word_1_287' title='bbox 316 2229 453 2264; x_wconf 86' lang='lat' dir='ltr'>dicens:</span> <span class='ocrx_word' id='word_1_288' title='bbox 478 2227 656 2263; x_wconf 88' lang='lat' dir='ltr'>custodire</span> <span class='ocrx_word' id='word_1_289' title='bbox 683 2232 717 2262; x_wconf 88' lang='lat' dir='ltr'>et</span> <span class='ocrx_word' id='word_1_290' title='bbox 741 2237 779 2262; x_wconf 89' lang='lat' dir='ltr'>se</span> <span class='ocrx_word' id='word_1_291' title='bbox 806 2229 918 2271; x_wconf 87' lang='lat' dir='ltr'>ipsum</span> <span class='ocrx_word' id='word_1_292' title='bbox 938 2227 1163 2262; x_wconf 86' lang='lat' dir='ltr'>considerare</span> <span class='ocrx_word' id='word_1_293' title='bbox 1184 2232 1217 2262; x_wconf 89' lang='lat' dir='ltr'>et</span> <span class='ocrx_word' id='word_1_294' title='bbox 1235 2226 1481 2262; x_wconf 87' lang='lat' dir='ltr'>discretionem</span> 
     </span>
     <span class='ocr_line' id='line_1_31' title="bbox 99 2292 1481 2341; baseline -0.002 -13"><span class='ocrx_word' id='word_1_295' title='bbox 99 2294 253 2338; x_wconf 83' lang='lat' dir='ltr'>habere,</span> <span class='ocrx_word' id='word_1_296' title='bbox 277 2295 503 2341; x_wconf 72' lang='lat' dir='ltr'>operationes</span> <span class='ocrx_word' id='word_1_297' title='bbox 529 2296 609 2328; x_wconf 88' lang='lat' dir='ltr'>sunt</span> <span class='ocrx_word' id='word_1_298' title='bbox 633 2294 786 2333; x_wconf 79' lang='lat' dir='ltr'>animae3</span> <span class='ocrx_word' id='word_1_299' title='bbox 811 2296 1021 2337; x_wconf 84' lang='lat' dir='ltr'>paupertas,</span> <span class='ocrx_word' id='word_1_300' title='bbox 1046 2292 1228 2327; x_wconf 81' lang='lat' dir='ltr'>tribulatio</span> <span class='ocrx_word' id='word_1_301' title='bbox 1255 2297 1290 2327; x_wconf 90' lang='lat' dir='ltr'>et</span> <span class='ocrx_word' id='word_1_302' title='bbox 1314 2292 1481 2327; x_wconf 83' lang='lat' dir='ltr'>discretio</span> 
     </span>
     <span class='ocr_line' id='line_1_32' title="bbox 98 2356 1482 2404; baseline -0.003 -11"><span class='ocrx_word' id='word_1_303' title='bbox 98 2363 182 2393; x_wconf 83' lang='lat' dir='ltr'>sunt</span> <span class='ocrx_word' id='word_1_304' title='bbox 205 2360 430 2404; x_wconf 79' lang='lat' dir='ltr'>operationes</span> <span class='ocrx_word' id='word_1_305' title='bbox 455 2359 637 2394; x_wconf 85' lang='lat' dir='ltr'>solitariae</span> <span class='ocrx_word' id='word_1_306' title='bbox 662 2359 768 2393; x_wconf 80' lang='lat' dir='ltr'>vitae.</span> <span class='ocrx_word' id='word_1_307' title='bbox 817 2357 989 2402; x_wconf 88' lang='lat' dir='ltr'>Scriptum</span> <span class='ocrx_word' id='word_1_308' title='bbox 1017 2361 1071 2392; x_wconf 86' lang='lat' dir='ltr'>est</span> <span class='ocrx_word' id='word_1_309' title='bbox 1095 2360 1202 2392; x_wconf 87' lang='lat' dir='ltr'>enim:</span> <span class='ocrx_word' id='word_1_310' title='bbox 1239 2359 1268 2390; x_wconf 91' lang='lat' dir='ltr'>si</span> <span class='ocrx_word' id='word_1_311' title='bbox 1294 2356 1423 2391; x_wconf 88' lang='lat' dir='ltr'>suerint</span> <span class='ocrx_word' id='word_1_312' title='bbox 1446 2356 1482 2390; x_wconf 89' lang='lat' dir='ltr'>hi</span> 
     </span>
     <span class='ocr_line' id='line_1_33' title="bbox 99 2421 1481 2468; baseline -0.003 -10"><span class='ocrx_word' id='word_1_313' title='bbox 99 2429 173 2460; x_wconf 83' lang='lat' dir='ltr'>tres</span> <span class='ocrx_word' id='word_1_314' title='bbox 199 2425 264 2459; x_wconf 86' lang='lat' dir='ltr'>viri</span> <span class='ocrx_word' id='word_1_315' title='bbox 285 2424 384 2466; x_wconf 77' lang='lat' dir='ltr'>Noe,</span> <span class='ocrx_word' id='word_1_316' title='bbox 409 2423 476 2459; x_wconf 85' lang='lat' dir='ltr'>Job</span> <span class='ocrx_word' id='word_1_317' title='bbox 502 2427 537 2458; x_wconf 90' lang='lat' dir='ltr'>et</span> <span class='ocrx_word' id='word_1_318' title='bbox 558 2423 684 2458; x_wconf 87' lang='lat' dir='ltr'>Daniel</span> <span class='ocrx_word' id='word_1_319' title='bbox 712 2427 779 2459; x_wconf 81' lang='lat' dir='ltr'>etc.</span> <span class='ocrx_word' id='word_1_320' title='bbox 825 2422 901 2457; x_wconf 88' lang='lat' dir='ltr'>Noe</span> <span class='ocrx_word' id='word_1_321' title='bbox 926 2433 1111 2468; x_wconf 83' lang='lat' dir='ltr'>personam</span> <span class='ocrx_word' id='word_1_322' title='bbox 1136 2422 1243 2456; x_wconf 87' lang='lat' dir='ltr'>habet</span> <span class='ocrx_word' id='word_1_323' title='bbox 1260 2421 1346 2455; x_wconf 85' lang='lat' dir='ltr'>nihil</span> <span class='ocrx_word' id='word_1_324' title='bbox 1364 2422 1481 2465; x_wconf 88' lang='lat' dir='ltr'>possi-</span> 
     </span>
     <span class='ocr_line' id='line_1_34' title="bbox 99 2485 1483 2532; baseline -0.005 -6"><span class='ocrx_word' id='word_1_325' title='bbox 99 2490 266 2532; x_wconf 77' lang='lat' dir='ltr'>dentium,</span> <span class='ocrx_word' id='word_1_326' title='bbox 290 2488 357 2524; x_wconf 83' lang='lat' dir='ltr'>Job</span> <span class='ocrx_word' id='word_1_327' title='bbox 382 2488 639 2530; x_wconf 83' lang='lat' dir='ltr'>tribulatorum,</span> <span class='ocrx_word' id='word_1_328' title='bbox 664 2487 789 2522; x_wconf 89' lang='lat' dir='ltr'>Daniel</span> <span class='ocrx_word' id='word_1_329' title='bbox 814 2486 1054 2522; x_wconf 85' lang='lat' dir='ltr'>discretorum.</span> <span class='ocrx_word' id='word_1_330' title='bbox 1105 2487 1143 2522; x_wconf 90' lang='lat' dir='ltr'>Si</span> <span class='ocrx_word' id='word_1_331' title='bbox 1171 2486 1258 2520; x_wconf 87' lang='lat' dir='ltr'>duas</span> <span class='ocrx_word' id='word_1_332' title='bbox 1285 2495 1343 2520; x_wconf 88' lang='lat' dir='ltr'>res</span> <span class='ocrx_word' id='word_1_333' title='bbox 1369 2485 1483 2521; x_wconf 89' lang='lat' dir='ltr'>oderit</span> 
     </span>
     <span class='ocr_line' id='line_1_35' title="bbox 103 2550 1481 2597; baseline -0.004 -8"><span class='ocrx_word' id='word_1_334' title='bbox 103 2553 312 2596; x_wconf 84' lang='lat' dir='ltr'>monachus,</span> <span class='ocrx_word' id='word_1_335' title='bbox 343 2556 462 2597; x_wconf 86' lang='lat' dir='ltr'>potest</span> <span class='ocrx_word' id='word_1_336' title='bbox 493 2552 536 2586; x_wconf 87' lang='lat' dir='ltr'>ab</span> <span class='ocrx_word' id='word_1_337' title='bbox 572 2551 640 2586; x_wconf 88' lang='lat' dir='ltr'>hoe</span> <span class='ocrx_word' id='word_1_338' title='bbox 673 2552 800 2587; x_wconf 88' lang='lat' dir='ltr'>mundo</span> <span class='ocrx_word' id='word_1_339' title='bbox 832 2552 923 2587; x_wconf 87' lang='lat' dir='ltr'>liber</span> <span class='ocrx_word' id='word_1_340' title='bbox 955 2562 1047 2586; x_wconf 85' lang='lat' dir='ltr'>esse.</span> <span class='ocrx_word' id='word_1_341' title='bbox 1095 2550 1138 2586; x_wconf 91' lang='lat' dir='ltr'>Et</span> <span class='ocrx_word' id='word_1_342' title='bbox 1162 2551 1345 2595; x_wconf 84' lang='lat' dir='ltr'>quaerenti</span> <span class='ocrx_word' id='word_1_343' title='bbox 1369 2550 1481 2594; x_wconf 79' lang='lat' dir='ltr'>fratri,</span> 
     </span>
    </p>
   </div>
   <div class='ocr_carea' id='block_1_5' title="bbox 171 2694 1206 2782">
    <p class='ocr_par' dir='ltr' id='par_1_5' title="bbox 171 2694 1206 2782">
     <span class='ocr_line' id='line_1_36' title="bbox 171 2694 1180 2730; baseline -0.006 -4"><span class='ocrx_word' id='word_1_344' title='bbox 171 2698 199 2730; x_wconf 83' lang='lat'>1)</span> <span class='ocrx_word' id='word_1_345' title='bbox 217 2698 332 2727; x_wconf 76' lang='lat' dir='ltr'>Verba:</span> <span class='ocrx_word' id='word_1_346' title='bbox 351 2701 388 2725; x_wconf 87' lang='lat' dir='ltr'>et</span> <span class='ocrx_word' id='word_1_347' title='bbox 405 2712 438 2717; x_wconf 91' lang='lat'><em>-</em></span> <span class='ocrx_word' id='word_1_348' title='bbox 458 2695 563 2724; x_wconf 82' lang='lat' dir='ltr'>dolet</span> <span class='ocrx_word' id='word_1_349' title='bbox 582 2695 692 2724; x_wconf 82' lang='lat' dir='ltr'>omittit</span> <span class='ocrx_word' id='word_1_350' title='bbox 712 2694 765 2723; x_wconf 80' lang='lat' dir='ltr'>Ed.</span> <span class='ocrx_word' id='word_1_351' title='bbox 785 2698 828 2724; x_wconf 84' lang='lat' dir='ltr'>Pr.</span> <span class='ocrx_word' id='word_1_352' title='bbox 934 2696 962 2727; x_wconf 79' lang='lat'>2)</span> <span class='ocrx_word' id='word_1_353' title='bbox 981 2694 1092 2728; x_wconf 81' lang='lat' dir='ltr'>Vulgo:</span> <span class='ocrx_word' id='word_1_354' title='bbox 1112 2694 1180 2723; x_wconf 85' lang='lat' dir='ltr'>sin.</span> 
     </span>
     <span class='ocr_line' id='line_1_37' title="bbox 1131 2748 1206 2782; baseline 0 0"><span class='ocrx_word' id='word_1_355' title='bbox 1131 2748 1174 2782; x_wconf 85' lang='lat'>51</span> <span class='ocrx_word' id='word_1_356' title='bbox 1188 2748 1206 2767; x_wconf 81' lang='grc'><em>*</em></span> 
     </span>
    </p>
   </div>
  </div>
 </body>
</html>
