1742 3005
284 122 313 146 X

283 219 368 263 Cap.
394 219 525 255 CCXII.
575 219 779 254 MIracqum
806 220 849 252 de
874 222 997 252 sancta
1023 219 1213 255 Katherina
1246 248 1253 255 .
1304 248 1312 258 .
1364 249 1372 259 .

815 115 933 153 Index
964 117 1139 166 capitum.

1430 250 1439 260 .
1486 234 1570 270 pag.
1594 225 1661 259 924

328 297 341 300 -
391 276 538 312 CCXIII.
585 276 634 310 De
660 279 782 309 sancto
807 274 987 308 Ludovico
1013 286 1097 319 rege
1122 275 1328 311 Francorum
1390 303 1399 314 .
1451 308 1460 316 ,
1532 302 1546 306 -
1593 281 1661 315 915

336 354 340 357 -
389 331 536 367 CCXIV.
583 330 752 376 Legenda
776 332 886 364 sancti
913 329 1069 364 Thomae
1094 330 1136 364 de
1164 333 1301 376 Aquino
1356 361 1362 368 .
1413 362 1420 369 ,
1471 362 1482 373 ,
1531 356 1546 361 -
1593 338 1660 371 918

326 410 338 414 -
388 388 521 424 CCXV.
570 388 620 422 De
645 391 766 422 sancto
792 385 960 420 MarceIIo
983 385 1176 421 Parisiensi
1201 390 1368 433 episcopo
1395 417 1402 424 .
1531 413 1545 419 -
1591 394 1658 429 921

325 468 339 472 —
387 444 535 480 CCXVI.
584 444 634 479 De
659 448 779 477 sancta
810 441 991 476 Genovesa
1015 469 1480 483 .........
1529 469 1544 474 -
1590 450 1658 483 922

323 524 338 529 -
388 499 553 537 CCXVII.
599 499 650 534 De
679 499 851 533 dominica
878 499 911 532 in
938 499 1043 532 ramis
1070 498 1260 543 palmarum
1328 524 1340 536 .
1390 529 1399 538 .
1448 528 1458 539 .
1529 524 1544 529 -
1590 505 1658 538 927

323 581 337 585 -
386 556 563 593 CCXVIII.
612 556 662 591 De
689 565 799 589 coena
822 554 950 588 domini
999 581 1544 595 ..........
1590 561 1658 594 929

323 637 336 641 -
387 613 538 649 CCXIX.
580 613 629 647 De
655 615 776 645 sancto
801 610 1018 645 Bernardino
1043 612 1246 648 consessore
1270 637 1277 647 .
1326 639 1334 647 .
1446 641 1455 651 ,
1529 638 1543 643 -
1589 617 1656 650 931

320 694 334 698 -
383 670 517 705 CCXX.
565 669 614 703 De
634 672 753 702 sancto
769 667 1016 702 Bonaventura
1031 670 1198 714 effiscopo
1222 673 1256 703 et
1276 671 1479 706 confessore
1527 694 1541 699 -
1563 692 1567 695 v
1587 674 1656 708 932

319 750 333 754 -
385 725 532 761 CCXXI.
581 725 631 759 De
658 728 778 757 sancto
804 722 922 758 Rocho
948 724 1151 759 confessore
1179 751 1474 765 ......
1525 750 1539 755 -
1587 730 1655 764 933

317 807 331 811 -
381 780 543 818 CCXXII.
595 781 645 815 De
671 785 793 814 sancta
818 780 918 814 Anna
944 785 1052 816 matre
1077 783 1223 827 virginis
1249 782 1386 817 Mariae
1444 809 1451 819 .
1524 806 1539 811 -
1585 784 1654 819 934

317 863 331 867 -
382 837 563 874 CCXXIII.
589 837 639 872 De
656 838 894 871 sacratissimo
912 847 1060 882 (torpore
1074 837 1203 872 Christi
1219 838 1347 873 domini
1367 841 1477 874 nostri
1525 862 1539 867 -
1586 841 1654 874 935

316 920 330 924 -
381 894 564 931 CCXXIV.
610 894 660 928 De
688 897 807 927 nostra
833 893 970 928 domina
992 893 1034 928 de
1059 896 1189 939 pietate
1214 921 1452 932 .....
1524 918 1540 923 -
1586 898 1654 931 93ss

316 976 330 980 -
380 950 546 987 CCXXV.
595 950 644 985 De
670 953 789 984 sancto
817 949 948 995 Joseph
975 961 1105 995 sponso
1131 952 1276 995 vii-giniS
1304 951 1440 986 Mariae
1466 979 1473 987 .
1524 974 1539 979 -
1585 953 1653 987 938

314 1032 329 1037 -
377 1006 556 1043 CCXXVI.
607 1007 658 1041 De
694 1010 815 1040 sancto
843 1005 987 1041 Irenaeo
1013 1007 1277 1052 archipraesule
1303 1008 1447 1055 Lugdu-

482 1065 581 1098 nensi
607 1063 814 1108 dignissimo
863 1088 1448 1102 ...........
1521 1088 1536 1093 -
1582 1068 1651 1101 949

312 1145 327 1149 -
376 1119 573 1157 CCXXVII.
626 1119 677 1154 De
703 1123 822 1153 sancto
847 1119 1038 1154 Fortunato
1065 1121 1234 1164 episcopo
1285 1145 1536 1158 .....
1582 1125 1648 1159 941

313 1202 327 1206 -
376 1176 588 1213 CCXXVIII.
639 1176 690 1210 De
716 1181 838 1210 sancto
864 1175 1041 1211 honorato
1068 1176 1196 1212 abbate
1263 1204 1272 1213 .
1522 1201 1536 1206 -
1583 1181 1650 1214 942

312 1258 327 1262 -
377 1234 562 1270 CCXXIX.
614 1233 663 1268 De
690 1237 811 1267 sancto
837 1232 1010 1266 Fusciano
1036 1235 1176 1267 martire
1227 1259 1471 1270 .....
1520 1257 1534 1262 -
1581 1238 1649 1271 942

310 1314 323 1317 -
375 1290 544 1327 CCXXX.
595 1289 646 1324 De
668 1293 787 1323 sancto
807 1288 907 1324 Justo
933 1288 1201 1333 archiepiscopo
1219 1290 1368 1334 inclytae
1396 1292 1446 1324 ci-

477 1348 596 1381 vitatis
621 1345 871 1391 Lugdunensis
920 1368 1447 1382 ..........
1520 1369 1535 1375 ·
1580 1349 1648 1383 943

307 1428 320 1432 -
371 1403 557 1440 CCXXXI.
603 1403 655 1438 De
682 1406 805 1436 sancta
837 1400 1032 1435 Katherina
1068 1400 1111 1435 de
1137 1400 1238 1435 Senis
1265 1402 1355 1435 sacri
1383 1413 1441 1436 or-

477 1460 568 1494 dinis
595 1458 876 1504 praedicatorum
929 1483 1468 1495 ..........
1518 1481 1532 1486 -
1578 1460 1646 1495 944

305 1541 318 1544 -
367 1515 568 1551 CCXXXII.
626 1514 676 1549 Do
720 1518 840 1547 sancto
884 1513 1067 1547 Vincentio
1110 1513 1314 1548 consessore
1350 1516 1441 1548 sacri

475 1571 606 1604 ordinis
640 1570 917 1614 praedicatorum
987 1591 1529 1607 ..........
1576 1572 1644 1606 945

305 1651 319 1654 -
369 1626 586 1663 CCXXXIII.
633 1626 683 1660 Dc
712 1629 833 1659 sancto
861 1624 1087 1658 Aluit-inundo
1113 1624 1379 1669 archiepiscopo
1406 1630 1440 1660 et

474 1685 616 1717 martin}
665 1705 1437 1718 ..............
1512 1705 1526 1708 -
1574 1685 1642 1719 947

302 1763 317 1768 -
366 1739 582 1775 CCXXXIV.
628 1739 678 1773 De
704 1742 826 1772 sancto
852 1736 1004 1771 Firmino
1032 1738 1197 1781 episcopo
1226 1740 1259 1770 et
1285 1739 1426 1772 martire
1451 1766 1461 1775 .
1511 1762 1525 1767 -
1573 1741 1642 1775 948

310 1819 315 1822 -
365 1795 566 1832 CCXXXV.
613 1795 662 1830 De
688 1799 809 1828 sancto
833 1794 969 1828 Lazaro
1007 1796 1172 1838 episcopo
1201 1798 1235 1828 et
1262 1793 1435 1838 discipulo

472 1852 600 1886 domini
671 1874 1438 1887 ..............
1512 1873 1526 1877 -
1571 1853 1639 1887 948

303 1931 316 1935 -
365 1907 583 1944 CCXXXVI
631 1907 681 1942 De
708 1911 830 1941 sancia
853 1907 934 1941 C·Ia1
938 1916 958 1940 a
985 1932 993 1940 .
1042 1933 1049 1940 .
1103 1933 1109 1940 .
1448 1934 1458 1943 .
1509 1929 1523 1934 -
1569 1909 1638 1942 9⁴9

301 1987 314 1991 -
363 1965 416 1998 fc
422 1964 595 1999 XXXVII
647 1964 697 1999 I)e
725 1968 845 1998 sancto
869 1962 1063 1997 PhiliborIo
1088 1962 1323 1998 confessore.
1428 1990 1434 1997 .
1508 1986 1522 1990 -
1570 1966 1637 1998 950

301 2042 315 2046 -
366 2019 711 2056 ('CXXXVIII.1)e
736 2025 856 2054 saluto
886 2019 1051 2053 Anselmo
1078 2021 1244 2064 episcopo
1447 2046 1457 2056 ,
1507 2042 1521 2046 -
1569 2022 1634 2056 951

298 2098 313 2103 —
362 2075 582 2112 CCXXXIX.
634 2076 684 2111 De
710 2080 830 2110 sancto
859 2074 974 2120 Eligio
1001 2077 1168 2120 episeopo
1506 2099 1520 2103 -
1568 2077 1635 2112 952

300 2154 312 2157 -
364 2133 496 2168 CCXL.
545 2133 594 2167 Do
620 2137 742 2166 sancta
766 2131 979 2177 Radegunde
1006 2134 1129 2177 regina
1155 2130 1325 2166 Franciao
1388 2160 1394 2166 .
1449 2160 1458 2169 .
1507 2155 1521 2159 -
1567 2135 1634 2168 953

299 2211 312 2214 -
362 2187 508 2223 CCXLI.
556 2189 606 2223 Ilo
631 2193 750 2223 sancto
777 2189 938 2223 Servatio
965 2189 1132 2232 episcopo
1188 2212 1433 2225 .....
1505 2211 1519 2216 -
1566 2191 1634 2225 954

298 2266 312 2270 -
360 2243 521 2279 CCXLII.
570 2245 620 2279 De
645 2255 775 2279 corona
801 2249 921 2278 sancta
947 2244 1075 2278 domini
1104 2267 1453 2281 .......
1504 2266 1518 2271 -
1565 2246 1632 2280 955

299 2323 311 2325 u
362 2300 540 2337 CCXLIII.
589 2301 668 2337 vita
694 2306 728 2336 et
753 2302 973 2336 conversatio
1000 2302 1111 2334 sancti
1131 2300 1271 2335 Romani
1295 2301 1433 2336 abbatis
1506 2323 1518 2327 -
1564 2301 1633 2336 95.)
