1742 3005
342 80 436 129 Cap.
470 80 637 117 clxxiv.
696 81 753 117 De
785 88 914 117 sancto
946 80 1168 130 Augustino,
1361 78 1437 117 551

57 184 158 218 nibus
195 189 230 218 et
263 185 534 219 auctoritatibus
566 187 779 225 confutavit,
815 188 863 219 ita
899 190 936 218 ut
968 195 1067 218 error
1102 184 1161 218 ille
1192 193 1214 217 a
1237 183 1342 217 corde
1367 183 1439 217 Au-

54 250 184 295 gustini
210 251 347 293 penitus
369 250 570 294 pelleretur.
621 250 709 290 Quid
729 255 840 284 autem
860 255 939 295 post
959 249 1025 283 hoc
1046 250 1115 283 sibi
1134 249 1334 294 contigerit,
1361 249 1436 292 ipse

54 316 88 348 in
110 314 202 348 libro
227 315 487 349 confessionum
513 320 633 349 narrat
655 316 795 350 dicens:
829 326 902 349 cuin
941 321 974 349 tc
1007 316 1150 359 primum
1176 315 1346 358 cognovi,
1381 323 1436 347 re-

54 379 250 414 verberasti
278 380 508 415 infirmitatem
534 380 723 424 adspectus
750 384 837 421 mei,
876 382 1016 413 radians
1051 381 1082 412 in
1116 389 1169 412 me
1204 377 1435 415 vehementer,

52 450 87 479 et
110 446 300 479 contremui
325 454 442 479 amore
465 449 498 478 et
525 445 670 478 horrore
687 449 721 478 et
745 446 861 477 inveni
888 455 939 478 me
965 444 1070 488 longe
1098 454 1177 477 csse
1202 453 1223 476 a
1248 447 1294 484 te,
1321 445 1356 476 in
1381 454 1435 477 re-

52 511 159 555 gione
194 509 509 550 dissimilitudinis,
547 513 712 554 tanquam
744 508 898 542 audirem
935 519 1053 542 vocem
1089 514 1181 542 tuam
1210 508 1252 542 de
1281 508 1433 543 excelso.

52 575 159 609 Cibus
185 585 258 609 sum
284 574 481 620 grandium,
509 583 631 608 cresce
656 577 690 607 et
714 573 942 608 manducabis
969 584 1032 615 me,
1060 584 1122 608 nec
1148 579 1185 608 tu
1208 584 1262 608 me
1286 572 1435 608 mutabis

51 643 84 674 in
115 645 168 681 te,
209 641 301 673 sicut
334 639 446 673 cibum
481 640 596 673 carnis
628 643 729 681 tuae,
780 639 843 673 sed
875 644 911 674 tu
943 639 1134 675 mutaberis
1169 640 1204 672 in
1239 649 1304 675 me.
1354 638 1435 672 Cum

51 710 181 746 autem,
207 705 297 738 sicut
321 704 449 738 ibidem
475 704 603 746 refert,
638 705 694 738 via
721 703 849 737 Christi
878 706 944 738 sibi
973 705 1144 749 placeret,
1172 704 1232 738 sed
1261 714 1323 749 per
1348 705 1435 738 istas

51 770 234 815 angustias
259 769 375 804 adhuc
401 771 451 804 ire
480 771 637 815 pigeret,
676 771 815 804 inimisit
847 770 1005 803 dontinus
1041 771 1074 803 in
1098 773 1244 804 mentem
1269 770 1365 814 ejus,
1402 775 1438 803 ut

50 835 94 870 ad
114 836 389 880 simplicianum,
409 838 444 869 in
463 846 531 881 quo
553 835 693 869 lucebat
713 835 784 876 lux,
808 835 926 868 divina
945 835 1082 868 scilicet
1105 836 1232 879 gratia,
1260 839 1436 879 pergeret,

53 906 89 936 ut
101 901 169 935 sibi
187 903 343 945 ¹)aestus
357 911 439 935 suos
459 910 572 934 secum
589 900 781 934 conserenti
796 900 981 944 proferret,
1008 901 1084 944 quis
1097 903 1302 943 cssetaptus
1316 898 1437 933 modus

53 966 194 1002 vivendi
211 966 255 1001 ad
282 966 525 1000 ambulandum
552 967 585 999 in
613 966 669 999 via
687 965 762 1005 Dei,
791 966 823 998 iu
853 974 922 1010 qua
946 965 1036 998 alius
1064 967 1134 1005 sic,
1160 964 1251 998 alius
1277 966 1327 998 sic
1353 964 1436 998 ibat.

51 1031 270 1077 Displicebat
287 1033 375 1066 enim
405 1032 450 1073 ei,
473 1030 644 1076 quidquid
669 1030 799 1075 agebat
824 1033 857 1064 in
886 1030 1041 1072 saeculo,
1068 1040 1152 1074 prae
1172 1030 1355 1065 dulcedine
1373 1030 1435 1064 Dei

52 1102 86 1131 et
105 1097 230 1132 decore
250 1096 372 1130 domus
393 1097 491 1141 ejus,
528 1106 627 1141 quani
649 1095 784 1130 dilexit.
823 1096 1070 1140 simplicianus
1087 1100 1198 1130 autem
1222 1097 1337 1139 coepit
1363 1106 1436 1130 euni

52 1162 199 1204 hortari,
218 1163 332 1207 ²)ipse
348 1172 486 1207 quoque
499 1171 537 1196 se
559 1163 668 1206 ipsum
692 1161 823 1195 hortari
842 1167 875 1195 ct
893 1161 1026 1195 dicere:
1045 1165 1129 1205 quot
1142 1162 1283 1205 pneriet
1299 1160 1437 1205 puellae

51 1230 141 1262 intra
158 1227 342 1262 ecclesiam
359 1227 487 1261 domini
499 1227 574 1261 Deo
591 1229 759 1268 serviunt,
787 1231 820 1260 et
836 1231 870 1260 tu
883 1237 949 1260 non
961 1227 1105 1270 poteris,
1126 1226 1217 1271 quod
1230 1229 1295 1260 iste
1312 1231 1345 1260 et
1359 1227 1436 1266 iste,

51 1304 94 1327 an
109 1303 191 1327 vero
211 1294 278 1328 iste
293 1296 328 1326 et
345 1294 411 1326 iste
431 1293 467 1326 in
487 1302 524 1326 se
543 1294 629 1336 ipsis
648 1296 795 1336 possunt
814 1296 848 1326 et
864 1302 931 1325 non
950 1293 983 1325 in
1005 1291 1078 1326 Deo
1100 1302 1162 1325 suo
1176 1294 1213 1334 ῗ,
1241 1292 1330 1332 Quid
1352 1293 1384 1325 iu
1405 1296 1439 1326 tc

50 1363 123 1392 stas
144 1363 178 1392 et
199 1369 268 1392 non
293 1358 397 1392 stas?
422 1357 561 1401 Projice
582 1362 616 1390 te
638 1359 670 1390 in
691 1368 764 1391 eum
786 1362 819 1391 et
839 1359 989 1401 excipiet
1006 1361 1040 1391 te
1062 1356 1259 1391 exsalvahit
1276 1362 1319 1391 te.
1347 1356 1440 1391 lntcr

50 1423 170 1457 horum
189 1423 367 1467 colloquia
383 1411 548 1456 memoria
571 1422 780 1465 ³)t'iciorini
799 1424 831 1456 in
854 1423 1000 1457 medium
1020 1426 1121 1458 veuit.
1148 1422 1243 1456 Unde
1262 1422 1435 1456 exhilara-

51 1494 106 1523 tus
133 1488 377 1532 Simplicianus
403 1492 540 1529 narrat,
571 1488 722 1532 qualiter
747 1488 874 1522 ibidem
910 1488 1025 1522 adhuc
1058 1488 1201 1533 gentilis
1230 1487 1273 1521 ob
1300 1489 1353 1521 sui
1379 1498 1419 1521 sa

51 1555 216 1598 pientiam
241 1553 390 1596 Romae,
431 1554 524 1600 quod
559 1554 739 1587 niaximum
772 1557 853 1586 tunc
889 1557 981 1595 erat,
1017 1558 1164 1587 statuam
1198 1554 1231 1586 in
1265 1553 1342 1586 soro
1367 1563 1439 1588 me-

52 1621 181 1653 ruisset
205 1623 240 1653 ct
264 1620 416 1664 qualiter
442 1629 480 1654 se
506 1621 647 1664 saepius
673 1618 899 1652 christianum
925 1618 1076 1653 dicebat.
1126 1619 1189 1653 Cui
1224 1629 1324 1663 quum
1349 1617 1438 1651 Sim-

53 1684 224 1728 plicianus
250 1684 401 1720 diceret:
426 1695 495 1719 non
521 1684 638 1724 credo,
669 1684 737 1717 nisi
762 1688 796 1718 te
823 1685 857 1717 in
883 1684 1035 1719 ecclesia
1054 1684 1186 1725 videro,
1212 1684 1270 1718 ille
1285 1682 1440 1728 Jocando

51 1750 208 1783 dicebat:
242 1750 406 1796 numquid
430 1752 585 1795 parietes
611 1749 744 1783 faciunt
778 1749 951 1784 hominem
979 1749 1232 1784 christianum?
1282 1748 1440 1783 Tandem

51 1814 130 1848 dum
161 1813 207 1848 ad
239 1815 425 1850 ecclesiam
457 1817 613 1851 venisset
640 1819 674 1849 et
700 1817 732 1849 ei
757 1820 930 1860 tamquam
958 1814 1154 1850 verecundo
1180 1814 1314 1849 occulte
1339 1813 1439 1850 liber,

52 1878 112 1914 uhi
137 1884 213 1914 erat
236 1880 425 1925 s5mbolum
455 1881 546 1923 fidei,
582 1881 627 1915 ad
653 1880 838 1926 legendum
874 1885 908 1915 et
942 1880 1254 1925 pronuntiandum,
1293 1882 1331 1913 ut
1362 1883 1441 1913 tunc

54 1946 160 1978 moris
185 1949 282 1987 erat,
310 1946 414 1980 datus
440 1947 577 1989 suisset,
605 1947 663 1981 ille
690 1948 725 1980 in
749 1946 854 1979 altum
880 1946 1065 1980 adscendit
1091 1950 1125 1980 et
1149 1946 1221 1980 alta
1247 1956 1334 1980 voce
1359 1955 1442 1990 pro-

54 2010 227 2043 nuntiavit
258 2011 406 2045 mirante
437 2011 566 2052 Roma,
607 2011 784 2056 gaudente
819 2011 987 2053 ecclesia,
1022 2022 1142 2045 omnes
1177 2015 1290 2044 autem
1325 2011 1441 2044 subito

57 2079 364 2118 pei-strepuerunt:
389 2074 602 2117 Victorinus,
629 2075 841 2116 Victorinus,
868 2077 937 2109 cito
964 2079 1156 2109 sonuerunt
1180 2079 1214 2109 et
1238 2077 1307 2108 cito
1332 2074 1441 2108 silue-

55 2142 144 2173 runt.
172 2138 271 2172 Tunc
287 2140 392 2173 etiam
410 2140 454 2174 ab
476 2140 600 2174 Africa
615 2140 753 2185 quidam
767 2142 896 2174 amicus
908 2140 1095 2186 Augustini
1106 2141 1243 2174 nomine
1253 2139 1444 2174 Pontianus

55 2205 257 2248 supervenit
281 2209 317 2239 et
341 2206 445 2239 vitam
471 2210 504 2240 et
528 2206 695 2240 miracula
722 2206 817 2240 illius
842 2207 958 2252 magni
983 2206 1146 2247 Antonii,
1183 2206 1242 2250 qui
1276 2215 1385 2249 nuper
1408 2206 1444 2238 in

56 2270 218 2315 Aegypto
260 2270 324 2305 sub
361 2271 590 2305 Constantino
625 2272 836 2316 imperatore
880 2271 1064 2306 defunctus
1097 2270 1230 2313 suerat,
1270 2271 1444 2306 recitavit.
1478 2311 1483 2317 ,

56 2334 183 2369 Horum
203 2335 370 2379 exemplis
380 2335 601 2380 Augustinus
614 2336 836 2372 veliementer
848 2338 981 2372 exarsit
996 2338 1055 2379 ita,
1083 2336 1177 2382 quod
1195 2337 1327 2370 socium
1348 2345 1446 2368 suum

58 2400 210 2444 Alipium
226 2403 295 2432 tam
316 2399 410 2434 vultu
426 2410 527 2444 quam
548 2405 661 2436 mente
679 2402 839 2436 turbatus
859 2403 989 2436 invasit
1005 2406 1039 2436 ct
1060 2402 1197 2436 sortiter
1218 2400 1445 2434 exclamavit:

58 2464 142 2510 quid
166 2465 329 2508 patimur,
355 2464 439 2509 quid
464 2464 648 2501 audimus?
697 2467 853 2512 Surgunt
877 2466 1008 2500 indocti
1033 2470 1067 2501 et
1091 2466 1223 2501 coelum
1250 2466 1387 2509 rapiunt
1413 2469 1447 2500 et

59 2541 123 2565 nos
145 2526 222 2565 cum
248 2529 416 2564 doctrinis
449 2530 580 2564 nostris
613 2532 647 2565 in
673 2528 842 2566 infernum
867 2531 1119 2577 demergimur,
1156 2540 1200 2564 an
1235 2531 1317 2575 quia
1342 2539 1446 2575 prac-

125 2631 155 2662 1)
173 2628 249 2657 Alii:
277 2634 386 2656 actus
412 2628 523 2659 legunt.
661 2629 690 2661 2)
716 2629 829 2657 Verba:
855 2627 943 2662 ipse
967 2642 1000 2647 —
1019 2627 1170 2655 hortari
1196 2627 1306 2655 omittit
1325 2626 1378 2657 Ed.
1398 2631 1445 2655 Pr.

57 2675 86 2708 ³)
104 2673 158 2701 Ed.
176 2678 221 2702 l'r.
239 2673 439 2701 victorum
458 2671 555 2702 offeri,
