1742 3005
311 122 407 172 Cap.
438 120 571 158 XCVI.
628 121 687 158 De
727 126 857 157 sancta
885 119 1006 157 Maria
1036 118 1278 169 Magdalena.
1407 117 1488 156 415

98 230 203 262 retur.
253 225 361 272 Cujus
387 228 642 262 sanctissimum
671 237 799 273 eorpus
834 226 959 261 beatus
986 224 1195 259 Maximinus
1231 223 1382 259 diversis
1405 234 1489 258 con-

98 293 203 327 ditum
236 293 450 327 aromatibus
484 293 678 329 honorifice
714 293 881 338 sepelivit
915 296 949 327 et
982 295 1061 336 post
1096 279 1243 324 mortem
1267 300 1362 324 suam
1386 291 1490 335 juxta

97 369 135 393 se
168 359 314 404 sepeliri
350 361 541 404 praecepit.
590 359 812 406 Hegesippus
848 363 963 392 autem
1006 357 1062 391 vel
1097 356 1285 390 secundum
1320 356 1488 402 quosdam

97 424 205 459 libros
232 424 408 469 Josephus
434 427 522 459 satis
549 436 621 459 cum
649 424 828 469 praedicta
854 424 1005 457 historia
1027 422 1239 463 concordat,
1265 424 1315 455 ait
1339 424 1426 457 enim
1455 424 1489 456 in

96 490 247 535 quodam
272 501 335 524 suo
360 494 534 532 tractatu,
567 490 658 536 quod
691 489 807 523 Maria
830 487 1047 533 Magdalena
1080 491 1160 531 post
1185 486 1314 521 domini
1342 488 1489 522 adscen-

96 558 229 591 sionem
258 567 322 601 pro
351 556 478 590 ardore
502 557 660 590 caritatis
689 554 819 588 Christi
851 558 883 588 et
907 552 1048 593 taediO,
1089 552 1182 597 quod
1208 552 1376 595 habebat,
1401 565 1488 587 nun-

96 632 196 666 quam
226 621 399 656 hominem
425 620 543 655 videre
568 619 731 662 volebat,
771 619 833 669 sed
860 624 1044 665 postquam
1073 618 1118 652 ad
1152 618 1318 663 Aquensc
1344 621 1488 654 territo-

98 689 182 721 rium
206 688 319 728 venit,
344 687 379 720 in
405 686 579 721 desertum
608 686 695 720 abiit
716 690 749 721 ct
772 688 919 732 triginta
946 686 995 719 ibi
1018 686 1118 719 annis
1144 686 1326 729 incognita
1348 687 1488 727 mansit,

95 754 174 795 ubi,
201 756 239 787 ut
264 754 326 795 ait,
354 751 511 797 qualibet
535 752 591 787 die
615 756 747 797 septem
772 752 870 786 horis
896 753 1073 786 canonicis
1102 750 1146 785 ab
1173 750 1302 795 angelo
1328 752 1364 785 in
1386 751 1488 786 coela

95 818 312 854 elevabatur.
359 817 508 852 Addidit
533 822 669 861 tamen,
698 818 791 864 quod
818 818 1007 860 sacerdos,
1037 817 1114 851 dum
1143 817 1188 852 ad
1215 827 1290 851 eam
1317 818 1486 858 venisset,

95 886 226 930 reperit
250 894 325 919 eam
350 885 385 918 in
412 883 502 918 cella
525 884 699 919 clausam:
735 886 793 929 qui
828 884 872 918 ad
909 885 986 928 ejus
1021 884 1225 928 petitionem
1253 887 1386 917 vestem
1419 883 1487 916 sibi

94 951 273 995 porrexit,
301 960 403 995 quam
432 949 581 984 induens
607 951 642 983 in
668 950 851 985 ecelesiam
878 960 995 985 secum
1021 950 1086 983 ivit
1117 952 1150 983 ct
1174 948 1222 982 ibi
1249 950 1488 983 comnmnione

93 1020 262 1061 percepta
293 1016 439 1050 elevatis
472 1017 507 1049 in
533 1017 693 1050 oratione
727 1016 885 1050 manibus
905 1017 1009 1061 juxta
1033 1015 1144 1049 altare
1173 1016 1205 1048 in
1231 1025 1319 1059 pace
1343 1016 1486 1060 quievit.

94 1103 134 1108 —-
169 1086 212 1120 3.
248 1081 483 1126 Temporibus
529 1086 644 1116 autem
689 1082 807 1116 Caroli
848 1082 996 1127 Magni,
1045 1081 1180 1115 scilicet
1222 1091 1313 1114 anno
1357 1081 1485 1114 domini

91 1147 294 1184 DCCLXIX
319 1146 511 1193 Gyrardus,
538 1147 607 1182 dux
631 1147 869 1193 Burgundiae,
896 1158 970 1181 cum
995 1146 1037 1181 de
1066 1157 1174 1181 uxore
1202 1157 1266 1181 sua
1291 1146 1395 1180 filium
1422 1146 1485 1181 ha-

91 1215 175 1250 bere
198 1225 267 1249 non
288 1217 432 1259 posset,
453 1213 557 1259 larga
580 1224 682 1248 manu
708 1224 764 1248 res
790 1223 873 1247 suas
900 1212 1116 1258 pauperibus
1143 1212 1317 1258 erogabat
1344 1218 1378 1247 et
1395 1212 1483 1247 mul—

90 1285 146 1315 tas
181 1281 350 1316 ecclesias
387 1284 423 1315 et
457 1282 672 1315 monasteria
705 1280 943 1314 construebat.
995 1280 1076 1313 Cum
1115 1289 1200 1324 ergo
1238 1279 1484 1315 vizeliacense

90 1347 337 1381 monasterium
369 1348 642 1388 construxisset,
679 1346 773 1379 misit
808 1347 885 1390 ipse
921 1349 955 1380 et
987 1345 1099 1380 abbas
1134 1347 1245 1391 ipsius
1281 1346 1485 1380 monasterii

92 1411 296 1446 monachum
327 1410 497 1456 quendam
525 1421 599 1445 cum
628 1411 765 1446 decenti
799 1413 968 1446 comitatu
994 1412 1038 1446 ad
1064 1413 1263 1456 Aquensem
1291 1413 1481 1453 civitatem,

89 1481 127 1512 ut
154 1477 255 1520 inde,
291 1478 319 1510 si
345 1480 488 1522 posset,
523 1476 650 1512 beatae
675 1476 812 1511 Mariae
837 1477 1076 1523 Magdalenae
1103 1478 1272 1522 reliquias
1301 1482 1483 1522 transpor-

87 1547 190 1578 taret.
239 1542 391 1578 Veniens
418 1543 526 1588 igitur
551 1542 750 1587 praedictus
775 1543 965 1577 monachus
990 1543 1035 1577 ad
1059 1544 1273 1588 praedictam
1295 1544 1482 1581 civitatem,

90 1620 164 1644 cum
191 1610 301 1654 ipsam
328 1607 484 1642 funditus
511 1617 532 1642 a
556 1610 704 1654 paganis
732 1609 943 1643 destructam
970 1611 1179 1654 reperisset,
1214 1619 1296 1643 casu
1333 1609 1483 1655 quodam

88 1675 219 1709 invenit
245 1672 464 1719 sepulchrum
481 1701 489 1716 ,
516 1675 615 1719 cujus
642 1675 821 1719 sculptura
846 1685 1041 1710 marmorea
1069 1676 1354 1719 demonstrabat,
1391 1676 1484 1722 quod

87 1750 215 1786 corpus
247 1739 375 1775 heatae
404 1739 541 1774 Mariae
576 1739 813 1786 Magdalenae
850 1743 1042 1787 repositum
1079 1744 1171 1777 intus
1207 1747 1302 1777 erat:
1337 1743 1370 1776 in
1403 1744 1481 1787 ipso

87 1810 202 1841 autem
239 1805 427 1850 sepulchro
462 1804 623 1851 hystoria
660 1808 737 1852 ejus
774 1808 862 1842 miro
905 1819 1012 1853 opere
1054 1809 1193 1854 sculpta
1238 1812 1324 1843 erat.
1373 1807 1484 1842 Nocte

86 1873 196 1917 igitur
223 1870 312 1906 illud
346 1871 542 1918 effringens
576 1877 750 1907 assumtas
788 1873 958 1919 reliquias
985 1875 1029 1909 ad
1054 1875 1244 1920 hospitium
1271 1874 1482 1920 deportavit.

86 1936 124 1972 In
147 1937 226 1982 ipsa
250 1942 365 1973 autem
389 1943 493 1973 nocte
517 1940 624 1974 beata
644 1938 763 1974 Maria
783 1939 1000 1985 Magdalena
1036 1941 1147 1976 eidem
1175 1941 1344 1975 monacho
1371 1951 1485 1986 appa*

86 2005 157 2038 ruit
176 2003 308 2045 dicens,
332 2014 376 2039 ne
397 2006 549 2047 timeret,
575 2005 638 2040 sed
655 2009 813 2049 coeptum
840 2017 928 2050 opus
953 2007 1149 2052 perficeret.
1198 2006 1350 2042 Rediens
1374 2009 1484 2052 igitur

88 2080 163 2104 cum
187 2068 233 2103 ad
257 2068 407 2103 mediam
431 2068 564 2104 leudam
591 2080 613 2104 a
636 2072 849 2105 monasterio
877 2073 1046 2114 venisset,
1069 2073 1165 2106 nulio
1190 2072 1294 2105 modo
1317 2071 1397 2105 inde
1422 2081 1480 2105 re-

86 2136 216 2181 liquias
240 2144 381 2170 movere
408 2138 607 2179 potuerunt,
634 2135 744 2171 donec
770 2138 931 2172 veniente
951 2137 1079 2171 abbate
1101 2147 1175 2171 cum
1196 2136 1377 2171 monachis
1396 2147 1480 2181 pro-

87 2203 248 2237 cessione
272 2200 465 2236 honorifice
490 2204 569 2235 sunt
592 2205 768 2246 receptae.
794 2222 838 2228 ——-
860 2206 910 2239 4.
937 2202 1042 2238 Miles
1066 2203 1217 2248 quidam,
1245 2205 1304 2249 qui
1329 2203 1480 2248 singulis

86 2268 185 2301 annis
197 2267 240 2301 ad
253 2276 380 2312 corpus
395 2265 520 2302 beatae
531 2266 668 2302 Mariae
679 2267 917 2314 Magdalenae
926 2271 1045 2304 venire
1057 2273 1302 2313 consueverat,
1323 2271 1356 2303 in
1374 2280 1479 2315 proe-

86 2331 134 2365 lio
159 2320 298 2366 occisus
324 2336 398 2367 est:
425 2334 483 2378 qui
507 2333 586 2368 dum
608 2335 642 2368 in
667 2333 797 2369 feretro
823 2345 845 2368 a
866 2335 1073 2380 parentibus
1092 2336 1303 2381 ploraretur,
1325 2335 1479 2381 Magda-

85 2397 187 2432 lenae
214 2397 284 2442 piis
315 2397 470 2443 querelis
496 2400 742 2443 opponebant,
781 2411 842 2435 cur
873 2401 1034 2435 devotum
1060 2411 1156 2435 suum
1183 2403 1269 2435 mori
1296 2402 1372 2435 sine
1395 2411 1478 2435 con-

87 2461 242 2497 fessione
276 2465 310 2497 et
341 2463 561 2507 poenitentia
593 2467 824 2509 permisisset.
873 2466 972 2509 Tunc
1007 2466 1146 2509 subito,
1191 2468 1251 2511 qui
1295 2466 1478 2502 defunctus

87 2531 183 2570 erat,
209 2527 431 2572 stupentibus
456 2530 590 2562 cunctis
614 2531 768 2565 surrexit
783 2534 828 2579 *et
851 2530 1066 2565 sacerdotem
1091 2530 1136 2564 ad
1163 2540 1201 2566 se
1227 2533 1345 2567 venire
1372 2532 1477 2578 prae-

86 2593 200 2638 cepit,
227 2602 373 2639 cumque
398 2593 524 2629 devote
546 2593 732 2630 confessus
757 2594 884 2630 fuisset
909 2599 944 2630 et
967 2597 1128 2631 viaticum
1153 2599 1366 2644 recepisset,
1392 2609 1476 2644 pro-

85 2658 178 2693 tinus
203 2659 240 2693 in
262 2668 352 2704 pace
377 2661 521 2705 quievit.
546 2680 589 2686 —
623 2662 668 2697 5.
693 2659 802 2696 Navis
837 2661 1008 2707 quaedam
1041 2663 1126 2698 viris
1160 2667 1194 2698 et
1227 2663 1364 2699 feminis
1389 2675 1474 2700 one-

87 2727 164 2758 rata
189 2724 411 2771 naufragium
436 2725 596 2771 pertulit,
630 2730 835 2772 una‚autem
863 2727 1013 2772 femina,
1047 2739 1122 2764 cum
1155 2734 1250 2766 esset
1271 2740 1473 2777 praegnans
