1742 3005
78 128 175 178 Cap.
209 124 344 165 CLlll.
374 125 432 162 De
461 124 597 161 sanctis
621 122 821 173 Dionysio,
850 123 1006 162 Rustico
1036 129 1074 161 et
1093 123 1331 162 Eleutherio.
1376 122 1458 162 683

77 234 112 266 et
135 229 243 265 Stoici
268 228 471 275 philosophi
497 238 570 263 cuni
595 239 638 264 eo
666 227 914 273 disputabant,
951 227 1091 274 quidam
1128 231 1242 263 autem
1275 227 1460 263 dicebant:

77 295 160 342 quid
185 297 376 331 seminator
402 296 585 331 verborum
610 294 667 329 hic
693 293 767 329 vnlt
791 293 936 330 dicere?
983 295 1055 330 Alii
1079 293 1263 330 dicebant:
1295 303 1461 329 novorum

76 362 336 396 daemoniorum
364 361 501 397 videtur
535 362 760 396 annuntiator
792 370 883 395 esse.
931 359 1156 395 Adducentes
1193 370 1279 406 crgo
1313 369 1390 394 euin
1416 358 1462 393 ad

76 428 187 463 vicum
221 426 534 472 philosophorum,
565 430 604 461 ut
635 436 727 460 nova
760 425 918 459 doctrina
951 424 1079 459 ibidem
1105 435 1248 460 examen
1275 426 1462 469 reciperet,

78 493 259 528 dixerunt:
292 503 384 527 nova
409 492 547 538 quidem
573 491 682 526 infers
708 490 852 524 auribus
879 491 1030 532 nostris,
1064 489 1220 524 volumus
1247 500 1332 535 ergo
1359 491 1462 532 scire,

79 558 243 605 quidnam
268 558 375 593 velint
398 557 487 591 haec
512 566 602 591 esse.
650 555 886 590 Athenienses
912 558 1026 590 autem
1051 554 1097 589 ad
1124 555 1211 589 nihil
1235 554 1333 589 aliud
1360 565 1464 589 vaca-

77 623 182 667 bant,
216 625 285 658 nisi
317 626 376 657 ant
411 621 527 656 dicere
564 625 626 655 aut
657 620 780 656 audire
810 620 945 666 aliquid
969 622 1063 656 novi.
1113 620 1194 655 Cum
1222 631 1307 667 ergo
1335 620 1464 656 Paulus

78 689 226 725 Deorum
237 688 364 722 altaria
381 687 633 732 perlustrasset
650 690 684 722 et
700 688 790 722 inter
808 690 949 722 caetera
967 687 1153 733 ignotiDei
1170 686 1283 722 altare
1303 686 1463 729 vidisset,

80 753 169 788 dixit
187 753 258 787 illis
274 752 513 798 philosophis:
529 754 843 799 quemignorantes
859 753 988 795 contus,
1006 752 1097 787 huno
1110 764 1175 798 ego
1186 754 1352 787 annuntio
1363 751 1464 787 vobis

79 829 196 856 verum
216 819 338 862 Deum,
357 819 417 864 qui
433 817 517 854 secit
534 819 668 853 coelum
687 821 722 853 et
740 822 878 854 terram.
905 818 1039 853 Deinde
1058 818 1147 852 dixit
1163 818 1344 863 Dionysio,
1363 828 1464 863 quem

79 895 165 931 prae
185 886 337 922 caeteris
355 887 467 931 magis
488 884 625 919 doctum
642 885 676 919 in
695 884 822 919 divinis
843 884 1002 920 vitlebat:
1029 886 1106 930 quis
1130 888 1195 925 est,
1225 884 1379 929 Dionysi,
1408 883 1466 918 illc

80 950 174 986 Dens
192 951 363 997 ignotus?
389 950 452 985 Cui
468 950 677 996 Dionysius:
697 951 772 995 ipse
790 953 844 985 est
860 949 953 984 Deus
972 960 1088 993 verus,
1115 952 1174 995 qui
1194 952 1286 985 inter
1306 953 1466 984 caeteros

79 1016 174 1052 Deos
195 1027 263 1051 non
281 1020 335 1052 est
352 1016 622 1058 demonstratus,
649 1015 711 1051 sed
732 1015 833 1050 nobis
855 1019 909 1050 est
930 1017 1127 1063 incognitus
1154 1022 1187 1052 ct
1203 1016 1304 1050 nobis
1326 1017 1467 1062 ignotus

82 1086 116 1118 et
140 1083 280 1117 sacculo
306 1086 450 1118 venturo
482 1082 617 1116 futurus
643 1086 676 1116 et
702 1082 735 1115 in
761 1085 966 1126 perpetuum
989 1086 1211 1128 regnaturus.
1261 1082 1303 1116 Et
1320 1082 1467 1116 Paulus:

81 1149 186 1183 homo
220 1157 264 1182 an
296 1151 427 1182 tantum
461 1148 606 1193 spiritus
644 1149 726 1183 est?
774 1146 816 1181 Et
850 1147 1059 1193 Dionysius:
1093 1147 1188 1183 Deus
1215 1152 1249 1183 et
1273 1147 1375 1182 homo
1402 1152 1467 1190 cst,

82 1213 145 1250 sed
169 1213 249 1249 ideo
277 1214 477 1260 incognitus
505 1217 575 1256 est,
603 1215 686 1259 quia
710 1214 787 1259 ejus
815 1218 944 1248 tantum
970 1216 1004 1248 in
1028 1214 1127 1249 coelo
1153 1215 1376 1249 conversatio
1402 1217 1467 1248 est.

83 1279 146 1316 Cui
170 1279 322 1315 Paulus:
349 1279 409 1315 ille
436 1283 507 1322 cst,
535 1289 635 1325 quem
661 1280 845 1325 praedico,
874 1281 932 1326 qni
959 1280 1001 1315 de
1026 1281 1134 1316 coelis
1162 1279 1361 1322 descendit,
1388 1289 1467 1314 car-

81 1356 158 1382 nem
183 1347 358 1391 suscepit,
383 1349 527 1380 mortem
554 1347 719 1380 sustinuit
745 1350 779 1381 et
798 1347 854 1382 die
873 1348 976 1382 tertia
995 1349 1199 1382 resurrexit.
1250 1345 1332 1380 Cum
1352 1349 1467 1380 autem

81 1412 269 1458 Dionysius
294 1411 410 1446 adhuc
430 1421 503 1446 eum
520 1411 630 1445 Paulo
651 1412 858 1457 disputaret,
888 1412 977 1447 forte
996 1414 1136 1447 transiit
1157 1422 1279 1448 caecus
1296 1423 1360 1457 per
1378 1413 1468 1446 viam

80 1487 198 1513 coram
223 1478 268 1511 iis
294 1478 480 1522 statimque
505 1476 593 1510 dixit
624 1477 811 1522 Dionysius
847 1477 975 1512 Paulo:
1009 1480 1039 1512 si
1073 1478 1205 1513 dixeris
1238 1478 1317 1512 huic
1349 1487 1468 1519 caeco,

80 1545 116 1578 in
135 1544 274 1578 nomine
290 1542 356 1577 Dei
379 1544 431 1576 tui
457 1541 550 1585 vide,
579 1546 613 1577 et
635 1542 772 1585 viderit,
798 1545 914 1577 statim
940 1543 1092 1587 credam,
1119 1543 1181 1578 sed
1208 1545 1326 1578 vitatis
1353 1544 1470 1578 verbis

81 1611 250 1656 magicis,
277 1610 359 1655 quia
383 1607 473 1643 sorte
499 1609 591 1643 nosti
618 1608 737 1652 verba,
765 1619 855 1654 quae
882 1608 1012 1644 habent
1036 1609 1234 1655 huJusmodi
1262 1609 1468 1645 efficaciam.

80 1673 159 1720 Ego
185 1674 330 1710 sormam
356 1675 540 1711 verborum
566 1675 630 1709 tibi
656 1675 905 1720 praescribam.
953 1674 989 1710 In
1016 1675 1083 1710 hac
1112 1677 1220 1722 igitur
1254 1676 1365 1710 forma
1390 1687 1470 1712 ver-

81 1742 204 1777 borum
234 1741 333 1776 dices
361 1742 413 1777 ei:
445 1742 479 1775 in
505 1742 642 1776 nomine
665 1740 751 1777 Jesu
777 1741 920 1784 Christi,
946 1743 1019 1776 nati
1046 1741 1088 1777 dc
1117 1744 1270 1789 virgine,
1299 1742 1468 1785 crucifixi,

81 1809 228 1851 mortui,
254 1808 312 1853 qni
338 1808 532 1843 resurrexit
557 1810 591 1841 et
614 1805 658 1840 ad
684 1806 818 1841 coelum
843 1807 1040 1851 adscendit,
1067 1808 1156 1843 vide.
1206 1808 1275 1844 Sed
1297 1812 1334 1843 nt
1360 1810 1472 1844 omnis

82 1874 239 1919 suspicio
262 1872 459 1916 tolleretur,
484 1871 614 1907 Paulus
641 1871 729 1907 (lixit
752 1873 942 1918 Dionysio,
972 1878 1009 1909 ut
1035 1873 1120 1910 haec
1147 1876 1224 1920 ipse
1249 1873 1358 1911 verba
1385 1886 1470 1920 pro-

83 1939 202 1974 ferret.
251 1937 334 1973 Cum
368 1949 454 1985 ergo
489 1939 525 1972 in
558 1937 680 1973 eadem
718 1937 830 1973 forma
862 1939 1050 1985 Dionysius
1084 1950 1211 1984 caeco,
1251 1946 1290 1976 ut
1324 1941 1472 1984 videret,

83 2003 252 2046 dixisset,
288 2005 448 2049 protinus
480 2005 591 2039 visum
629 2006 772 2049 recepit.
827 2005 953 2039 Statim
988 2006 1174 2052 Dionysius
1219 2018 1292 2042 cum
1330 2007 1473 2042 Damari

83 2079 194 2103 uxore
219 2078 284 2102 sua
309 2072 343 2103 et
366 2071 442 2103 tota
467 2069 600 2102 familia
624 2068 824 2113 baptizatus
851 2074 905 2104 cst
930 2074 964 2105 et
988 2069 1102 2105 fidelis
1135 2073 1281 2107 effectus
1307 2075 1426 2118 sicque
1451 2082 1473 2109 a

83 2134 194 2170 Paulo
228 2144 293 2179 per
323 2134 509 2167 triennium
543 2134 732 2167 instructus
773 2134 920 2169 Athenis
961 2137 1149 2181 episcopus
1187 2136 1368 2172 ordina-tus
1407 2141 1471 2180 est,

83 2191 144 2234 ubi
176 2199 236 2234 ille
268 2198 527 2244 praedicationi
559 2200 727 2234 insistens
762 2201 873 2245 ipsam
910 2202 1083 2236 civitatem
1117 2205 1150 2236 et
1182 2203 1361 2236 maximam
1388 2213 1467 2247 par-

84 2269 153 2300 tem
178 2266 337 2311 reglonis
364 2264 459 2300 illius
485 2264 529 2299 ab
558 2264 659 2300 iidem
686 2264 817 2300 Christi
842 2265 999 2301 adduxit.
1048 2266 1132 2301 Huic
1148 2267 1278 2303 Paulus
1301 2279 1355 2312 ea,
1384 2279 1473 2314 quae

86 2331 121 2364 in
151 2331 290 2365 tertium
323 2330 457 2366 coelum
487 2334 610 2376 raptus
647 2331 755 2373 vidit,
790 2331 968 2367 revelasse
1009 2331 1157 2376 dicitur,
1203 2335 1294 2368 sicut
1331 2339 1365 2369 et
1395 2336 1472 2380 ipse

84 2394 270 2439 Dionysius
280 2395 315 2429 in
330 2395 508 2442 plerisque
527 2396 614 2432 locis
631 2398 809 2433 insinuare
825 2398 974 2437 videtur.
998 2398 1094 2434 Unde
1115 2404 1149 2435 et
1169 2399 1212 2435 dc
1234 2399 1472 2446 )gerarchiis

86 2460 241 2505 ipsorum
253 2460 471 2504 angelorum,
492 2460 686 2505 ordinibus,
708 2463 1003 2509 dispositionibus
1016 2469 1048 2500 ct
1061 2464 1185 2500 officiis
1198 2469 1267 2500 tam
1279 2465 1474 2501 luculenter

86 2529 122 2562 et
146 2525 239 2561 clare
265 2525 446 2568 disseruit,
475 2528 512 2559 ut
536 2536 603 2559 non
628 2531 783 2572 putares,
810 2529 920 2575 ipsum
947 2530 1012 2566 hoc
1038 2529 1081 2565 ab
1108 2530 1178 2564 alio
1204 2530 1384 2574 didicisse,
1410 2532 1473 2567 sed

86 2591 198 2636 ipsum
223 2592 340 2636 potius
366 2601 475 2637 usque
500 2592 535 2625 in
559 2593 696 2627 tertium
723 2595 856 2630 coelum
880 2600 1014 2641 raptum
1030 2605 1109 2632 csse
1129 2599 1163 2632 ct
1179 2595 1227 2630 ibi
1247 2596 1334 2633 hacc
1356 2598 1471 2632 omnia

154 2733 290 2767 1)Rec.:
317 2733 566 2762 hierarchiis.
