1742 3005
419 104 514 151 Cap.
551 99 668 136 XXV.
736 99 792 135 De
826 104 954 136 sancto
985 97 1198 135 Vincentio.
1428 98 1500 136 117

111 218 183 242 ram
209 209 274 249 est,
301 205 365 242 lioc
391 205 433 241 de
460 208 582 241 autore
612 207 757 239 naturae
783 206 847 239 est.
896 203 1028 239 Novum
1055 203 1198 237 martirii
1225 210 1335 248 genus
1351 200 1498 236 nondum

108 273 235 308 idonea
249 282 362 318 paene
378 273 497 317 etjam
525 274 663 305 matura.
687 271 865 313 victoriae,
892 274 1027 304 certare
1052 268 1218 310 difliciliS,
1243 266 1371 302 habilis
1396 277 1497 302 coro-

107 339 203 381 nari,
245 338 484 384 magisterium
510 338 650 371 virtutis
676 336 851 381 implevit,
896 337 929 379 ¹)
955 345 1045 380 quae
1070 333 1219 368 nondum
1241 333 1408 378 judicium
1435 332 1498 367 ha-

108 403 214 439 bebat
239 405 376 438 aetatis.
415 402 490 437 Non
521 404 569 437 sic
595 402 639 436 ad
664 402 850 436 thalamum
877 404 983 445 nupta
1006 404 1187 445 properat,
1211 403 1247 433 ut
1272 397 1316 432 ad
1337 398 1498 443 supplicii

107 470 218 504 locum
244 470 339 504 laeta
368 469 403 514 ²)
430 478 605 510 successu,
632 467 745 512 gradu
772 467 916 508 festina,
944 466 1046 509 virgo
1074 465 1259 509 processit.
1306 462 1390 497 Item
1415 464 1495 497 Am-

108 536 246 570 brosius
272 538 306 569 in
332 534 573 579 praefatione:
608 533 713 567 beata
737 532 857 577 Agnes
882 531 1132 576 generositatis
1157 528 1412 562 oblectamenta
1437 528 1490 563 de-

107 603 257 647 spiciens
282 600 468 635 coelestem
493 602 617 633 meruit
643 598 868 643 dignitatem,
907 597 1088 630 societatis
1114 594 1284 628 humanae
1312 596 1392 627 vota
1414 604 1477 627 con

104 672 258 702 temnens
283 666 417 700 aeterni
450 665 546 710 regis
572 668 626 699 est
650 664 785 697 sociata
810 662 1008 704 consortio,
1046 662 1235 706 pretiosam
1261 663 1402 695 mortem
1433 671 1494 704 pro

105 731 235 767 Clu-Isti
261 730 481 767 consessione
506 731 698 775 suscipiens
725 728 825 763 simul
852 731 905 763 est
933 729 963 762 ei
989 727 1080 762 sacta
1108 725 1305 761 conformis.

645 1048 770 1112 GAP.
825 1049 955 1111 XXV.

413 1152 511 1195 De
551 1151 772 1195 sancto
812 1146 1173 1195 Vincentio.

191 1257 392 1293 Vincentius
426 1260 527 1304 quasi
560 1260 678 1293 vitium
705 1259 892 1294 incendens
921 1260 974 1295 vel
1003 1262 1142 1295 vincens
1177 1257 1336 1293 incendia
1363 1257 1415 1291 vel
1445 1258 1492 1290 vi-

102 1324 247 1357 ctoriam
274 1327 410 1359 tenens.
472 1324 551 1369 Ipse
579 1325 667 1359 enim
696 1324 870 1367 incendit,
919 1325 954 1358 id
978 1329 1054 1367 est,
1102 1324 1293 1358 consumsit
1321 1324 1405 1356 vitia
1430 1332 1493 1367 per

100 1390 216 1423 carnis
243 1389 561 1432 mortificationem,
612 1391 693 1424 vicit
720 1390 880 1424 incendia
911 1390 1160 1435 suppliciorum
1186 1399 1250 1433 per
1275 1391 1491 1423 constantem

103 1464 291 1499 poenarum
318 1456 598 1499 perpessionem,
654 1457 834 1490 victoriam
860 1458 971 1491 tenuit
998 1455 1112 1489 mundi
1140 1466 1202 1500 per
1225 1455 1337 1498 ipsius
1364 1453 1490 1498 despe-

100 1520 259 1555 ctionem.
308 1519 400 1554 Vicit
423 1521 510 1554 enim
536 1522 616 1563 tria,
644 1531 733 1566 quae
760 1525 860 1556 erant
885 1523 918 1555 in
940 1520 1079 1563 munde,
1107 1521 1241 1554 scilicet
1261 1518 1371 1553 falsos
1394 1529 1491 1553 erro-

100 1594 170 1627 res,
198 1584 390 1619 immundos
408 1587 440 1629 ³)
463 1595 612 1629 amores,
639 1586 830 1621 mundanos
856 1588 1012 1629 timores,
1041 1596 1128 1631 quos
1151 1586 1232 1619 vicit
1259 1595 1322 1629 per
1348 1586 1490 1629 sapien-

99 1651 205 1693 tiam,
251 1650 452 1686 munditiam
478 1655 512 1687 et
537 1654 779 1688 constantiam.
837 1652 887 1687 De
914 1651 1039 1698 quibus
1065 1651 1149 1685 dicit
1170 1651 1410 1697 Augustinus:
1454 1653 1490 1683 ut

92 1725 175 1751 ,cum
203 1715 360 1752 omnibus
383 1718 575 1761 erroribus,
601 1718 779 1753 amoribus
804 1722 837 1753 et
861 1717 1043 1753 timoribus
1070 1718 1227 1751 vincatur
1254 1715 1309 1750 hic
1328 1715 1488 1758 mundus,

98 1785 295 1816 sanctorum
322 1784 479 1818 martiria
504 1784 630 1819 (locent
655 1788 689 1819 et
722 1783 924 1820 docuerunt.
993 1783 1079 1829 Ejus
1117 1783 1317 1827 passionem
1348 1780 1489 1827 quidam

97 1846 235 1882 beatum
258 1848 492 1895 Augustinum
516 1854 680 1886 asserunt
703 1850 913 1896 compilasse
928 1877 936 1892 ,
969 1848 1081 1895 quam*
1095 1847 1302 1884 Prudentius
1326 1846 1488 1883 versibus

97 1912 290 1949 luculenter
308 1917 520 1961 exsequitur.

186 1982 224 2015 l.
262 1979 485 2025 Vincentius,
534 1981 662 2016 nobilis
696 1992 826 2027 genere
862 1980 924 2016 sed
958 1981 1025 2017 fide
1058 1991 1099 2016 ac
1123 1980 1296 2027 religione
1320 1978 1485 2021 nobilior,

97 2043 193 2079 beati
217 2044 350 2081 Valerii
375 2048 533 2092 episcopi
559 2038 735 2092 dyaconus
761 2046 846 2090 suit,
872 2048 927 2081 cui
952 2048 1152 2092 episcopus,
1180 2048 1263 2092 quia
1287 2045 1486 2091 expeditio-

96 2113 144 2146 ris
171 2115 248 2147 erat
269 2112 432 2158 linguae,
468 2114 562 2148 vices
587 2123 669 2148 suas
693 2114 914 2147 commiserat
936 2116 970 2147 et
993 2114 1071 2158 ipse
1097 2113 1248 2147 orationi
1272 2115 1307 2147 et
1331 2114 1484 2145 contem-

97 2177 244 2222 plationi
268 2177 429 2213 vacabat.
477 2177 583 2214 Jussu
608 2179 716 2224 igitur
741 2178 886 2213 Daciani
916 2178 1090 2223 praesidis
1117 2177 1314 2213 Valentiam
1338 2176 1483 2211 trahun-

95 2247 152 2277 tur
178 2246 212 2278 et
235 2242 311 2277 diro
336 2245 470 2278 carceri
493 2245 746 2288 mancipantur.
797 2244 950 2290 Cumque
975 2254 1037 2279 eos
1064 2244 1155 2279 fame
1180 2254 1292 2290 paene
1308 2242 1481 2277 defecisse

95 2311 266 2351 cerneret,
293 2318 354 2343 eos
381 2319 444 2343 suo
471 2308 651 2354 adspectui
667 2310 776 2354 jussit
801 2298 964 2354 adstare,
991 2321 1079 2356 quos
1103 2320 1248 2355 cumque
1275 2318 1382 2343 sanos
1407 2317 1482 2341 cer-

94 2376 194 2409 neret
218 2378 252 2409 et
275 2372 492 2419 gaudentes,
541 2375 651 2408 iratus
675 2376 709 2409 in
734 2375 823 2409 hanc
848 2386 968 2411 vocem
992 2377 1174 2421 prorupIt:
1225 2373 1308 2419 quid
1333 2373 1420 2406 dicis
1444 2375 1482 2405 tu

96 2439 235 2482 Valeri,
287 2439 345 2484 qui
369 2437 433 2472 sub
459 2440 595 2473 nomine
620 2439 803 2485 religionis
829 2444 951 2475 contra
978 2440 1120 2476 decreta
1145 2440 1338 2484 principum
1364 2437 1481 2471 sacis?

94 2503 176 2540 Cum
203 2508 316 2539 autem
340 2503 464 2538 heatus
489 2502 651 2538 Valerius
675 2505 787 2541 lenius
812 2505 1062 2551 responderet,
1089 2504 1176 2539 dixit
1202 2505 1233 2539 ei
1258 2503 1479 2539 Vincentius:

159 2629 187 2662 1)
206 2629 259 2656 Ed.
279 2632 322 2657 Pr.
344 2628 429 2659 legit:
458 2627 522 2661 qui
542 2627 734 2661 judicium
760 2627 935 2655 vehebat
963 2627 1119 2655 aetatis.
1221 2627 1250 2659 2)
1278 2625 1329 2653 Ed.
1358 2627 1479 2652 Recent.

93 2681 319 2700 successum
339 2672 493 2706 gradum
518 2672 704 2704 festinat,
723 2672 800 2700 male
820 2671 958 2701 offerunt.
1016 2673 1044 2706 3)
1064 2671 1137 2699 Alii:
1165 2676 1375 2703 amatores,
1396 2670 1477 2697 ina-

91 2727 108 2744 n
119 2725 158 2744 es
176 2721 196 2747 l,
216 2717 327 2750 legunt.
