1742 3005
131 86 226 134 Cap.
257 82 431 121 CXXXI.
490 82 548 119 De
579 81 773 118 nativitate
800 81 937 118 beatae
968 78 1111 117 Mariae
1141 78 1308 129 virginis.
1365 76 1444 116 587

64 186 155 220 tribu
183 190 270 221 erat.
317 185 437 221 Voluit
463 187 552 221 enim
571 185 742 227 dominus,
767 188 805 219 ut
823 183 890 219 hae
906 183 1017 218 tribus
1037 183 1285 228 privilegiatae
1304 184 1448 226 propter

64 251 254 286 misterium
285 251 331 285 ad
364 252 509 286 invicem
544 254 790 292 miscerentur,
825 251 906 295 quia
932 249 975 283 de
1000 250 1044 283 iis
1070 248 1228 282 dominns
1252 248 1448 281 nasciturus

65 320 162 358 erat,
189 318 248 362 qui
275 327 354 352 vere
378 328 440 352 rex
465 321 500 352 et
524 316 691 351 sacerdos
720 326 782 360 pro
809 315 910 349 nobis
936 325 974 349 se
1000 317 1111 359 ipsum
1138 313 1280 348 offerret
1304 316 1338 347 et
1363 312 1448 346 fide-

65 382 119 416 les
147 392 229 416 suos
257 383 291 416 in
315 382 449 416 malitia
473 382 577 427 hujus
604 384 696 416 vitae
721 384 917 426 pugnantes
944 383 1084 424 regeret
1109 383 1142 413 et
1167 383 1247 422 post
1271 381 1451 413 victoriam

65 452 264 482 coronaret.
314 448 414 489 Quod
438 449 541 483 etiam
570 458 612 482 ex
636 447 774 480 nomine
800 445 949 487 Christi,
976 444 1011 477 id
1037 447 1090 477 est
1114 445 1256 485 inuncti,
1284 445 1450 486 innuitur,

67 513 149 557 quia
183 513 252 547 seli
286 513 490 548 sacerdotes
524 516 558 546 et
591 521 695 556 reges
728 515 763 545 et
787 509 981 554 prophetae
1006 510 1042 542 in
1068 508 1147 554 lege
1173 509 1281 543 veteri
1304 510 1452 553 inunge-

68 578 215 621 bantur,
239 578 331 612 unde
356 581 391 612 et
415 587 479 611 nos
504 587 525 611 a
550 576 689 611 Christo
716 575 897 610 christiani
924 574 1070 608 dicimur
1102 578 1136 609 et
1168 584 1281 620 genus
1307 574 1452 608 electum

69 647 105 677 et
147 642 317 686 ¹)regale
357 642 590 678 sacerdotium
630 641 858 687 appellamur.
931 640 1002 675 Sed
1049 644 1083 675 et
1122 639 1215 686 quod
1256 639 1451 682 dicebatur,

69 706 163 753 quod
192 707 357 742 mulieres
392 712 506 743 tamen
543 717 628 742 suae
662 707 776 741 tribus
811 705 1008 740 hominibus
1036 707 1289 751 jungerentur,
1325 705 1453 739 dictum

68 773 180 808 fuisse
221 777 375 816 constat,
412 784 455 809 ne
499 773 699 808 distributio
735 774 880 807 sortium
915 771 1198 808 confunderetur.
1248 772 1338 812 Quia
1371 782 1454 806 vero

69 839 213 874 levitica
234 838 348 873 tribus
373 843 502 874 sortem
528 840 618 874 inter
643 843 807 874 caeteros
833 849 902 873 non
926 837 1103 880 habebat,
1133 837 1296 872 mulieres
1323 837 1367 872 de
1394 838 1457 872 illa

69 904 163 938 tribu
175 903 307 939 nubere
325 909 500 949 poterant,
524 904 769 941 cuivolebant.
799 903 995 949 Hysteriam
1014 907 1128 937 autem
1142 904 1335 937 nativitatis
1347 904 1457 949 vii·gi—

72 970 126 1004 nis
142 969 267 1005 beatus
285 969 526 1016 Hieronymus,
545 975 582 1005 ut
598 972 630 1004 in
649 970 798 1016 prologo
817 969 938 1011 refert,
956 968 1240 1004 adolescentulus
1257 970 1291 1002 in
1308 968 1457 1014 quodam

73 1035 192 1071 libello
207 1036 306 1082 legit,
333 1036 396 1071 sed
414 1040 494 1081 post
509 1036 649 1071 multum
667 1036 835 1080 temporis
850 1062 858 1078 ,
885 1039 922 1069 ut
937 1044 976 1069 se
992 1033 1121 1069 ibidem
1138 1035 1274 1080 legisse-
1297 1034 1457 1077 recoluit,

74 1103 183 1147 primo
211 1105 358 1148 rogatus
381 1104 637 1148 transscripsit.
686 1100 843 1138 Joachim
875 1110 1023 1146 namque
1050 1111 1092 1135 ex
1119 1099 1280 1135 Galilaea
1311 1104 1345 1135 et
1371 1102 1458 1134 civi-

72 1171 145 1202 tate
168 1166 344 1202 Nazareth
374 1172 531 1203 sanctam
562 1170 696 1204 Annam
730 1178 772 1202 ex
798 1165 1004 1201 Bethlehem
1037 1165 1135 1200 duxit
1159 1177 1321 1209 uxorem,
1357 1166 1459 1200 ambo

74 1237 188 1268 autem
210 1234 301 1279 justi
325 1238 425 1268 erant
451 1238 485 1269 et
509 1234 610 1269 ambo
637 1235 714 1269 sine
739 1232 1014 1277 reprehensione
1040 1233 1074 1266 in
1103 1234 1262 1268 omnibus
1288 1233 1460 1268 mandatis

76 1299 205 1334 domini
232 1299 440 1334 incedebant
465 1310 666 1345 omnemque
700 1309 797 1333 suam
822 1298 1051 1333 substantiam
1076 1299 1213 1334 trifarie
1243 1299 1461 1342 dividebant,

75 1375 176 1400 unam
211 1369 344 1410 partem
380 1366 508 1410 templo
548 1370 582 1400 et
622 1365 741 1409 templi
780 1363 1011 1398 servitoribus
1048 1364 1315 1409 impendebant,
1357 1365 1462 1399 aliam

77 1431 276 1476 peregrinis
301 1435 335 1466 et
360 1431 573 1476 pauperibus
600 1430 819 1476 erogabant,
854 1433 992 1464 tertiam
1027 1430 1095 1464 sibi
1130 1435 1164 1465 et
1199 1431 1352 1466 familiae
1378 1442 1462 1466 suae

76 1497 198 1531 usibus
225 1496 465 1532 reservabant.
512 1495 554 1531 Et
580 1498 629 1531 ita
654 1507 717 1541 per
743 1505 852 1530 annos
879 1495 947 1529 XX
977 1496 1109 1540 prolem
1136 1508 1178 1531 ex
1203 1499 1368 1543 conjugio
1395 1508 1464 1531 non

77 1562 250 1597 habentes
283 1567 453 1597 voverunt
478 1562 636 1605 domino⁷
674 1561 784 1607 quod,
820 1562 851 1594 si
876 1562 919 1594 iis
945 1561 1102 1596 sobolem
1129 1563 1354 1605 concederet,
1390 1573 1464 1597 cam

78 1630 224 1663 servitio
257 1628 387 1662 domini
418 1630 666 1673 manciparent.
716 1627 824 1672 Cujus
859 1627 910 1660 rei
944 1628 1062 1672 gratia
1088 1637 1162 1662 cum
1190 1629 1340 1674 singulis
1366 1630 1465 1663 annis

80 1695 115 1728 in
138 1693 250 1728 tribus
277 1693 378 1728 sestis
404 1695 606 1739 praecipuis
631 1693 825 1729 Jerusalem
854 1693 1127 1738 frequentarent,
1157 1695 1192 1728 in
1219 1694 1309 1728 festo
1338 1704 1466 1728 encae-

80 1761 214 1794 niorum
229 1759 389 1795 Joachim
418 1769 492 1794 eum
509 1759 764 1794 contribulibus
783 1760 855 1794 suis
872 1758 1088 1794 Hierusalem
1106 1760 1301 1801 adscendit,
1333 1765 1366 1795 et
1393 1770 1467 1794 cum

79 1827 230 1861 caeteris
264 1826 309 1860 ad
333 1825 445 1861 altare
477 1825 647 1861 accedens
673 1825 885 1860 oblationem
912 1835 1008 1860 suam
1033 1827 1162 1861 offerre
1191 1827 1310 1861 voluit.
1362 1827 1468 1866 Quem

41 1880 204 1926 &bidens
238 1891 409 1926 sacerdos
440 1901 515 1926 cum
547 1891 788 1938 indignatione
820 1893 926 1926 nimia
960 1892 1100 1937 repulit,
1134 1897 1168 1927 ct
1193 1903 1254 1927 cur
1287 1893 1331 1927 ad
1358 1893 1469 1928 altare

81 1956 147 1990 Dei
161 1957 331 1992 accedere
354 1961 605 2002 praesumeret,
635 1958 827 2002 increpavit
853 1968 1016 1993 asserens
1042 1970 1111 1993 non
1136 1970 1216 1994 esse
1241 1961 1468 2002 conveniens,

83 2020 267 2055 maledicto
289 2022 382 2066 legis
400 2022 590 2056 obnoxium
609 2023 822 2056 oblationem
848 2023 987 2057 domino
1012 2024 1104 2069 legis
1134 2025 1274 2066 offerre,
1299 2035 1364 2059 nec
1381 2026 1473 2058 inter

85 2085 278 2121 foecundos
313 2085 571 2126 infoecundum,
615 2091 650 2120 et
682 2087 742 2130 qui
776 2087 941 2130 populum
975 2087 1038 2122 Dei
1064 2099 1133 2122 non
1160 2090 1277 2130 auxit,
1318 2089 1473 2125 adstare.

82 2150 243 2188 Joaehim
273 2151 382 2196 igitur
418 2151 470 2184 sie
501 2149 681 2183 confusum
714 2161 752 2185 sc
777 2150 899 2185 videns
924 2163 1009 2197 prae
1035 2153 1169 2198 pudore
1194 2154 1329 2187 domum
1356 2153 1471 2189 redire

84 2217 214 2259 noluit,
240 2226 283 2250 ne
309 2216 471 2250 similiter
495 2226 517 2250 a
543 2216 796 2250 contribulibus
823 2219 909 2260 suis,
936 2220 995 2263 qui
1020 2218 1088 2253 hoc
1118 2219 1314 2262 audierant,
1339 2224 1473 2253 tantum

85 2281 311 2328 opprobrium
337 2283 536 2316 sustineret.
586 2281 763 2317 Secedens
788 2283 897 2333 igitur
921 2284 964 2318 ad
991 2289 1154 2329 pastores
1180 2296 1285 2328 suos,
1320 2296 1395 2320 cum
1427 2285 1477 2318 ibi

86 2347 300 2392 aliquamdiu
325 2346 470 2389 fuisset,
506 2347 654 2392 quadam
688 2347 745 2383 die
779 2349 811 2383 ei
845 2349 913 2382 soli
944 2351 1091 2396 angelus
1117 2361 1190 2385 cum
1217 2361 1343 2397 magna
1370 2351 1474 2384 clari-

88 2417 159 2448 tate
195 2413 360 2457 apparuit
395 2416 430 2447 et
462 2412 505 2448 de
532 2415 608 2458 ejus
635 2414 768 2448 visione
793 2413 988 2458 turbatum,
1024 2427 1065 2450 ne
1091 2418 1249 2459 timeret,
1285 2416 1477 2458 admonuit,

88 2479 224 2514 dicens:
258 2489 325 2524 ego
359 2489 432 2512 sum
467 2478 616 2524 angelus
647 2478 776 2529 domini
798 2481 926 2514 missus
951 2481 996 2515 ad
1028 2485 1083 2523 te,
1118 2485 1155 2515 ut
1188 2483 1385 2516 annuntiem
1415 2482 1479 2516 tibi

88 2554 212 2589 preces
230 2547 308 2578 tuas
329 2543 513 2578 exauditas
532 2554 611 2579 esse
630 2549 664 2579 et
680 2545 890 2580 elemosinas
908 2550 987 2581 tuas
1008 2548 1041 2581 in
1057 2552 1248 2593 conspectu
1270 2547 1398 2583 domini
1415 2547 1478 2582 ad-

158 2687 186 2720 1)
205 2685 322 2720 Adject.
342 2684 450 2718 regal
464 2694 478 2712 e
498 2684 609 2712 omittit
628 2684 680 2711 Ed.
701 2689 744 2712 l’r.
