1742 3005
251 113 301 150 14
498 114 593 164 Cap.
626 113 674 149 ll.
737 113 795 149 De
828 122 957 150 saneto
988 114 1137 152 Andrea
1168 116 1355 166 apostolo.

249 219 489 261 adhaesisset,
526 222 690 264 parentes
717 220 794 263 ejus
822 217 957 252 domum
989 221 1022 252 111
1051 229 1120 264 qua
1143 218 1345 254 morabatur
1368 229 1442 254 cum
1467 220 1643 265 apostolo,

249 285 511 320 succenderunt.
563 284 715 328 Cumque
736 285 809 328 jam
835 284 869 316 in
895 283 1000 318 altum
1027 284 1164 318 flamma
1189 290 1445 328 succresceret,
1472 296 1558 331 puer
1585 296 1643 320 ac-

249 356 351 397 cepta
375 350 527 394 ampulla
553 358 659 394 super
684 350 798 394 ignem
829 350 960 393 sparsit
985 353 1019 383 et
1045 350 1161 383 statim
1196 351 1310 395 ignem
1343 352 1529 392 exstinxit,
1573 352 1642 387 illis

250 422 362 451 autem
390 415 605 450 dicentibus:
631 415 722 448 lilius
748 418 869 449 noster
894 423 1017 459 magns
1044 418 1098 449 est
1122 415 1277 450 effectus.
1326 416 1412 451 Dum
1439 426 1502 460 per
1527 418 1642 451 scalas

251 483 378 517 veilent
403 480 615 523 ascendere,
654 491 675 514 a
704 480 776 515 Deo
801 484 881 514 suut
906 481 1107 522 excaecati,
1161 485 1197 514 ut
1230 483 1328 526 ipsas
1359 481 1474 516 scalas
1503 485 1642 527 penitus

249 560 318 583 non
341 547 509 582 viderent.
547 546 645 581 Tunc
667 546 806 592 quidam
833 546 1031 580 exclamans
1055 548 1123 580 ait:
1149 552 1186 581 ut
1208 549 1241 591 ¹)
1264 547 1346 593 quid
1373 557 1434 582 vos
1460 548 1566 582 stulto
1591 548 1643 582 la-

249 615 334 649 bore
358 614 582 655 consumitis,
634 613 728 648 Deus
754 616 888 658 pugnat
913 623 975 657 pro
1002 613 1044 646 iis
1070 617 1104 647 et
1129 623 1191 647 vos
1216 623 1284 647 non
1310 613 1447 648 videtis.
1496 614 1642 649 (lessate

245 683 341 726 jam,
391 689 434 713 ne
469 681 503 713 iu
536 689 597 712 vos
631 680 683 712 ira
716 678 780 713 Dei
814 677 1013 712 descendat.
1085 678 1188 713 Multi
1208 689 1294 725 ergo
1322 679 1479 714 videntes
1505 678 1641 713 domiuo

249 746 489 786 erediderunt,
540 748 705 789 parentes
741 754 825 778 vero
859 744 935 788 ejus
971 747 1050 788 post
1079 746 1335 790 quinquagiiita
1360 745 1434 780 dies
1458 747 1582 779 mortui
1609 748 1641 779 iu

250 814 468 845 monumento
492 814 572 844 sunt
596 811 713 855 positi.
739 830 783 835 —
810 829 850 834 -
875 813 918 846 3.
947 809 1123 849 Quaedam
1148 810 1270 844 mulier
1294 811 1428 845 cuidam
1449 810 1641 845 homicidae

250 878 436 922 conjuncta
459 887 534 911 cum
559 885 684 921 parere
710 885 776 909 non
804 880 945 920 posset,
997 877 1110 911 sorori
1137 886 1221 911 suae
1246 876 1349 911 dixit:
1400 876 1490 911 vade
1517 881 1552 911 et
1577 888 1640 921 pro

251 954 303 978 me
324 943 479 988 Dyanam
503 942 676 976 dominam
700 945 854 975 nostram
886 944 1021 977 invoca.
1085 942 1148 976 Cui
1174 944 1350 976 invocanti
1376 944 1425 977 ait
1451 942 1640 988 dyabolus:

250 1019 311 1043 cur
337 1020 388 1043 me
415 1009 560 1042 invocas
576 1037 583 1051 ,
610 1018 684 1042 cum
709 1007 772 1041 tibi
797 1007 968 1052 prodesse
992 1019 1061 1042 non
1089 1010 1242 1052 possim?
1292 1008 1361 1043 Sed
1387 1009 1477 1044 vade
1499 1008 1543 1043 ad
1569 1009 1641 1044 An-

251 1075 368 1109 dream
408 1074 626 1119 apostolum,
676 1075 734 1119 qui
760 1084 915 1108 sororem
940 1078 1033 1107 tuam
1058 1075 1187 1119 poterit
1211 1074 1392 1120 adjuvare.
1462 1074 1516 1109 Ad
1542 1085 1640 1120 quem

250 1151 325 1175 cum
351 1142 474 1175 ivisset
500 1144 534 1174 et
558 1141 755 1185 apostolum
785 1138 829 1174 ad
854 1149 1009 1174 sororem
1042 1140 1296 1184 periclitantem
1330 1128 1510 1183 duxisset,
1560 1140 1642 1174 dicit

251 1208 283 1242 ei
310 1206 509 1252 apostolus:
544 1210 637 1241 recte
662 1205 728 1240 hoc
752 1206 906 1251 paterIS‚
933 1207 1015 1250 quia
1038 1206 1128 1240 male
1157 1206 1307 1248 duxisti,
1333 1206 1423 1241 male
1450 1207 1641 1251 concepisti

252 1277 285 1308 et
312 1272 498 1307 daemones
526 1272 742 1306 consuluisti.
793 1271 863 1305 Sed
885 1274 1000 1305 tamen
1025 1273 1205 1316 poenitere
1231 1276 1266 1307 et
1288 1274 1322 1306 iu
1339 1272 1513 1307 Clu-istum
1538 1272 1640 1307 crede

252 1343 286 1373 et
306 1348 450 1383 puerum
468 1338 613 1383 projice.
640 1337 717 1377 Qua
737 1336 901 1371 credente
922 1336 1117 1371 abortivum
1138 1338 1285 1382 protulit
1299 1342 1332 1372 et
1352 1338 1453 1372 dolor
1476 1340 1640 1373 cessavit..

250 1424 352 1430 —-—
367 1407 412 1441 4.
435 1403 551 1437 Senex
576 1402 715 1448 quidam
738 1403 876 1436 nomine
901 1401 1067 1436 Nicotaus
1091 1401 1177 1436 adiit
1199 1404 1395 1448 apostolum
1415 1404 1553 1439 dicens:
1579 1404 1641 1438 do-

251 1472 352 1506 mine.
374 1479 453 1504 ecce
467 1470 694 1514 septuaginta
713 1469 794 1503 anni
815 1469 1019 1503 vitae-meae
1035 1471 1126 1511 sunt,
1153 1468 1323 1514 inquibus
1335 1470 1641 1515 semperluxuriae

251 1537 437 1571 deservivi.
475 1535 604 1579 Accepi
629 1538 744 1569 autem
768 1533 958 1578 aliquando
987 1535 1207 1579 evangelium
1231 1545 1335 1568 orans
1349 1535 1471 1578 Deum,
1498 1540 1534 1570 ut
1559 1536 1640 1570 mihi

252 1601 398 1637 amando
429 1601 465 1644 2)
489 1601 734 1634 continentiam
768 1599 972 1646 largiretur.
1042 1600 1112 1635 Sed
1136 1602 1170 1634 in
1195 1602 1272 1645 ipso
1296 1604 1441 1645 peccato
1465 1602 1640 1637 invetera-

251 1674 307 1704 tus
333 1672 366 1703 et
392 1677 412 1701 a
435 1666 527 1700 mala
552 1667 834 1710 concupiscentia
859 1666 993 1701 illectus
1027 1668 1144 1701 statim
1172 1666 1216 1700 ad
1241 1677 1329 1711 opus
1355 1666 1493 1700 solitum
1521 1678 1640 1702 rever-

252 1735 364 1769 tebar.
440 1730 597 1772 Quadam
643 1732 751 1776 igitur
790 1733 865 1766 vice
909 1734 1192 1778 concupiscentia
1241 1732 1472 1767 inflammatus
1511 1732 1640 1768 oblitus

253 1800 485 1846 evangelium,
517 1797 609 1843 quod
637 1807 744 1842 super
770 1807 822 1832 me
849 1808 1035 1842 posueram
1064 1800 1112 1844 3),
1139 1797 1184 1832 ad
1208 1798 1358 1842 lupanar
1380 1799 1428 1832 ivi
1455 1800 1641 1844 statimque

252 1867 415 1901 meretrix
443 1864 530 1898 dixit
554 1862 654 1897 mihi:
682 1863 852 1909 egredere
878 1874 998 1907 senex,
1026 1863 1207 1910 egredere,
1235 1865 1315 1909 quia
1341 1864 1487 1910 angelus
1501 1864 1564 1899 Dei
1589 1875 1639 1901 es,
1656 1860 1663 1863 ”

253 1937 290 1966 tu
324 1942 366 1966 ne
410 1941 462 1965 me
499 1931 684 1975 contingas
718 1940 831 1975 neque
864 1928 929 1965 huc
952 1930 1118 1965 accedere
1145 1939 1367 1974 praesumas:
1415 1930 1519 1965 video
1552 1932 1639 1965 enim

253 2002 404 2043 superte
429 1995 613 2030 mirabilia.
643 1995 869 2040 Stupesactus
897 1996 941 2030 ad
954 1995 1064 2031 verba
1086 1996 1263 2030 merericis
1291 1995 1436 2037 recolui,
1463 1995 1639 2041 quodme-

252 2074 327 2098 cum
352 2062 571 2108 evangelium
596 2061 809 2097 detulissem.
836 2062 933 2097 Nunc
959 2063 1078 2107 igitur,
1107 2061 1233 2096 Sancte
1247 2061 1324 2103 Dei,
1346 2072 1410 2107 1110
1435 2062 1548 2097 salute
1566 2072 1638 2096 mea

251 2133 313 2163 tua
338 2131 397 2174 pia
428 2131 541 2163 oratio
566 2127 771 2163 intercedat.
818 2127 974 2163 Audiens
998 2126 1064 2162 11οο
1085 2127 1210 2162 beatus
1234 2127 1395 2162 Andreas
1420 2128 1503 2162 flere
1528 2128 1642 2171 coepit

254 2199 288 2230 01
312 2205 333 2230 a
356 2196 462 2229 tertia
486 2205 596 2240 usque
622 2195 666 2229 ad
693 2204 818 2229 nonam
843 2194 958 2228 oravit
978 2197 1012 2228 et
1036 2203 1185 2239 surgens
1212 2193 1323 2227 noluit
1348 2193 1550 2235 comedere,
1580 2193 1640 2226 sed

254 2263 324 2295 ait:
349 2272 417 2295 11011
444 2260 632 2303 comedam⁷
662 2260 772 2296 donec
798 2261 917 2299 sciam,
943 2261 972 2294 si
1001 2259 1156 2293 domiuus
1183 2257 1404 2293 miserebitur
1418 2257 1521 2302 hujus
1536 2259 1639 2292 senis.

255 2328 407 2373 Cumque
433 2325 555 2361 diebus
590 2328 742 2372 quinque
761 2327 981 2372 Jejunasset‚
1019 2326 1114 2360 venit
1138 2335 1205 2358 vox
1231 2324 1275 2359 ad
1300 2323 1475 2359 Andream
1501 2324 1641 2358 dicens:

254 2393 390 2427 obtines
416 2391 557 2427 Andrea
582 2403 644 2437 pro
672 2403 766 2427 sene.
805 2392 875 2427 Sed
901 2393 991 2426 sicut
1014 2402 1077 2436 per
1096 2392 1266 2437 jejunium
1295 2391 1479 2425 macerasti
1506 2394 1552 2426 te.
1579 2391 1641 2423 sic.

255 2469 292 2491 se
315 2462 349 2492 et
373 2460 448 2503 ipse
474 2458 772 2504 al'lligatjejuniis
798 2461 835 2491 ut
857 2458 1023 2492 salvetur.
1053 2456 1180 2501 Sicque
1204 2457 1286 2491 fecit
1310 2461 1344 2491 et
1371 2458 1404 2490 in
1430 2466 1492 2491 sex
1516 2455 1641 2489 mensi-

255 2524 318 2558 bus
345 2525 379 2557 in
407 2534 496 2567 pane
524 2528 559 2557 01
584 2534 677 2569 aqua
703 2524 879 2568 jejunavit
904 2527 938 2558 01
963 2522 1179 2568 postmodum
1207 2522 1329 2567 plenus
1355 2521 1456 2556 bonis
1479 2518 1643 2564 operibus

325 2648 350 2680 Ι)
369 2650 454 2673 Forte
474 2646 665 2673 scribendum
686 2657 702 2673 ει
713 2646 740 2673 d.
846 2648 875 2679 2)
895 2645 1100 2673 necvntioros:
1121 2645 1272 2676 amodo,
1291 2643 1400 2671 rectius
1419 2641 1555 2673 sortasse,
1575 2641 1643 2673 quia

257 2694 328 2719 lmec
344 2691 487 2726 particula
509 2691 628 2725 snt-pius
648 2700 663 2717 n
685 2691 881 2726 scriptoribus
901 2691 966 2718 :mx—i
989 2690 1078 2719 modii
1094 2690 1159 2717 loco
1176 2687 1410 2722 conjunctionis:
1430 2686 1539 2714 11101111
1561 2695 1640 2713 usur·

258 2741 351 2770 111-1111.
468 2736 495 2763 3)
517 2735 575 2762 Alii
597 2739 781 2768 posuerat
801 2734 937 2763 offerunt,
