1742 3005
241 85 322 125 808
416 87 511 134 (Tap.
546 82 790 120 CLxxwtt.
857 82 916 117 De
947 88 1078 116 sancto
1109 80 1267 117 Arsenio
1301 81 1449 118 abbate.

244 192 420 226 materiam
447 187 562 222 mundi
587 187 769 232 projecisti
797 196 817 220 a
842 190 895 227 te,
923 187 1123 229 exspectavi
1151 190 1198 221 te.
1247 186 1308 219 Cui
1337 187 1411 221 ille:
1450 186 1505 220 die
1532 186 1625 227 mihi,

244 253 416 300 quomodo
442 252 562 287 salvus
590 252 733 287 eslieiar.
785 252 848 291 Qui
879 250 1096 296 respondens
1116 253 1181 285 ait:
1210 251 1291 296 l'nge
1312 250 1468 285 homines
1485 256 1519 286 et
1540 256 1625 285 tace.

245 319 409 354 Matrona
434 319 602 363 quaedam
629 317 758 351 nobilis
786 322 819 352 et
845 328 951 351 senex
979 320 1089 359 venit,
1124 321 1161 351 ut
1189 316 1348 351 abbatem
1377 316 1559 350 Arseninm
1586 327 1627 350 ex

248 385 433 419 devotione
464 384 616 426 videret,
652 386 708 429 qni
744 388 889 428 rogatus
923 393 944 417 a
976 383 1178 427 Theophilo
1210 381 1499 426 archiepiscopo,
1533 386 1568 415 ut
1592 393 1630 416 se

248 450 357 484 videri
384 451 612 494 permitteret,
642 449 839 483 nullalenus
857 450 1044 494 acquievit.
1094 448 1250 483 Tandem
1268 449 1328 481 illa
1346 447 1389 481 ad
1417 448 1493 492 ejus
1510 447 1630 481 cellam

248 526 443 560 properans
480 517 589 560 ipsum
626 516 711 550 foris
750 519 829 549 ante
864 517 988 548 ostium
1028 515 1140 549 cellae
1173 515 1303 548 invenit
1337 517 1371 547 et
1408 523 1446 547 se
1479 513 1521 546 ad
1557 514 1632 557 ejus

249 582 356 625 pedes
383 584 583 626 prostravit.
633 582 693 616 llle
727 586 839 615 autem
876 592 949 615 (um
983 581 1224 625 indignatione
1250 581 1355 613 nimia
1381 579 1533 614 elevavit
1559 588 1632 612 eam

249 647 388 680 dicens:
429 650 456 680 si
495 648 616 681 lat-iem
646 658 752 682 meam
781 646 899 681 ridere
924 648 995 688 vis,
1032 646 1122 680 vide.
1171 645 1235 680 llla
1267 648 1379 678 antem
1408 645 1530 678 faciem
1558 645 1634 688 ejiis

251 722 336 756 prae
369 713 575 747 confusione
608 717 640 746 et
667 712 876 745 verecundia
904 723 972 745 non
1003 712 1248 746 consideravit.
1299 711 1359 745 tzui
1387 721 1511 744 senex:
1547 720 1634 753 qno-

251 778 375 820 modo,
415 789 488 813 enm
517 778 638 812 mulier
664 779 732 819 sis,
768 780 899 810 tantam
935 778 1195 822 navigationem
1223 777 1340 811 lacere
1366 776 1636 821 praesumsisti?

249 854 329 878 eece
356 846 442 878 enim
468 844 607 878 Romam
635 843 768 878 redibis
795 847 839 884 et,
867 842 958 887 qnod
985 842 1146 877 abbatem
1173 842 1357 877 Arseninm
1386 841 1529 883 videris,
1556 841 1636 875 aliis

251 910 453 944 mulieribus
499 910 681 944 enarrabis
723 913 757 943 et
795 909 878 943 illae
923 909 1085 943 similiter
1120 910 1281 950 venient,
1323 911 1360 942 nt
1397 907 1540 941 videant
1572 918 1636 942 me.

252 974 295 1009 Et
323 976 399 1009 illa:
429 977 457 1010 si
483 975 556 1010 Deo
585 975 689 1009 dante
715 974 853 1009 Romam
878 974 1028 1016 rediero,
1057 976 1184 1009 nullam
1207 975 1271 1009 hue
1289 975 1408 1009 venire
1429 974 1637 1018 permittam,

253 1042 314 1075 sed
341 1042 464 1076 saltem
497 1041 665 1082 obsecro,
706 1045 741 1074 ut
773 1051 852 1074 ores
888 1052 950 1085 pro
987 1052 1039 1075 me
1075 1045 1108 1075 et
1147 1043 1212 1075 mei
1249 1052 1378 1076 memor
1409 1040 1459 1073 sis
1488 1049 1636 1083 semper.

254 1108 316 1140 (ini
343 1107 421 1141 ille:
458 1118 520 1140 oro
548 1106 677 1148 Deum,
712 1110 750 1140 ut
775 1106 891 1140 deleat
917 1109 1113 1141 memoriam
1142 1111 1233 1141 tuam
1260 1107 1302 1142 de
1328 1106 1434 1141 corde
1460 1117 1547 1140 meo.
1591 1105 1638 1140 ‘Et

254 1173 315 1206 illa
348 1172 493 1208 audiens
526 1172 667 1206 turbata
701 1173 838 1206 nimium
867 1175 960 1206 venit
985 1174 1018 1206 in
1044 1175 1218 1208 civitatem
1246 1177 1279 1208 et
1305 1184 1389 1218 prae
1415 1175 1559 1208 tristitia
1585 1174 1635 1208 fe-

251 1239 417 1273 bricitare
442 1239 569 1283 coepit¹
621 1237 720 1278 Quod
747 1238 1034 1283 archiepiscopus
1062 1239 1207 1273 audiens
1233 1240 1275 1273 ad
1298 1250 1369 1275 eam
1390 1239 1638 1274 consolandam

254 1306 426 1346 arcessit,
465 1304 526 1338 illa
557 1309 670 1338 antem
708 1303 869 1339 dicebat:
911 1315 991 1340 eece
1027 1316 1093 1351 ego
1138 1307 1345 1340 contristata
1378 1307 1521 1341 morior.
1579 1305 1640 1339 Cui

255 1370 567 1415 archiepiscopus:
603 1371 738 1411 nescis,
778 1370 871 1415 qnod
907 1371 1030 1405 mulier
1067 1382 1104 1405 es
1139 1375 1173 1406 et
1204 1373 1361 1406 inimicus
1389 1382 1451 1416 per
1476 1371 1639 1405 mulieres

257 1441 396 1470 sanctos
431 1438 637 1482 impugnat?
670 1441 703 1470 et
723 1441 926 1482 propterea
962 1447 1068 1471 senex
1102 1437 1168 1472 hoe
1194 1438 1300 1480 dixit3
1334 1448 1410 1472 nam
1438 1448 1502 1482 pro
1528 1438 1642 1471 anima

256 1505 318 1536 tua
342 1513 480 1547 semper
508 1508 596 1540 orat.
644 1504 701 1537 Sie
727 1503 968 1538 consolatione
995 1508 1136 1548 recepta
1162 1514 1235 1538 cum
1266 1504 1396 1550 gaudio
1426 1503 1470 1538 ad
1499 1505 1643 1548 propria

258 1570 443 1603 remeavit..
484 1569 534 1604 De
560 1569 708 1614 quodam
736 1570 805 1603 alio
832 1573 932 1613 patre
958 1569 1099 1615 legitur,
1129 1570 1234 1615 quod,
1261 1581 1334 1605 cnm
1354 1569 1544 1614 discipulus
1566 1571 1643 1614 ejus

259 1633 326 1667 sibi
354 1634 503 1669 diceret:
542 1636 708 1676 senuisti,
736 1635 859 1675 abbaS,
887 1635 1092 1670 aecedanms
1118 1646 1237 1680 parum
1259 1638 1362 1682 juxta
1386 1636 1558 1677 mundum,
1583 1635 1644 1669 ille

259 1701 326 1733 ait:
362 1700 420 1734 nbi
458 1712 525 1734 non
561 1705 614 1735 est
646 1701 786 1743 mulier,
828 1700 874 1734 ibi
903 1711 1032 1735 (atinus.
1081 1702 1176 1736 Dixit
1202 1702 1413 1747 discipulus:
1448 1706 1482 1737 et
1506 1700 1566 1735 ubi
1592 1705 1645 1737 est

259 1765 355 1799 locus
392 1777 458 1800 non
485 1766 618 1800 habens
644 1766 835 1808 mulierem,
864 1768 929 1799 nisi
958 1767 1047 1801 forte
1076 1767 1259 1803 solitudo?
1306 1768 1349 1802 Et
1378 1769 1456 1803 ille:
1490 1779 1576 1814 ergo
1611 1769 1643 1801 in

259 1830 480 1865 solitudinem
503 1833 665 1867 metelle.
716 1833 816 1866 Alius
838 1833 939 1866 etiam
968 1833 1077 1867 l'rater
1101 1844 1173 1867 cnm
1204 1838 1345 1867 matrem
1372 1844 1467 1867 suam
1497 1833 1645 1868 vetulam

261 1900 356 1929 trans
402 1896 540 1930 llnvium
583 1902 727 1941 portare
763 1896 926 1937 deberet,
974 1897 1032 1931 ille
1068 1908 1188 1931 manus
1226 1908 1308 1931 snas
1341 1899 1450 1942 pallio
1487 1899 1643 1933 involvit.

262 1961 322 1994 (lui
351 1961 430 1996 illa:
473 1962 558 2004 ¹)ad
597 1962 678 2006 quid
717 1964 888 2007 operuisti
920 1973 1040 1996 manus
1074 1967 1171 2004 tuas,
1208 1964 1282 1999 lili?
1330 1963 1371 1998 Et
1405 1965 1484 1999 ille:
1517 1976 1644 2009 eorpus

261 2026 415 2060 mulieris
451 2029 543 2071 ignis
579 2032 632 2061 est
658 2032 691 2061 et
716 2038 757 2061 ex
784 2038 847 2069 eo,
888 2028 979 2071 quod
1009 2032 1042 2062 te
1069 2029 1339 2074 contingebam4
1373 2030 1519 2064 aliarum
1547 2030 1645 2065 semi-

262 2102 379 2125 narum
406 2094 571 2126 memoria
598 2093 630 2125 in
659 2103 734 2127 meo
761 2079 873 2126 animo
902 2093 1074 2128 veniebat.
1125 2094 1296 2129 Arsenius
1323 2100 1434 2130 autem
1459 2107 1521 2140 per
1540 2099 1645 2129 totum

262 2163 397 2202 tempus
424 2159 515 2192 vitae
542 2168 627 2192 suae
652 2158 696 2192 ad
724 2169 813 2202 opus
846 2158 974 2193 sedens
1011 2170 1167 2194 manuum
1203 2170 1340 2195 suarum
1368 2172 1515 2206 pannum
1538 2161 1646 2195 habe-

262 2223 322 2258 bat
355 2226 386 2257 in
414 2225 490 2257 sinn
517 2227 662 2267 propter
687 2223 876 2268 laerynas,
912 2235 1000 2269 quae
1037 2225 1161 2260 erebro
1197 2225 1239 2261 de
1275 2228 1385 2261 oeulis
1422 2229 1498 2272 ejus
1530 2238 1648 2261 curre-

263 2289 356 2323 bant.
407 2289 533 2323 Totam
559 2293 692 2323 noetem
720 2291 908 2324 insomnem
937 2289 1106 2332 ducebat,
1143 2302 1240 2326 mane
1275 2297 1388 2327 antem
1424 2293 1538 2336 sacto,
1574 2304 1647 2327 enm

263 2358 407 2399 propter
433 2359 579 2389 naturae
605 2354 848 2389 lassitudinem
876 2355 1027 2391 dormire
1057 2357 1178 2399 vellet,
1212 2357 1350 2392 dicebat
1381 2369 1521 2393 somno:
1559 2360 1648 2400 veni,

264 2430 366 2455 serve
394 2420 502 2462 male,
538 2424 572 2454 et
596 2419 818 2464 subripiebat
843 2430 962 2465 parum
991 2425 1100 2456 somni
1127 2423 1282 2458 sedendo
1315 2428 1348 2458 et
1381 2426 1497 2458 statim
1523 2432 1646 2467 surge—

266 2486 335 2520 bat.
385 2486 532 2521 llieebat
566 2496 725 2531 quoqne:
770 2486 901 2521 sufficit
932 2488 1124 2531 monacho,
1163 2490 1193 2522 si
1231 2488 1413 2524 dormierit
1444 2499 1512 2524 una
1548 2488 1647 2527 hora,

267 2553 293 2584 si
321 2555 376 2586 est
406 2555 520 2586 tamen
546 2555 731 2596 pugnator.
784 2551 936 2598 Cumque
978 2558 1078 2598 pater
1109 2556 1218 2589 saneti
1245 2555 1385 2591 Arsenii
1411 2553 1648 2589 nobilissimus

338 2695 362 2725 l)
383 2696 491 2724 vniam
520 2702 554 2723 ul
578 2696 677 2729 qnid.
