1742 3005
128 86 222 137 Cap.
245 84 377 121 CXIX.
436 83 494 120 De
527 83 758 120 assumtione
788 89 941 120 sanctae
970 81 1117 119 Mariae
1148 82 1314 132 virginis.
1372 80 1453 120 513

73 193 262 224 cattantae
291 188 474 231 dominae,
503 188 744 223 consessorum
776 190 951 223 exercitus
976 187 1240 223 innumerabilis
1261 187 1459 221 continuum

74 255 142 290 sibi
167 258 336 300 personat
353 259 509 297 cantum,
535 255 709 300 virginum
734 254 987 289 candidissima
1013 255 1136 288 concio
1157 256 1280 299 ⁷jugem
1298 252 1461 287 choream

75 321 120 356 ad
145 331 241 356 suam
273 319 430 355 celebrat
455 320 617 366 gloriam,
644 321 751 354 invite
778 321 880 354 etiam
908 319 1064 353 infernus
1089 319 1157 353 sibi
1182 319 1294 353 ululat
1320 323 1354 354 et
1379 330 1461 364 pro-

74 388 249 422 cacissimi
269 386 458 420 daemones
479 385 708 420 conclamant.
724 405 763 410 -
787 389 828 421 2.
845 384 989 423 Quidam
1011 384 1158 418 clericus
1178 386 1306 430 virgini
1326 384 1464 419 Mariae

76 452 224 488 devotus
250 455 372 486 contra
400 451 554 485 dolorem
580 450 609 485 V
633 450 812 484 vulnerum
839 449 969 482 Christi
995 459 1069 483 eam
1098 449 1256 493 quotidie
1290 460 1352 493 per
1376 449 1465 484 haec

76 518 185 553 verba
210 519 312 563 quasi
336 516 512 550 consolari
538 514 703 549 studebat
731 514 869 548 dicens:
901 514 1037 559 gaude,
1073 514 1138 548 Dei
1159 516 1333 560 genitrix,
1366 517 1466 561 virgo

79 580 317 625 immaculata,
350 581 485 627 gaude,
524 590 614 626 quae
646 579 689 613 ab
725 580 853 624 angelo
887 579 1053 625 gaudium
1086 582 1296 625 suscepisti,
1336 580 1466 626 gaude,

78 661 168 696 quae
204 649 358 695 genuisti
390 647 527 681 aeterni
559 646 698 680 luminis
736 646 951 687 claritatem,
999 645 1135 691 gaude,
1171 651 1298 688 mater,
1333 646 1465 691 gaude,

79 719 200 750 sancta
223 713 288 748 Dei
311 713 466 759 genitrix
492 713 615 757 virgo,
650 715 688 745 tu
717 712 795 745 sola
820 716 929 746 mater
954 714 1119 756 innupta,
1153 716 1188 746 te
1213 712 1333 746 laudat
1357 713 1468 746 omnis

80 785 243 816 creatura
267 782 301 814 et
326 779 473 820 factura,
499 778 652 823 genitrix
678 777 787 818 lucis,
815 778 863 811 sis
889 788 951 821 pro
978 777 1100 819 nobis,
1130 788 1340 823 quaesumus
1356 806 1363 819 ,
1389 789 1469 822 per-

80 851 188 892 petua
216 847 454 880 interventrix.
503 844 564 878 Hic
596 854 670 877 cum
704 844 808 877 nimio
840 842 1011 887 languore
1037 848 1219 887 correptus
1245 844 1289 876 ad
1315 847 1470 877 extrema

79 913 255 953 venisset,
282 921 413 956 pavore
439 909 638 955 perturbari
665 910 792 952 coepit.
843 908 906 942 Cui
933 909 1031 953 virgo
1058 918 1233 952 apparens
1261 908 1369 942 dixit:
1397 919 1469 949 cur,

81 977 152 1019 fili,
196 980 294 1011 tanto
335 979 460 1010 timore
498 974 677 1019 trepidas,
719 975 776 1019 qui
808 975 936 1008 totiens
970 972 1052 1007 mihi
1086 974 1252 1019 gaudium
1289 977 1470 1016 nuntiasti,

81 1043 199 1089 gaude
220 1044 322 1077 etiam
342 1046 379 1076 tu
397 1045 444 1084 et,
464 1045 500 1074 ut
519 1040 746 1075 aeternaliter
766 1040 924 1086 gaudeas
939 1068 946 1082 ,
979 1041 1054 1075 veni
1073 1051 1213 1075 mecum.
1228 1061 1273 1066 —-
1296 1046 1338 1078 3.
1365 1042 1471 1076 Miles

25 1091 30 1096 ,
82 1108 222 1154 quidam
248 1112 373 1153 potens
398 1106 500 1141 valde
527 1111 561 1141 et
586 1106 684 1140 dives
712 1105 790 1140 dum
816 1107 932 1139 omnia
958 1104 1051 1139 bona
1076 1116 1139 1140 sua
1167 1106 1358 1141 indiscreta
1383 1107 1473 1142 libc-

83 1174 222 1208 ralitate
246 1173 488 1219 dispergeret,
524 1172 570 1206 ad
602 1176 731 1206 tantam
762 1171 901 1206 devenit
928 1173 1105 1216 inopiam,
1143 1177 1199 1214 ut,
1239 1175 1297 1218 qui
1322 1183 1472 1208 consue-

85 1244 183 1274 verat
216 1249 346 1286 magua
377 1240 555 1282 tribuere„
595 1240 670 1284 jam
710 1239 880 1282 inciperet
913 1238 1060 1271 minimis
1094 1238 1264 1284 indigere.
1314 1238 1474 1274 Habebat

82 1309 198 1340 autem
223 1305 396 1351 quandam
421 1315 562 1339 uxorem
590 1304 848 1349 pudicissimam
879 1307 913 1337 et
942 1303 1070 1337 heatae
1102 1303 1240 1339 Mariae
1276 1304 1379 1339 valde
1413 1304 1473 1339 de-

85 1375 221 1413 votan1;
255 1371 558 1415 appropinquante
592 1373 706 1403 autem
737 1369 885 1414 quadam
922 1369 1175 1411 sollemnitate,
1212 1371 1245 1404 in
1274 1381 1342 1415 qua
1370 1380 1474 1415 prae-

85 1437 197 1471 dictus
229 1436 328 1471 miles
359 1436 466 1470 multa
500 1436 647 1470 donaria
684 1439 914 1469 consueverat
946 1435 1105 1481 elargiri,
1152 1446 1225 1469 cum
1247 1436 1342 1480 Jam,
1380 1436 1475 1480 quod

85 1502 386 1544 tribueret,-non
425 1501 594 1543 haberet,
634 1502 741 1534 nimia
779 1500 985 1535 confusione
1028 1505 1062 1535 et
1092 1500 1304 1535 verecundia
1338 1500 1473 1543 ductus,

86 1578 268 1614 quousque
294 1567 477 1611 praedicta
501 1568 701 1601 transiisset
730 1566 966 1608 sollemnitas,
994 1566 1170 1601 desertum
1198 1566 1311 1600 locum
1338 1578 1476 1601 moero-

86 1635 136 1668 ris
171 1634 316 1667 amicum
350 1634 516 1678 expetiit,
559 1636 597 1667 ut
635 1631 796 1666 fortunae
837 1641 922 1666 suae
965 1632 1184 1666 incommoda
1223 1632 1409 1677 plangeret
1443 1637 1478 1667 ct

87 1698 331 1734 verecundiam
358 1699 517 1734 evitaret.
565 1697 609 1732 Et
634 1707 715 1732 ecce
741 1696 856 1731 subito
881 1697 1021 1741 quidam
1049 1708 1157 1743 equus
1181 1697 1284 1733 valde
1305 1698 1476 1733 terribilis

86 1763 338 1799 terribiliorem
363 1763 497 1799 habens
523 1773 698 1799 sessorem
725 1762 769 1797 ad
796 1773 870 1797 eum
907 1764 1077 1805 accessit,
1111 1765 1210 1808 cujus
1244 1774 1365 1799 sessor
1400 1775 1476 1799 eum

86 1828 280 1874 alloquitur
311 1833 346 1864 et
379 1839 521 1864 causam
552 1833 672 1864 tantae
696 1830 862 1863 tristitiae
888 1829 1098 1863 sciscitatur.
1146 1829 1211 1864 Cui
1245 1841 1320 1864 cuni
1349 1832 1475 1872 omnia,

88 1905 177 1940 quae
205 1894 275 1930 sibi
300 1897 541 1941 contigerant,
567 1905 631 1940 per
654 1894 810 1929 ordinem
837 1899 1061 1936 enarrasset,
1090 1895 1150 1930 ille
1175 1897 1242 1930 ait:
1277 1898 1307 1930 si
1334 1896 1417 1930 mihi
1443 1898 1477 1930 iu

87 1959 226 1994 modico
252 1959 495 2005 obtemperare
521 1961 674 1994 volueris
690 1988 698 2002 ‚
732 1961 845 2006 magis
884 1970 985 2005 quam
1010 1964 1117 1994 antea
1140 1961 1258 2006 gloria
1283 1965 1317 1996 et
1345 1961 1477 1996 divitiis

88 2024 300 2059 abundabis.
349 2025 507 2069 Spondet
530 2025 590 2059 ille
614 2026 766 2069 principi
791 2024 1015 2059 tenebrarum
1041 2035 1100 2067 se,
1127 2026 1295 2070 quidquid
1317 2028 1477 2071 jitsserit,

88 2089 241 2125 libenter
265 2089 453 2131 facturum,
488 2089 671 2124 dummodo
701 2091 775 2134 ipse
801 2089 871 2123 sibi
894 2088 1060 2133 impleat,
1092 2100 1182 2134 quae
1209 2092 1390 2135 promittit.
1438 2092 1481 2127 Et

87 2154 170 2190 ille:
198 2165 282 2190 ecce
307 2165 461 2201 pergens
487 2157 522 2189 in
547 2155 684 2189 domum
708 2159 801 2188 tuam
828 2154 890 2187 tali
914 2154 992 2188 loco
1019 2156 1181 2199 requiras
1215 2160 1250 2190 et
1273 2156 1401 2191 ibidem
1427 2162 1480 2192 tot

87 2221 167 2255 auri
190 2225 226 2256 et
247 2222 388 2267 argenti
413 2220 590 2266 pondera,
617 2225 670 2254 tot
693 2219 830 2265 lapides
856 2221 1032 2264 pretiosos
1058 2222 1227 2263 invenies,
1256 2222 1340 2256 mihi
1367 2228 1479 2259 autem

89 2284 156 2319 hoc
180 2285 315 2328 facias,
341 2289 379 2320 ut
403 2286 467 2320 tali
493 2285 550 2321 die
575 2286 642 2320 huc
666 2296 809 2320 uxorem
833 2290 928 2320 tuam
953 2286 1000 2320 ad
1025 2296 1077 2321 me
1103 2286 1270 2323 adducas,
1319 2288 1392 2322 Sub
1417 2290 1480 2323 tali

90 2350 325 2395 promissione
357 2351 456 2385 mites
490 2351 536 2385 ad
569 2351 705 2386 domum
738 2353 929 2386 revertitur
965 2355 1000 2386 et
1032 2353 1068 2385 in
1096 2352 1196 2393 loco,
1234 2352 1278 2387 de
1310 2364 1378 2398 quo
1411 2354 1481 2388 sibi

91 2414 252 2457 dixerat,
280 2424 452 2460 quaerens
482 2418 598 2450 omnia
624 2419 779 2461 reperit,
820 2427 909 2462 quae
936 2417 1123 2462 praedixit.
1173 2417 1270 2457 Quae
1299 2420 1480 2454 inveniens

90 2490 172 2515 mox
195 2480 280 2514 emit
304 2479 458 2524 palatia,
485 2480 637 2527 largitur
662 2481 774 2524 dona,
801 2481 943 2516 redimit
970 2481 1109 2524 fundos,
1136 2487 1317 2527 comparat
1343 2494 1480 2525 servos,

92 2546 397 2590 appropinquante
432 2556 516 2580 vero
555 2545 612 2581 die
644 2550 776 2580 statuta
810 2557 953 2581 uxorem
986 2556 1083 2581 suam
1119 2550 1256 2582 vocavit
1300 2553 1334 2584 et
1375 2550 1481 2585 dixit:

94 2620 218 2656 equum
243 2611 489 2654 conscendite,
527 2613 611 2656 quia
634 2611 753 2656 aliquo
780 2610 922 2657 longius
948 2622 1077 2647 mecum
1103 2624 1254 2659 pergere
1286 2625 1348 2649 vos
1373 2626 1480 2660 opor-

93 2679 154 2711 tet.
203 2676 249 2711 At
287 2675 350 2710 illa
382 2680 532 2713 tremens
567 2687 608 2712 ac
643 2687 775 2722 pavens
812 2680 846 2712 et
878 2678 1122 2723 viririinpcrio
1145 2679 1388 2716 contradicere
1415 2691 1481 2717 nou

1157 2745 1202 2779 33
