1742 3005
282 112 363 152 578
430 113 526 162 Cap.
557 111 744 149 CXXVII.
806 111 865 147 De
895 110 1034 146 sanctis
1066 108 1271 146 Saviniano
1303 114 1340 145 et
1373 106 1527 145 Savina.

284 229 369 253 mam
398 217 540 251 veniens
568 213 612 247 ab
638 212 792 247 Eusebio
819 222 913 257 papa
937 212 1137 257 baptIzatur
1164 215 1198 246 et
1234 212 1322 247 duos
1355 221 1480 247 caecos
1518 210 1676 256 duosque

283 286 481 318 contractos
514 289 643 314 sanans
677 279 706 314 V
737 280 838 312 annis
873 277 919 311 ibi
948 278 1150 322 permansit.
1201 276 1263 310 Cui
1291 277 1476 311 dormienti
1501 286 1676 321 apparens

282 348 433 394 angelus
460 345 565 380 dixit:
600 345 753 385 Sarma,
791 344 873 389 quid
902 347 976 385 est,
1015 342 1108 388 quod
1137 342 1246 379 sacis,
1281 346 1318 376 ut
1342 346 1420 376 tuas
1447 342 1588 376 divitias
1616 341 1676 376 de—

283 423 406 448 serens
424 422 512 446 nune
530 413 638 457 igitur
665 413 698 444 in
725 410 862 444 deliciis
888 408 943 442 hic
965 409 1146 452 epuleris?
1173 418 1280 453 surge
1305 412 1339 442 et
1366 407 1454 442 vade
1481 410 1513 441 in
1540 408 1675 443 Trecas

282 481 481 518 civitatem,
513 482 550 511 ut
584 477 724 511 fratrem
760 480 853 509 tuum
887 475 1015 509 ibidem
1054 475 1225 509 invenias.
1274 473 1370 508 Dixit
1406 483 1491 518 ergo
1526 472 1676 507 famulae

284 555 392 580 suae:
417 555 486 578 non
512 547 652 587 oportet
677 553 740 575 nos
765 541 823 575 hio
849 541 998 586 amplius
1025 540 1199 574 habitare.
1248 539 1292 574 Et
1318 539 1398 573 illa:
1423 538 1582 580 domina,
1609 549 1677 583 quo

284 612 338 645 vis
364 611 441 645 ire?
489 608 577 643 Ecce
604 618 724 642 omnes
750 607 852 642 valde
885 611 919 641 te
952 607 1113 652 diligunt,
1141 609 1174 640 et
1202 609 1237 639 tu
1261 615 1412 650 peregre
1437 606 1525 638 mori
1549 604 1677 648 cupis?

284 677 327 711 Et
362 676 437 709 illa:
470 675 565 709 Deus
599 673 700 707 nobis
731 672 945 717 providebit.
993 671 1038 706 Et
1077 673 1252 716 accipiens
1287 681 1411 716 panem
1444 670 1676 704 hordeaceum

285 744 319 776 in
343 742 463 775 urbem
487 739 685 774 Ravennam
711 738 853 772 devenit
878 739 1092 782 veniensque
1116 738 1160 771 ad
1187 738 1322 771 domum
1344 736 1525 781 cujusdam
1547 735 1678 777 divitis,

283 809 383 853 cujus
410 806 482 840 filia
506 805 608 849 quasi
634 808 769 837 mortua
794 803 1054 848 plangebatur,
1088 813 1126 837 se
1160 803 1288 837 ibidem
1316 813 1337 836 a
1368 802 1497 836 famula
1523 801 1677 845 hospitio

284 874 395 917 recipi
420 869 633 916 postulabat.
685 869 780 908 Quae
805 869 873 902 ait:
907 856 1047 902 domina
1074 878 1173 909 mea,
1212 867 1385 912 quomodo
1419 867 1477 900 hic
1504 867 1678 910 hospitari

285 939 396 979 vales,
419 947 494 971 cum
511 936 583 969 lilia
600 934 761 969 dominae
779 944 877 968 meae
894 935 1063 967 moriatur
1080 938 1114 968 et
1129 944 1247 968 omnes
1263 944 1300 967 se
1321 934 1477 978 graviter
1491 931 1678 977 affligant?

284 1004 360 1038 Non
386 1006 532 1048 propter
556 1011 630 1041 me,
667 1001 801 1044 inquit,
839 1001 1015 1033 morietur.
1065 999 1201 1033 Intrans
1238 1000 1347 1044 igitur
1380 998 1514 1032 domum
1544 1007 1678 1031 manum

285 1070 424 1115 puellae
450 1065 684 1111 apprehendit
708 1069 742 1100 et
768 1075 887 1099 sanam
915 1066 1024 1109 ipsam
1051 1067 1175 1105 erexit,
1206 1069 1238 1099 et
1265 1075 1339 1099 eum
1365 1064 1494 1099 vellent
1519 1074 1594 1098 eam
1622 1074 1677 1097 re-

284 1137 417 1175 tinere,
450 1132 649 1166 nullatenus
684 1132 872 1175 acquievit.
922 1130 1004 1164 Cum
1039 1141 1125 1176 ergo
1154 1131 1257 1175 juxta
1291 1130 1424 1165 Trecas
1459 1130 1503 1164 ad
1529 1129 1678 1164 milliare

285 1201 452 1239 venisset,
479 1197 567 1231 dixit
583 1196 734 1230 famulae
751 1205 848 1237 Suae,
874 1200 910 1229 ut
925 1196 1063 1240 paulum
1082 1201 1324 1240 repausarent.
1373 1195 1415 1230 Et
1434 1206 1515 1230 eece
1532 1197 1584 1229 vir
1600 1195 1677 1239 qui—

285 1265 364 1299 dam
390 1263 520 1298 nobilis
547 1261 708 1296 Licerius
738 1261 780 1295 de
808 1262 951 1295 civitate
971 1263 1115 1295 veniens
1142 1261 1230 1295 dixit
1256 1264 1306 1295 ei:
1336 1262 1426 1297 unde
1453 1263 1566 1296 estis?
1616 1260 1677 1294 Cui

284 1331 435 1365 Savina:
462 1328 540 1362 hine
557 1338 631 1362 sum
649 1328 692 1362 de
709 1328 778 1361 ista
805 1328 958 1361 civitate.
1007 1326 1050 1360 Et
1067 1327 1143 1361 ille:
1171 1337 1230 1360 cur
1245 1329 1414 1370 mentiris,
1442 1338 1515 1361 eum
1534 1326 1677 1371 loquela

284 1395 418 1430 indicat
442 1398 477 1428 te
496 1404 577 1428 esse
599 1394 854 1439 peregrinam?
902 1391 944 1427 Et
964 1393 1044 1426 illa:
1066 1393 1217 1435 domine,
1248 1404 1328 1428 vere
1346 1394 1536 1439 peregrina
1555 1404 1627 1426 sum
1645 1396 1677 1426 et

283 1462 427 1496 fratrem
455 1471 565 1494 meum
592 1460 818 1494 savinianum
846 1458 905 1492 diu
932 1459 1102 1503 perditum
1130 1460 1285 1504 requiro.
1337 1459 1399 1493 Cui
1427 1461 1496 1493 ait:
1527 1460 1580 1491 vir
1604 1458 1676 1499 ille,

284 1537 384 1572 quem
412 1527 574 1571 quaeris,
604 1529 684 1560 ante
713 1525 889 1570 paululum
916 1536 978 1570 pro
1006 1525 1145 1559 Christo
1175 1524 1370 1559 decollatus
1404 1529 1458 1560 est
1492 1530 1525 1560 et
1557 1527 1589 1559 in
1616 1525 1677 1559 tali

281 1593 362 1627 loco
390 1591 563 1635 sepultus.
611 1591 712 1625 Tunc
746 1601 784 1625 se
820 1596 1048 1635 prosternens
1075 1593 1107 1624 in
1135 1593 1294 1624 oratione
1321 1592 1387 1624 ait:
1426 1591 1583 1632 domine.
1619 1592 1677 1636 qui

282 1668 335 1692 me
372 1666 510 1700 semper
540 1657 575 1689 in
608 1658 771 1690 castitate
805 1659 954 1690 servasti
974 1685 981 1698 ‚
1019 1668 1085 1690 non
1114 1659 1296 1701 permittas
1326 1668 1377 1692 me
1403 1658 1552 1701 amplius
1580 1657 1676 1691 duris

283 1724 467 1758 itineribus
505 1722 649 1767 fatigari
685 1726 745 1755 aut
780 1732 907 1766 corpus
945 1733 1052 1757 meum
1088 1722 1233 1756 deloco
1262 1724 1330 1756 isto
1358 1723 1503 1757 ulterius
1530 1725 1674 1763 moveri,

282 1788 483 1823 commendo
518 1788 582 1822 tibi
615 1788 777 1821 famulam
813 1798 940 1829 meam,
986 1798 1076 1833 quae
1122 1793 1267 1832 propter
1302 1799 1354 1823 me
1381 1793 1478 1823 tauta
1511 1791 1676 1823 sustinuit

281 1854 495 1898 fratremque
530 1864 661 1894 meum,
703 1864 802 1898 quem
838 1853 893 1886 hic
919 1854 1037 1887 videre
1073 1864 1139 1886 non
1167 1855 1282 1896 potui,
1333 1854 1406 1895 sac,
1442 1859 1479 1887 nt
1502 1856 1535 1887 in
1563 1864 1672 1898 regno

279 1923 340 1952 tuo
372 1918 492 1952 videre
526 1928 672 1951 merear.
721 1917 836 1950 Finita
868 1922 981 1951 autem
1017 1918 1175 1951 oratione
1209 1919 1374 1963 migravit
1405 1919 1448 1952 ad
1486 1919 1670 1953 dominum.

281 1983 381 2023 Quod
414 1983 535 2017 videns
574 1983 650 2027 ejus
687 1982 816 2017 famula
852 1984 969 2026 coepit
1002 1982 1103 2023 llere,
1145 1984 1227 2027 quia
1257 1984 1302 2016 ad
1337 1985 1574 2028 sepeliendum
1610 1996 1670 2019 ne*

278 2050 437 2083 cessaria
463 2059 530 2082 non
558 2048 722 2082 habebat.
772 2048 977 2082 Praedictus
1003 2052 1116 2081 autem
1151 2049 1202 2081 vir
1228 2059 1433 2092 praeconem
1460 2061 1521 2094 per
1546 2052 1671 2084 civita-

277 2119 344 2150 tem
367 2117 471 2157 misit,
495 2119 532 2149 ut
555 2113 713 2147 homines
733 2113 776 2147 ad
792 2108 1029 2158 sepeliendum
1052 2114 1228 2147 mulierem
1256 2117 1476 2160 peregrinam
1504 2117 1671 2150 venirent.

278 2181 344 2220 Qui
372 2181 551 2215 venientes
580 2178 769 2214 honorilice
795 2190 869 2214 eam
891 2179 1116 2223 sepelierunt.
1166 2179 1238 2214 llao
1258 2192 1395 2225 quoque
1421 2181 1476 2216 die
1494 2181 1528 2214 fit
1547 2181 1670 2216 festum

278 2250 420 2280 sanctae
461 2245 637 2287 Sabinae,
679 2255 769 2289 quae
812 2245 877 2278 suit
919 2256 1007 2279 uxor
1047 2245 1222 2280 Valentini
1257 2246 1398 2289 militis,
1448 2257 1558 2291 quae,
1595 2258 1669 2281 eum

277 2311 387 2346 nollet
413 2309 634 2353 sacrificare,
661 2311 725 2345 sub
754 2310 910 2345 Adriano
941 2312 1153 2355 imperatore
1179 2311 1356 2346 decollata
1381 2316 1445 2346 est.
