1742 3005
263 102 343 142 812
403 104 499 151 Cap.
532 99 720 136 CLXXX.
780 99 839 135 De
870 98 1008 134 sanctis
1039 98 1214 134 ssarlaam
1247 106 1284 135 et
1313 99 1510 148 Josaphat.

262 207 337 240 Diis
364 214 427 248 pro
452 205 530 236 ortu
556 202 655 246 pueri
681 200 918 243 immolarent,
948 200 1179 245 ยน)sexaginta
1204 201 1405 245 astrologos
1432 201 1647 239 convocarit,

262 280 282 302 a
309 270 446 313 quibus,
472 266 552 312 quid
582 266 729 300 futurum
756 270 850 300 esset
871 266 940 299 lilio
961 276 1036 308 suo,
1066 265 1255 311 diligenter
1277 267 1460 310 quaesivit.
1510 266 1648 300 (lunctis

264 338 376 367 autem
404 331 711 376 respondentibus,
741 342 814 366 euni
843 341 1001 377 magnum
1031 333 1064 365 in
1091 332 1248 376 potentia
1274 335 1307 365 et
1335 329 1466 365 divitiis
1488 330 1647 366 futurum,

262 409 350 432 unus
378 398 573 442 sapientior
601 407 642 431 ex
668 398 755 441 ipsis
783 397 889 431 dixit:
915 408 1001 442 puer
1028 398 1107 439 iste,
1134 397 1191 441 qui
1218 399 1319 430 natus
1348 399 1402 430 est
1425 395 1501 437 tibi,
1529 407 1549 429 o
1575 407 1649 437 rex,

263 474 331 497 non
363 465 397 497 in
428 468 488 497 tuo
525 464 591 497 erit
623 473 754 509 regno,
793 462 854 497 sed
882 464 914 496 in
942 462 1011 496 alio
1040 461 1361 506 incomparabiliter
1387 461 1541 503 meliori,
1573 471 1649 495 nam

264 529 379 571 illius,
412 538 511 574 quam
540 530 784 574 persequeris,
819 528 1033 562 christianae
1060 528 1262 573 religionis,
1297 531 1333 562 ut
1358 529 1524 569 aestimo,
1561 527 1651 561 sutu-

264 605 322 628 rus
351 599 405 628 est
428 595 550 628 cultor.
600 594 670 628 Hoc
695 599 807 629 autem
834 605 901 628 non
927 603 948 627 a
973 597 1083 628 semet
1108 595 1198 638 ipso,
1227 592 1289 627 sed
1320 603 1340 628 a
1366 594 1438 628 Deo
1461 594 1652 637 inspirante

266 659 366 696 dixit.
415 659 572 694 Audiens
599 659 663 693 hoc
691 670 752 694 rex
779 664 813 694 et
846 659 1025 704 plurimum
1053 668 1290 703 expavescens
1325 661 1358 692 in
1385 660 1527 694 civitate
1551 668 1651 693 seor-

265 735 338 758 sum
366 725 532 769 palatium
559 726 855 768 speciosissimum
882 726 1034 758 construi
1062 724 1142 758 fecit
1175 728 1209 758 et
1235 723 1283 758 ihi
1311 735 1452 770 puerum
1478 725 1521 759 ad
1550 724 1651 758 habi-

264 790 405 824 tandum
434 791 552 835 posuit
576 789 694 835 ibique
721 800 834 824 secum
857 790 1006 835 juvenes
1033 788 1284 833 pulcherrimos
1311 791 1515 833 collocavit,
1547 801 1652 835 prae-

264 857 398 901 cipiens
434 855 526 899 illis,
561 861 598 890 ut
632 866 696 891 nee
729 858 871 890 mortem
907 865 970 890 nec
1006 858 1218 889 senectutem
1252 865 1317 890 nec
1341 854 1572 890 infirmitatem
1600 857 1651 891 vel

265 925 507 966 paupertatem
543 932 607 956 nec
641 921 797 967 aliquid,
835 921 928 967 quod
960 923 1082 965 posset
1116 919 1184 954 sibi
1217 920 1345 956 afferre
1378 921 1578 963 tristitiam,
1622 923 1654 957 ei

266 988 494 1029 nominarent,
521 987 582 1022 sed
610 989 725 1021 omnia
747 986 904 1032 jucunda
929 988 960 1021 ei
986 989 1234 1031 proponerent,
1262 990 1434 1032 quatenus
1460 998 1555 1022 mens
1578 989 1654 1033 ejus

267 1054 411 1087 laetitiis
451 1056 621 1097 occupata
659 1052 706 1086 nil
749 1052 791 1087 de
833 1052 958 1086 suturis
992 1054 1151 1098 cogitare
1185 1057 1320 1097 posset.
1368 1053 1404 1088 Si
1439 1064 1538 1099 quem
1572 1064 1654 1089 vero

267 1119 532 1152 ministrantium
560 1117 724 1151 infirmari
750 1119 989 1164 contingeret,
1024 1118 1113 1152 hunc
1143 1120 1302 1163 protinus
1329 1130 1388 1154 rex
1414 1120 1655 1165 praecipiebat

268 1185 348 1230 ejici
383 1187 417 1218 et
448 1183 552 1218 alium
587 1184 664 1219 loeo
700 1185 776 1229 ejus
814 1183 1017 1218 incolumem
1052 1184 1258 1229 subrogari,
1301 1186 1573 1230 praecepitque,
1614 1196 1655 1220 ne

269 1250 337 1284 sibi
365 1249 408 1284 de
434 1249 574 1285 Christo
600 1250 749 1295 aliquam
780 1250 938 1284 facerent
965 1251 1184 1284 mentionem.
1233 1249 1363 1284 Eodem
1396 1255 1554 1295 tempore
1580 1255 1656 1286 erat

269 1328 343 1351 cum
370 1327 454 1362 rege
483 1317 534 1350 vir
559 1315 697 1361 quidam
723 1316 1057 1358 christianissimus,
1093 1315 1155 1350 sed
1183 1315 1360 1357 occultus,
1393 1317 1451 1361 qui
1476 1318 1566 1352 inter
1590 1326 1654 1350 no-

267 1382 357 1417 biles
395 1384 490 1429 regis
522 1383 699 1427 principes
738 1383 869 1427 primus
904 1385 992 1417 erat.
1040 1381 1100 1415 llic
1133 1391 1207 1415 cum
1241 1381 1430 1427 aliquando
1468 1392 1541 1416 cum
1569 1393 1656 1428 rege

268 1447 312 1482 ad
340 1448 531 1483 venandum
558 1449 701 1490 ivisset,
725 1447 907 1482 hominem
941 1446 1111 1492 quendam
1142 1457 1350 1492 pauperem,
1377 1447 1498 1493 pedem
1524 1447 1655 1483 laesum

267 1523 289 1547 a
321 1514 436 1548 bestia
471 1514 654 1549 habentem
688 1518 722 1548 et
753 1515 785 1548 iu
819 1518 915 1548 terra
944 1515 1140 1558 Jacentem,
1175 1514 1327 1557 invenit,
1359 1524 1380 1548 a
1408 1525 1475 1560 quo
1497 1517 1655 1560 rogatur,

268 1583 306 1613 ut
332 1590 371 1614 se
396 1581 575 1624 suscipere
604 1580 743 1622 debeat,
771 1582 851 1626 quia
872 1580 940 1614 sibi
963 1581 997 1613 in
1020 1579 1137 1624 aliquo
1159 1579 1307 1614 forsitan
1328 1579 1499 1624 prodesse
1522 1584 1655 1625 posset.

269 1645 333 1679 Cui
359 1645 457 1679 miles
484 1645 588 1680 dixit:
621 1656 688 1692 ego
715 1646 852 1691 quidem
878 1650 913 1680 te
938 1646 1089 1680 libenter
1113 1647 1291 1691 suscipio,
1319 1646 1382 1681 sed
1409 1648 1442 1680 in
1468 1657 1535 1691 quo
1560 1646 1655 1680 utilis

269 1711 470 1751 inveniaris,
497 1713 634 1757 ignoro.
683 1710 726 1745 Et
754 1712 812 1746 ille
839 1711 945 1745 dixit:
971 1722 1039 1757 ego
1065 1711 1166 1745 homo
1189 1711 1342 1746 medicus
1361 1723 1433 1746 sum
1453 1711 1656 1754 verborum3

268 1776 298 1808 si
332 1778 420 1810 enim
453 1776 581 1822 aliquis
617 1778 650 1811 in
689 1777 806 1812 verbis
839 1776 1022 1819 laedatur,
1057 1788 1246 1823 congruam
1280 1780 1354 1812 seio
1388 1777 1559 1812 adhibere
1584 1787 1654 1812 me-

269 1839 394 1875 delam.
441 1841 547 1876 Miles
582 1847 716 1885 autem,
759 1844 851 1887 quod
886 1844 946 1878 ille
981 1843 1137 1884 dicebat,
1184 1854 1247 1887 pro
1286 1844 1396 1877 nihilo
1430 1844 1654 1887 computavit,

269 1909 413 1949 propter
438 1905 544 1940 Deum
571 1912 683 1943 tamen
710 1910 821 1953 ipsum
850 1911 1046 1952 suscipiens
1072 1908 1149 1952 ejus
1176 1917 1290 1941 curam
1315 1910 1398 1954 egit.
1449 1900 1522 1942 Viri
1542 1912 1654 1943 autem

269 1970 407 2014 (puidam
435 1972 542 2005 invidi
570 1977 603 2007 et
627 1974 792 2007 malitiosi
823 1973 1000 2015 videntes,
1036 1973 1251 2017 praedictum
1285 1975 1474 2018 principem
1501 1975 1535 2007 in
1559 1978 1656 2007 tauta

267 2039 384 2082 gratia
409 2049 488 2073 esse
514 2040 628 2083 regis,
665 2040 774 2082 ipsum
809 2039 901 2089 apud
929 2050 1046 2084 regem
1074 2043 1346 2082 accusaverunt,
1383 2039 1474 2085 quod
1503 2049 1569 2073 non
1594 2049 1653 2073 so-

269 2103 335 2137 lum
361 2104 404 2138 ad
430 2104 699 2138 christianorum
727 2104 826 2138 iidem
856 2104 1091 2147 declinasset,
1120 2104 1183 2139 sed
1211 2106 1355 2149 insuper
1380 2115 1523 2151 regnum
1548 2114 1654 2138 cona-

268 2169 372 2203 batur
407 2170 475 2204 sihi
510 2171 688 2214 surripere
724 2170 859 2204 turbam
896 2170 1091 2204 sollicitans
1119 2174 1153 2205 et
1177 2169 1245 2204 sibi
1275 2170 1477 2205 concilians.
1527 2170 1596 2205 Sed
1626 2172 1654 2205 si

269 2235 356 2276 hoc,
395 2237 572 2280 inquiunt,
607 2237 656 2269 ita
691 2246 788 2277 esse,
826 2247 846 2270 o
880 2247 960 2277 rex,
998 2238 1088 2270 scire
1122 2236 1324 2279 desideras,
1370 2237 1480 2280 ipsum
1517 2241 1655 2271 secreto

268 2301 403 2334 advoca
428 2305 462 2334 et
488 2302 590 2335 vitam
617 2300 708 2335 hanc
735 2303 803 2335 cito
831 2300 1013 2336 finiendam
1042 2312 1272 2336 commemora
1298 2306 1331 2336 et
1356 2302 1487 2336 idcirco
1505 2302 1654 2348 gloriam

269 2368 367 2412 regni
396 2370 428 2400 te
454 2366 542 2400 velle
569 2366 812 2412 derelinquere
838 2371 872 2402 et
899 2367 1141 2402 monachorum
1169 2367 1322 2402 habitum
1349 2378 1528 2403 assumere
1556 2378 1654 2402 asse-

271 2442 347 2473 ras,
381 2442 468 2477 quos
503 2435 615 2465 tamen
652 2434 857 2477 ignoranter
891 2432 1058 2467 hactenus
1094 2434 1212 2467 fueras
1244 2439 1472 2478 persecutus,
1508 2439 1543 2469 et
1574 2439 1654 2468 tune

269 2497 417 2539 videbis,
446 2497 527 2542 quid
554 2498 616 2530 tibi
644 2499 874 2541 responderit.
924 2499 1023 2539 Quod
1049 2510 1122 2533 cum
1152 2510 1211 2533 rex
1239 2501 1366 2543 omnia,
1394 2505 1429 2535 ut
1455 2501 1503 2534 illi
1531 2508 1653 2533 suase-

270 2568 367 2603 rant,
399 2564 564 2606 fecisset,
590 2564 648 2598 ille
675 2563 743 2597 doli
774 2566 917 2609 ignarus
943 2566 1106 2609 perfusus
1133 2566 1294 2611 lacrymis
1319 2568 1532 2611 propositum
1558 2567 1654 2610 regis

338 2707 363 2737 1)
383 2706 438 2731 Alii
461 2708 573 2739 ltgtlnl.
596 2710 888 2743 quin-1i1.ฮฮgint.ฮ
916 2720 1097 2744 quinque.
