1742 3005
251 87 347 137 Cap.
378 85 587 123 LXXXlX.
656 86 714 125 De
748 93 877 124 sancto
908 86 1020 125 Petro
1052 87 1239 138 apostolo,
1362 87 1444 127 879

52 195 141 228 inter
158 194 236 237 ipsa
254 190 322 226 duo
342 191 525 226 luminaria
543 196 622 226 ante
644 192 721 237 ejiis
746 191 872 227 lectum
889 194 1101 228 constitisse.
1149 193 1244 233 Quae
1263 204 1306 229 ex
1326 204 1445 229 amore

52 268 191 293 sumens
219 257 402 292 audaciam
429 257 619 292 exsultavit
644 262 679 292 et
705 257 815 292 dixit:
846 258 929 303 quid
957 263 1020 301 est,
1050 258 1187 294 domine
1212 261 1335 295 meus?
1382 260 1444 294 Di-

53 325 161 358 missa
191 328 271 358 sunt
304 323 386 358 milii
412 329 559 368 peccata
584 325 690 359 mea?
738 322 801 358 Cui
836 323 897 358 ille
930 324 1183 369 benignissimo
1217 325 1311 360 vultu
1344 326 1445 360 incli-

52 394 134 424 nato
160 391 276 434 capite
309 390 430 424 annuit
462 389 602 424 diceus:
629 388 786 424 dimissa.
825 389 924 424 Veni.
972 388 1015 423 Et
1039 389 1121 423 illa:
1151 401 1258 436 rogo,
1284 395 1322 425 ut
1346 401 1448 426 soror

52 455 241 490 benedicta
274 465 404 489 mecum
438 458 566 491 veniat.
614 455 658 490 Et
691 456 770 490 ille:
813 465 900 496 non,
937 454 1020 489 licet
1051 454 1133 488 talis
1170 457 1287 489 veniat
1321 461 1446 491 tecum.

54 520 154 561 Quod
181 520 243 555 illa
265 520 471 555 abbatissae
496 521 655 555 indicans
690 520 747 554 die
786 521 893 554 tertia
918 530 992 554 cum
1018 519 1080 553 illa
1105 519 1274 555 defuncta
1299 525 1363 556 est.
1411 520 1448 556 In

55 586 178 621 eodem
213 587 357 630 insuper
390 586 483 620 libro
510 585 705 631 Gregorius
740 585 842 628 dicit,
878 585 970 630 quod
997 585 1076 619 dum
1104 584 1283 630 presbiter
1307 586 1449 632 quidam

55 662 204 698 magnae
230 652 427 686 sanctitatis
454 650 498 685 ad
526 655 681 686 extrema
707 651 878 686 deductus
907 655 1020 693 esset,
1057 660 1131 685 cum
1157 652 1451 697 magnajaetitia

57 719 208 753 clamare
230 718 348 762 coepit
373 716 516 751 dicens:
543 717 635 752 hene
660 719 802 753 veniunt
826 717 957 752 domini
983 718 1070 759 inei,
1106 716 1195 752 bene
1220 719 1362 752 veniunt
1387 717 1450 752 do-

55 784 139 818 mini
168 784 256 826 mei,
294 783 387 828 quod
423 783 468 818 ad
504 783 678 817 tantillum
711 794 848 818 servum
881 785 991 817 virum
1028 783 1165 829 dignati
1197 785 1284 818 estis
1319 785 1449 818 venire.

55 849 180 891 Venio,
201 851 319 885 venio:
338 851 474 895 gratias
492 859 575 895 ago,
595 851 731 894 gratias
743 859 824 895 ago.
853 850 1020 894 Cumque,
1033 851 1090 894 qui
1103 849 1302 891 adstabant,
1322 849 1451 894 quibus

56 915 147 950 haec
173 914 318 958 diceret,
351 916 623 961 interrogarent,
644 916 704 950 ille
723 915 926 949 admirando
955 914 1155 960 respondit:
1181 915 1347 961 numquid
1366 925 1451 949 con-

58 983 199 1017 venisse
218 981 284 1016 huc
304 985 444 1016 sanctos
464 981 647 1025 apostolos
660 981 795 1016 Petrum
809 981 1077 1016 etPaulumnon
1089 981 1243 1015 videtis?
1271 980 1353 1015 Cum
1368 991 1451 1016 vero

58 1049 182 1083 iterum
217 1051 255 1082 ut
285 1049 382 1092 prius
420 1051 616 1092 repeteret,
655 1052 779 1082 saneta
811 1047 873 1082 illa
903 1048 1019 1082 anima
1058 1058 1076 1082 e
1110 1057 1214 1082 carne
1244 1047 1361 1081 soluta
1386 1051 1451 1082 est.

58 1113 246 1148 Dubitatur
267 1118 381 1148 autem
405 1112 450 1147 ab
479 1113 679 1159 aliquibus,
714 1117 827 1147 utrum
862 1113 983 1147 eadem
1018 1113 1075 1148 die
1103 1113 1226 1148 Petrus
1257 1117 1291 1147 et
1324 1112 1453 1147 Paulus

58 1180 157 1224 passi
181 1181 262 1214 sint.
309 1179 481 1214 Dixerunt
505 1183 618 1214 autem
646 1179 799 1225 quidam,
826 1180 920 1225 quod
946 1179 1068 1214 eadem
1094 1179 1150 1214 die
1171 1179 1330 1214 revoluto
1347 1188 1452 1222 anno,

59 1244 123 1280 sed
148 1245 376 1291 Hieronymus
403 1249 437 1281 et
463 1256 582 1281 omnes
609 1245 685 1280 sere
713 1247 844 1288 sancti,
876 1247 934 1290 qui
960 1245 1003 1280 de
1028 1245 1096 1280 hoc
1118 1249 1290 1288 tractant,
1326 1246 1360 1279 in
1385 1244 1454 1279 hoc

62 1310 306 1354 concordants
334 1311 427 1358 quod
461 1311 582 1346 eodem
617 1311 674 1346 die
707 1315 740 1346 et
766 1321 857 1345 anno
886 1313 984 1356 passi
1013 1316 1111 1354 sunt,
1145 1313 1236 1345 sicut
1269 1311 1455 1346 manifeste

62 1378 166 1412 etiam
192 1376 344 1411 habetur
369 1387 413 1412 ex
438 1377 595 1421 epistola
620 1376 780 1422 Dionysii
816 1382 850 1412 et
877 1379 966 1412 sicut
992 1377 1077 1412 dicit
1101 1377 1174 1412 Leo
1201 1377 1254 1411 vel
1279 1376 1455 1412 Maximus

63 1442 252 1477 secundum
279 1442 449 1488 quosdam
471 1443 505 1476 in
532 1442 682 1488 quodam
706 1452 885 1487 sermone,
911 1444 971 1478 ubi
996 1445 1049 1478 sic
1076 1444 1144 1477 ait:
1170 1453 1237 1476 non
1265 1444 1354 1477 enim
1380 1444 1457 1477 sine

65 1517 175 1542 causa
205 1507 334 1543 sactum
366 1514 548 1555 putamus,
585 1507 679 1555 quod
713 1519 781 1543 una
819 1509 875 1544 die
908 1511 944 1543 in
974 1520 1042 1543 uno
1080 1509 1157 1543 loco
1191 1510 1292 1542 unius
1318 1510 1456 1552 tyranni

63 1573 264 1609 toleravere
290 1577 510 1610 sententiam.
557 1575 594 1610 In
618 1585 688 1610 uno
713 1574 770 1609 die
794 1571 891 1619 p'assi
917 1579 1019 1617 sunt,
1056 1579 1094 1609 ut
1119 1574 1164 1609 ad
1192 1574 1366 1609 Christum
1392 1584 1455 1619 pa-

64 1641 151 1674 riter
174 1642 419 1685 pervenirent,
447 1652 514 1676 uno
538 1642 635 1683 loco,
662 1651 709 1676 ne
730 1641 834 1676 alteri
857 1641 966 1676 Roma
991 1640 1155 1683 deesset;
1191 1641 1255 1675 sub
1281 1651 1350 1674 uno
1376 1650 1457 1685 per-

64 1710 239 1749 secutore,
263 1711 300 1741 ut
323 1707 482 1753 aequalis
509 1706 704 1742 erudelitas
729 1711 913 1753 utrumque
939 1708 1208 1753 constringeret.
1256 1706 1341 1740 Dies
1370 1716 1458 1751 ergo

65 1782 129 1816 pro
154 1774 299 1815 merim,
324 1773 424 1816 locus
449 1777 564 1808 autem
590 1784 654 1819 pro
683 1773 821 1820 gloria,
847 1777 1055 1818 persecutor
1079 1777 1192 1808 autem
1217 1772 1308 1807 idem
1335 1772 1459 1807 decre—

64 1842 122 1872 tus
149 1842 204 1873 est
226 1849 291 1884 pro
318 1840 458 1875 virtute.
506 1838 602 1875 Haec
633 1839 719 1875 Leo.
768 1840 872 1875 Licet
906 1843 1022 1874 autem
1057 1838 1179 1874 cadem
1213 1838 1271 1874 die
1304 1843 1338 1873 et
1372 1838 1461 1873 hora

66 1905 169 1949 passi
195 1905 282 1948 sint,
313 1915 382 1939 non
407 1909 523 1941 tamen
551 1906 673 1941 eodem
697 1906 790 1948 loco,
828 1905 892 1941 sed
927 1907 963 1940 in
988 1905 1165 1940 diversis:
1192 1910 1227 1940 et
1251 1905 1345 1951 quod
1373 1905 1461 1939 dixit

65 1969 161 2011 Leo,
188 1970 282 2015 quod
307 1970 430 2006 eodem
455 1971 535 2006 loco
562 1973 661 2017 passi
688 1976 787 2014 sunt,
824 1971 892 2006 hoc
932 1970 1018 2006 dicit
1051 1982 1094 2006 ex
1133 1981 1196 2015 eo,
1229 1971 1323 2017 quod
1357 1971 1460 2006 ambo

67 2034 198 2070 Romae
222 2037 322 2081 passi
347 2036 502 2084 fuerunt..
544 2037 597 2072 De
623 2037 688 2072 hoc
714 2037 854 2082 quidam
883 2038 935 2071 sic
961 2037 1123 2072 versibus
1151 2037 1258 2071 dixit:

284 2100 377 2136 Ense
400 2106 591 2137 coronatur
616 2102 768 2145 Paulus,
797 2113 901 2137 cruce
928 2102 1073 2145 Petrus,
1100 2102 1224 2136 eodem

285 2157 357 2192 Sub
385 2158 495 2202 duce,
519 2158 619 2202 luce,
644 2158 742 2202 loco,
769 2158 838 2193 dux
862 2157 978 2200 Nero,
1003 2157 1113 2193 Roma
1137 2157 1248 2192 locus.

67 2220 153 2257 Item
181 2222 292 2258 alius:

201 2286 295 2324 Ense
320 2295 438 2326 sacrat
462 2290 606 2326 Paulum
632 2301 698 2336 par
720 2290 799 2334 lux,
826 2289 916 2333 dux,
942 2289 1026 2325 urbs
1052 2300 1156 2326 cruce
1182 2289 1333 2325 Petrum.

69 2354 172 2389 Licet
201 2358 316 2389 autem
348 2356 469 2391 eadem
501 2356 558 2392 die
590 2358 689 2402 passi
722 2356 870 2398 suerint,
902 2356 1080 2391 ordinavit
1108 2361 1224 2391 tamen
1261 2355 1467 2401 Gregorius,

71 2424 109 2454 ut
134 2421 214 2465 ipsa
239 2419 296 2456 die
322 2421 512 2466 specialius
537 2421 656 2465 fleret,
683 2433 751 2467 quo
780 2422 827 2457 ad
852 2422 1018 2465 officium,
1047 2421 1266 2456 sollemnitas
1291 2410 1408 2463 Petri,
1435 2424 1471 2455 et

71 2487 108 2520 in
134 2487 296 2532 sequenti
319 2486 377 2522 die
406 2489 686 2522 commemoratio
712 2487 832 2530 Pauli,
867 2490 937 2521 tum
964 2488 1046 2532 quia
1071 2496 1114 2521 ea
1140 2486 1198 2521 die
1224 2486 1290 2521 suit
1308 2485 1472 2522 dedicata

74 2552 226 2588 ccclesia
250 2554 364 2591 saneti
388 2552 502 2594 Petri,
528 2556 599 2586 tum
624 2552 707 2597 quia
730 2554 845 2598 maj0r
869 2556 925 2587 est
950 2551 1137 2598 dignitate,
1164 2556 1234 2587 tuin
1261 2553 1345 2599 quia
1372 2553 1471 2598 prior

76 2620 327 2661 conversione,
356 2622 426 2654 tum
451 2619 534 2665 quia
557 2618 740 2664 primatum
765 2618 877 2652 tenuit
901 2616 1041 2654 Romae.
