1742 3005
274 65 355 106 384
539 66 635 117 Cap.
667 66 747 102 XC.
805 66 863 104 De
895 72 1025 105 sancto
1056 66 1176 105 Paulo
1209 67 1396 118 apostolo,

274 175 325 208 sic
352 172 452 206 dicit:
480 173 514 205 iu
540 170 628 205 hora
654 172 768 203 autem
792 168 855 203 illa
879 170 1047 204 tristitiae
1071 169 1196 215 plena,
1224 170 1335 206 frater
1361 172 1407 205 mi
1433 170 1581 213 dilecte,
1607 170 1662 205 di-

277 243 376 273 cente
408 235 570 271 carnifice
595 234 724 270 Paulo:
759 234 884 269 collum
910 244 1016 279 para,
1041 239 1124 270 tunc
1148 230 1274 271 beatus
1297 238 1480 282 apostolus
1505 237 1666 282 suspexit

276 306 309 338 in
337 303 492 344 eoelum,
527 303 684 335 muniens
713 299 859 335 frontem
894 304 928 334 et
951 304 1073 345 pectus
1098 311 1196 335 suum
1226 303 1328 347 signo
1353 305 1467 337 crucis
1495 307 1530 338 et
1556 302 1663 336 dixit:

276 369 413 403 domine
437 369 495 410 mi,
521 366 607 403 Jesu
632 366 783 409 Christe,
811 367 845 400 in
869 376 990 400 manus
1016 370 1095 400 tuas
1122 366 1322 401 commendo
1347 369 1505 411 spiritum
1530 378 1663 409 meum3

275 439 309 469 et
341 439 422 469 tnnc
453 434 588 478 absque
622 433 769 468 tristitia
801 435 835 466 et
864 432 1105 477 compulsione
1145 432 1304 468 extendit
1337 432 1461 466 collum
1492 443 1589 467 suum
1632 438 1666 468 et

274 502 430 545 suscepit
455 508 637 541 coronam,
670 498 888 542 percutiente
921 502 1035 532 autem
1070 498 1232 533 carnifice
1266 502 1301 532 et
1332 502 1532 542 amputante
1565 497 1665 532 Pauli

276 570 402 612 caput,
444 570 524 599 tunc
557 564 781 600 beatissimus
818 563 852 596 in
885 564 963 607 ipso
999 564 1071 598 ictu
1107 563 1275 608 explicuit
1308 564 1421 598 velum
1456 567 1490 597 et
1522 563 1668 609 collegit

275 631 684 678 sanguinem*proprium
720 631 753 663 in
789 628 865 663 velo
898 632 932 663 et
963 629 1089 674 ligavit
1114 639 1189 663 eum
1225 633 1259 663 et
1284 628 1441 663 obvolvit
1465 633 1499 663 et
1522 628 1669 663 tradidit

274 698 326 732 illi
351 699 501 731 feminae
527 701 561 730 et
588 705 730 729 reverso
757 694 856 727 militi
885 693 1041 727 carnifici
1075 694 1162 728 dixit
1191 694 1379 730 Lemobia:
1412 694 1471 729 ubi
1505 695 1668 729 dimisisti

275 765 480 809 magistrum
521 770 632 795 meum
675 758 847 793 Paulum?
916 758 1113 803 Respondit
1153 759 1273 794 miles:
1315 771 1388 794 cum
1433 762 1530 795 socio
1570 762 1668 806 jacet

274 828 324 863 ibi
369 832 468 863 extra
510 826 630 861 urbem
667 826 702 859 in
737 824 830 859 valle
863 823 1018 869 pugilum
1053 827 1087 858 et
1124 824 1201 859 velo
1240 829 1299 859 tuo
1324 825 1442 860 velata
1477 831 1532 860 est
1557 826 1668 860 facies

276 896 365 940 ejus.
413 893 496 938 Ipsa
519 896 634 927 autem
661 890 879 935 respondens
905 890 972 924 ait:
1001 900 1103 932 ecce,
1131 891 1348 925 intraverunt
1371 901 1460 925 nunc
1486 890 1610 925 Petrus
1636 895 1670 926 et

274 961 404 996 Paulus
433 957 546 992 induti
571 961 666 991 veste
690 956 888 1001 praeclara,
925 959 960 990 et
995 966 1144 990 coronas
1178 955 1354 1002 fulgentes
1379 956 1457 991 luce
1491 956 1669 991 radiantes

275 1025 454 1060 habebant
479 1026 513 1057 in
539 1023 714 1067 capitibus
740 1023 833 1063 suis,
869 1025 903 1056 et
938 1021 1083 1067 protulit
1115 1022 1228 1056 velum
1257 1024 1428 1068 sanguine
1454 1027 1669 1057 cruentatum

277 1097 311 1127 ct
344 1090 553 1125 monstravit
584 1089 647 1121 iis:
682 1091 826 1132 propter
859 1087 952 1132 quod
985 1098 1073 1132 opus
1099 1087 1196 1122 multi
1223 1088 1446 1122 crediderunt
1471 1088 1609 1122 domino
1637 1091 1671 1122 et

275 1156 460 1192 christiani
494 1154 578 1188 facti
609 1157 701 1188 sunt.
750 1152 844 1187 Haec
874 1152 1073 1198 Dionysius.
1120 1153 1276 1188 Audiens
1311 1153 1423 1195 Nero,
1459 1153 1552 1199 quod
1584 1164 1669 1189 con—

275 1224 428 1268 tigerat,
463 1218 687 1254 veliementer
718 1219 876 1253 extimuit
906 1223 941 1253 et
973 1218 1016 1253 de
1056 1218 1109 1252 his
1143 1220 1302 1253 omnibus
1335 1229 1409 1253 cuin
1445 1218 1669 1264 philosophis

278 1292 313 1323 et
337 1287 457 1321 amicis
485 1285 582 1330 loqui
608 1285 735 1329 coepit.
783 1283 870 1318 Dum
895 1283 982 1319 haee
1002 1285 1148 1319 invicem
1168 1284 1408 1329 loquerentur,
1432 1285 1669 1320 venitPaulus

272 1356 393 1401 januis
423 1352 552 1387 clausis
579 1355 614 1385 et
638 1353 718 1384 ante
745 1349 932 1385 Caesarem
957 1354 1054 1384 stans
1080 1351 1147 1384 ait:
1173 1350 1324 1392 Caesar,
1352 1360 1434 1385 ecoe
1458 1349 1588 1384 Paulus
1614 1361 1670 1385 re-

275 1422 332 1467 gis
366 1419 501 1454 aeterni
534 1421 570 1452 et
596 1417 715 1450 invicti
739 1416 859 1458 miles,
892 1415 948 1450 vel
980 1425 1067 1450 nunc
1094 1415 1219 1458 crede,
1254 1417 1337 1461 quia
1367 1427 1436 1450 non
1468 1426 1543 1450 sum
1577 1426 1672 1450 mor-

275 1490 376 1527 tuus,
411 1484 475 1519 sed
510 1484 628 1526 vivus,
672 1485 707 1517 et
738 1486 775 1515 tu
809 1482 916 1516 miser
947 1486 1091 1516 aeterna
1123 1485 1234 1516 morte
1266 1483 1449 1525 morieris,
1491 1492 1532 1517 eo
1576 1481 1670 1527 quod

277 1554 420 1586 sanctos
449 1549 513 1584 Dei
537 1549 665 1593 injuste
690 1548 869 1582 interficis.
917 1545 961 1582 Et
986 1546 1042 1582 his
1069 1547 1172 1582 dictis
1207 1547 1390 1592 disparuit.
1437 1547 1531 1583 Nero
1557 1552 1671 1583 autem

278 1628 321 1653 ex
354 1617 459 1651 nimio
491 1616 616 1649 timore
651 1612 746 1647 velut
779 1623 898 1648 amens
923 1613 1090 1656 effeetus,
1124 1613 1207 1659 quid
1232 1618 1376 1659 ageret,
1415 1614 1604 1660 ignorabat
1638 1618 1673 1648 et

277 1693 385 1718 suasu
420 1685 455 1716 et
486 1678 635 1714 consilio
669 1680 857 1713 amicorum
883 1678 1079 1714 Patroclum
1106 1684 1140 1714 et
1166 1679 1362 1713 Barnabam
1390 1689 1464 1714 cum
1491 1679 1571 1714 aliis
1598 1678 1670 1713 sol-

278 1750 328 1784 vit
347 1752 392 1789 et,
419 1757 487 1792 quo
507 1745 647 1785 vellent,
671 1743 783 1778 libere
802 1743 900 1778 abire
925 1745 1095 1788 permisit.
1144 1744 1199 1778 llli
1221 1755 1304 1779 vero
1323 1745 1464 1787 milites,
1487 1745 1670 1790 Longinus

277 1814 446 1859 magister
479 1812 622 1845 militum
658 1814 692 1844 et
724 1809 894 1844 Accestus
930 1808 975 1842 ad
1001 1808 1224 1853 sepulchrum
1249 1808 1349 1843 Pauli
1376 1819 1476 1844 mane
1504 1813 1673 1843 venerunt

277 1883 313 1914 et
343 1879 431 1913 duos
456 1878 570 1918 viros,
597 1875 733 1910 scilicet
759 1874 883 1919 Tytum
908 1877 942 1910 et
967 1875 1097 1909 Lucam
1124 1878 1264 1909 orantes
1291 1878 1326 1909 ot
1351 1876 1385 1908 in
1412 1885 1529 1909 eorum
1554 1874 1670 1910 medio

276 1944 419 1979 Paulum
445 1946 594 1976 stantem
618 1940 797 1982 viderunt,
824 1951 912 1985 quos
933 1940 1043 1985 Tytus
1072 1945 1106 1975 et
1129 1939 1244 1973 Lucas
1271 1939 1428 1974 videntes
1447 1939 1672 1974 veliementer

276 2010 391 2044 territi
416 2009 540 2054 sugere
561 2009 751 2051 coeperunnt
771 2010 805 2041 et
827 2005 957 2040 Paulus
983 2005 1166 2050 disparuit.
1189 2005 1245 2039 llli
1271 2009 1385 2039 autem
1411 2010 1493 2050 post
1516 2016 1578 2040 eos
1597 2005 1671 2040 cla-

278 2079 413 2109 mantes
440 2073 621 2108 dicebant:
655 2082 743 2114 non,
778 2075 816 2105 ut
849 2063 998 2116 putatis,
1033 2082 1094 2106 vos
1128 2073 1389 2117 persequimur,
1424 2071 1486 2106 sed
1517 2081 1538 2105 a
1570 2072 1670 2106 vobis

277 2139 454 2185 baptizari
479 2138 656 2179 volumus,
691 2138 780 2171 sicut
805 2136 933 2171 Paulus
959 2137 1062 2171 nobis
1087 2137 1194 2179 dixit,
1229 2148 1328 2183 quem
1364 2136 1465 2171 modo
1493 2135 1669 2170 vobiscum

279 2209 435 2248 orantem
469 2203 629 2238 vidimus.
677 2202 747 2237 lloc
781 2202 833 2236 illi
865 2202 1048 2238 audientes
1091 2204 1222 2237 reversi
1255 2206 1335 2236 sunt
1369 2206 1404 2237 et
1433 2213 1508 2237 cuin
1543 2212 1669 2248 magno

279 2268 411 2316 gaudio
447 2278 508 2302 eos
543 2267 819 2312 baptizaverunt.
869 2268 982 2314 Caput
1012 2272 1126 2302 autem
1158 2267 1257 2302 Pauli
1289 2269 1322 2301 in
1349 2267 1520 2313 quandam
1545 2267 1669 2302 vallem

278 2336 472 2381 proiectum
508 2337 561 2368 est
594 2337 627 2368 et
660 2343 745 2378 prae
778 2333 996 2368 multitudine
1028 2333 1196 2375 aliorum,
1231 2334 1289 2378 qui
1324 2333 1499 2368 interfecti
1532 2333 1670 2368 suerunt

281 2405 316 2436 ct
346 2400 427 2434 illuc
459 2399 632 2444 projecti,
677 2400 824 2434 inveniri
859 2409 926 2433 non
960 2400 1084 2444 potuit.
1132 2399 1280 2445 Legitur
1319 2403 1432 2433 autem
1473 2400 1507 2433 in
1549 2397 1667 2432 eadem

280 2465 434 2511 epistola
466 2464 642 2509 Dionysii,
686 2465 779 2511 quod
815 2475 889 2500 cum
923 2464 1071 2510 quadam
1104 2466 1179 2500 vice
1214 2464 1318 2499 fovea
1350 2464 1589 2504 mundaretur,
1635 2466 1669 2496 et

247 2554 259 2564 .
282 2535 387 2574 caput
420 2530 505 2564 illud
531 2530 631 2565 Pauli
656 2540 730 2564 cum
756 2530 836 2565 aliis
862 2531 1101 2576 purgamentis
1126 2530 1319 2575 projectum
1347 2529 1490 2569 suisset,
1527 2526 1667 2572 quidam

282 2598 404 2637 pastor
428 2594 512 2629 illud
540 2597 574 2630 in
600 2597 701 2643 virga
726 2607 790 2631 sua
813 2596 943 2631 levavit
966 2600 1001 2631 et
1020 2596 1123 2641 juxta
1146 2595 1266 2630 caulas
1298 2595 1410 2628 ovium
1438 2591 1521 2627 fixit.
1572 2593 1669 2628 vidit

283 2663 396 2694 autem
421 2671 483 2703 per
505 2665 578 2696 tres
604 2666 726 2698 noctes
754 2663 937 2697 continuas
970 2663 1047 2706 ipse
1080 2671 1153 2696 cum
1179 2660 1316 2694 domino
1342 2668 1405 2693 suo
1435 2669 1539 2703 snper
1563 2668 1666 2704 prae-
