1742 3005
303 130 385 169 574
443 131 540 179 Cap.
561 127 713 164 CXXV.
773 128 829 163 De
861 127 1114 166 decollatione
1142 131 1259 166 sancti
1283 130 1468 168 Johannis
1493 132 1692 181 baptistae.

303 240 393 271 sicut
418 235 461 268 ‹le
487 232 672 278 Aegyptiis
697 231 730 265 in
756 233 842 265 mari
871 231 975 266 rubro
1002 233 1218 277 praefocatis
1244 233 1387 268 dicitur:
1423 233 1608 269 devoravit
1633 245 1695 269 eos

301 306 407 335 terra.
459 298 590 337 Quarto
614 301 761 342 propter
789 296 892 343 digiti
918 298 1032 342 ipsius
1056 298 1321 333 translationem
1356 304 1390 334 et
1425 300 1596 335 ecclesiae
1633 300 1695 334 de-

303 366 528 400 dicationem.
576 363 715 409 Digitus
744 364 831 397 enim
859 373 962 405 suus⁷
996 374 1064 408 quo
1093 363 1267 398 dominum
1295 364 1471 407 ostendit,
1507 371 1544 400 ut
1570 367 1692 408 fertur,

299 430 455 466 comburi
479 440 548 463 non
574 433 725 473 poterat.
773 428 870 463 Unde
895 430 972 473 ipse
999 429 1130 475 digitus
1167 440 1188 463 a
1221 430 1411 474 praedictis
1436 430 1615 465 monachis
1641 436 1696 467 est

301 500 482 542 repertus,
529 506 627 540 quem
669 495 906 539 postmodum,
949 501 985 529 ut
1018 495 1169 530 habetur
1204 497 1238 530 in
1272 495 1431 540 hystoria
1467 496 1693 539 scholastica,

300 567 424 597 sancta
456 561 591 596 Thecla
624 563 715 595 intra
751 561 859 605 Alpes
894 561 1019 595 detulit
1052 565 1086 596 et
1117 563 1152 595 in
1188 562 1341 597 ecclesia
1367 564 1479 596 sancti
1507 562 1694 605 ¹)Maximi

298 629 496 662 collocavit.
546 627 619 661 Hoc
644 629 746 660 etiam
771 630 922 661 testatur
945 627 1125 662 Johannos
1149 627 1272 662 Beleth
1299 627 1436 670 (licens,
1464 628 1557 673 quod
1587 638 1693 672 prae-

303 694 398 727 dicta
430 697 553 726 sancta
591 692 726 726 Thecla
760 694 872 736 ipsum
901 693 1066 738 digitum,
1100 695 1158 738 qui
1185 693 1340 727 comburi
1373 705 1443 728 non
1468 695 1600 739 potuit,
1634 693 1696 728 de-

298 759 391 793 ultra
417 757 576 802 partibus
603 758 745 791 marinis
774 758 807 790 in
824 756 1069 791 Normanniam
1092 759 1209 792 attulit
1228 763 1261 793 et
1288 760 1336 792 ibi
1363 760 1396 793 in
1423 760 1556 794 honore
1582 760 1696 793 sancti

297 825 470 861 Johannis
507 824 691 858 ecclesiam
726 822 932 863 fabricavit,
971 833 1071 867 quam
1107 823 1310 866 ecclesiam,
1353 829 1391 858 ut
1433 825 1560 859 ibidem
1598 825 1694 867 dicit,

299 891 439 936 quidam
474 889 539 923 hac
575 889 630 923 die
667 888 864 923 dedicatam
903 888 1015 922 fuisse
1042 894 1216 923 asserunt.
1266 889 1363 924 Unde
1390 899 1411 923 a
1436 890 1574 924 (lomino
1602 901 1695 935 papa

299 961 464 992 statutum
493 955 577 997 suit,
612 958 649 988 ut
673 953 761 988 haec
794 953 868 988 (lies
902 965 967 999 per
989 958 1098 988 totum
1125 955 1285 989 mundum
1313 955 1465 989 celebris
1490 955 1693 990 haberetur.

299 1044 340 1049 .-
367 1041 408 1049 -
430 1041 474 1047 --
507 1024 553 1057 2.
581 1020 680 1065 Apud
713 1017 974 1063 ²)Mariennam
1007 1020 1127 1054 urhem
1156 1019 1293 1055 Galliae
1326 1025 1485 1055 matrona
1523 1021 1695 1067 quaedam

296 1088 449 1123 Johanni
481 1086 660 1130 baptistae
693 1085 795 1120 valde
831 1085 957 1119 devota
983 1085 1089 1120 Deum
1125 1087 1312 1120 instantius
1339 1087 1530 1130 exorabat,
1564 1091 1601 1122 ut
1626 1087 1695 1121 sibi

298 1154 340 1188 de
384 1152 545 1196 reliquiis
580 1150 753 1186 Johannis
796 1150 987 1195 aliquando
1023 1151 1215 1186 donaretur
1249 1152 1397 1197 aliquid.
1454 1154 1536 1188 Cum
1579 1157 1693 1188 autem

298 1218 434 1253 orando
470 1216 557 1251 nihil
586 1216 756 1261 prolicere
782 1226 820 1250 se
846 1216 1000 1258 videret,
1036 1221 1148 1250 sumta
1174 1217 1217 1252 de
1242 1218 1316 1253 Deo
1346 1218 1474 1252 fiducia
1494 1220 1694 1263 juramento

298 1296 337 1320 se
363 1284 573 1325 adstrinxit,
601 1282 695 1328 quod
721 1282 892 1329 hactenus
919 1293 985 1316 non
1013 1283 1235 1326 comederet,
1263 1284 1385 1326 donec,
1414 1284 1507 1329 quod
1536 1285 1691 1329 petebat,

298 1353 489 1396 acciperet.
540 1350 622 1384 Cum
648 1353 762 1383 autem
790 1348 915 1383 diebus
940 1348 1117 1393 aliquibus
1139 1350 1360 1394 jejunasset,
1396 1350 1559 1394 pollicem
1587 1360 1694 1394 super

298 1418 411 1452 altare
437 1418 515 1450 miri
542 1415 707 1450 candoris
737 1414 823 1449 vidit
851 1418 884 1449 et
909 1415 975 1449 Dei
1004 1415 1130 1448 donum
1157 1415 1253 1449 laeta
1279 1416 1452 1459 suscepit,
1478 1419 1551 1449 tres
1578 1419 1692 1450 autem

298 1484 459 1528 episcopi
479 1483 562 1516 illuc
581 1486 817 1523 accurrentes,
844 1491 919 1514 cum
948 1480 1096 1526 quilibet
1122 1481 1165 1515 de
1191 1481 1250 1515 illo
1278 1481 1406 1525 pollice
1428 1484 1560 1525 partem
1587 1481 1694 1516 vellet

298 1551 478 1593 accipere,
505 1553 577 1582 tres
603 1549 787 1593 sanguinis
812 1551 931 1593 guttas
964 1546 1099 1581 stillare
1124 1546 1282 1581 videntes
1311 1548 1344 1581 in
1370 1547 1478 1581 linteo
1507 1548 1691 1592 supposito

297 1617 506 1658 stupuerunt
541 1618 574 1646 et
611 1613 743 1658 singuli
776 1613 936 1659 singulas
970 1623 1008 1647 se
1042 1614 1212 1647 meruisse
1246 1613 1371 1648 laetati
1395 1618 1485 1647 sunt.
1511 1633 1555 1638 —-
1581 1633 1622 1639 —
1651 1632 1691 1638 --

297 1685 341 1718 3.
369 1678 594 1714 Theodolina
628 1679 752 1722 regina
785 1678 1064 1713 Lombardorum
1098 1679 1294 1714 Medoenac
1325 1680 1429 1724 juxta
1452 1679 1690 1714 Mediolanum

297 1746 448 1780 nobilem
483 1744 666 1778 ecelesiam
700 1745 735 1776 in
766 1742 899 1777 honore
933 1746 1045 1778 saneti
1076 1744 1248 1779 Johannis
1282 1746 1461 1789 baptistae
1496 1746 1693 1779 construxit

297 1816 331 1847 et
367 1812 501 1845 ditavit.
559 1809 777 1844 Procedente
810 1813 986 1853 tempore,
1026 1813 1063 1843 ut
1100 1813 1251 1843 testatur
1285 1810 1415 1844 Paulus
1458 1813 1492 1844 in
1532 1810 1690 1854 hystoria

295 1876 632 1922 Longobardorum,
669 1875 938 1917 Constantinus,
975 1876 1033 1919 qui
1062 1879 1095 1908 ct
1120 1875 1292 1909 Constans
1320 1876 1528 1919 imperator,
1567 1875 1688 1909 volens

294 1942 430 1976 Italiam
457 1952 477 1976 a
502 1940 712 1975 Lombardis
742 1941 901 1985 eripere,
937 1950 957 1974 a
984 1940 1132 1985 quodam
1160 1945 1281 1974 sancto
1308 1942 1405 1982 vire,
1441 1942 1500 1985 qui
1527 1942 1687 1984 spiritum

296 2007 503 2053 prophetiae
536 2007 678 2048 habuit,
721 2006 763 2041 de
799 2008 893 2040 exitu
928 2006 1011 2040 belli
1049 2007 1236 2051 quaesivit.
1297 2006 1363 2044 Qui
1398 2011 1501 2040 nocte
1536 2008 1689 2040 orationi

295 2084 425 2107 vacans
463 2083 562 2107 mane
597 2072 798 2117 respondit:
841 2071 992 2113 Johanni
1034 2071 1219 2105 ecclesiam
1263 2072 1389 2115 regina
1427 2074 1621 2105 construxit
1655 2076 1690 2107 et

295 2141 372 2183 ipse
398 2150 460 2183 pro
488 2138 697 2172 Lomhardis
723 2139 886 2172 continue
908 2136 1092 2172 intercedit
1111 2140 1144 2171 et
1160 2137 1240 2170 ideo
1259 2138 1419 2181 superari
1439 2148 1507 2171 non
1528 2141 1688 2181 possunt,

296 2205 414 2239 veniet
447 2208 559 2238 tamen
592 2208 748 2248 tempus,
785 2214 853 2249 quo
884 2204 984 2237 locus
1018 2203 1076 2238 ille
1104 2203 1327 2247 despicietur,
1363 2206 1398 2236 et
1423 2206 1504 2236 tunc
1538 2213 1686 2247 supera-

296 2269 437 2305 buntur.
487 2269 584 2309 Quod
611 2274 768 2313 tempore
795 2269 911 2303 Caroli
938 2268 1003 2303 suit
1029 2270 1217 2313 impletum.
1242 2287 1287 2291 —
1310 2287 1355 2291 -
1379 2288 1424 2293 ——-
1451 2272 1500 2305 4.
1528 2268 1591 2302 Vir
1612 2270 1688 2314 qui-

297 2335 374 2369 dam
394 2344 542 2380 magnae
559 2335 708 2375 virtutis,
731 2339 767 2368 ut
783 2336 832 2368 ait
849 2333 1042 2380 Gregorius
1061 2336 1095 2368 in
1113 2333 1277 2379 dyalog0‚
1296 2334 1433 2367 nomine
1453 2333 1687 2376 ³)Sanctulns‚

298 2412 373 2435 cum
406 2399 577 2445 (piendam
615 2400 806 2444 dyaconum
841 2410 862 2434 a
894 2399 1146 2446 Longobardis
1184 2404 1320 2445 captum
1361 2400 1395 2432 in
1431 2408 1496 2433 sua
1527 2399 1688 2432 custodia

297 2466 360 2499 tali
387 2466 589 2500 conditione
623 2468 838 2511 recepisset,
872 2469 930 2508 ut,
965 2466 995 2498 si
1029 2465 1187 2511 sugeret,
1223 2467 1298 2510 ipse
1330 2476 1394 2510 pro
1425 2475 1467 2499 eo
1502 2463 1687 2508 capitalem

298 2533 504 2568 sententiam
540 2532 695 2573 subiret,
729 2533 847 2577 coegit
882 2531 1085 2576 praedictus
1118 2531 1304 2566 Sanctulus
1338 2533 1449 2575 ipsum
1482 2529 1685 2573 dyaconum,

368 2655 395 2684 1)
420 2652 473 2678 Ecl.
502 2656 544 2681 l'r.
571 2656 622 2678 Ma
632 2663 644 2678 r
654 2657 663 2678 t
673 2652 681 2678 i
693 2663 709 2678 ιι
721 2652 728 2678 i
755 2661 862 2678 nomen
891 2651 988 2678 nisu—ri.
1092 2652 1121 2683 2)
1147 2651 1222 2677 Atii:
1250 2653 1279 2676 M
1289 2659 1304 2675 a
1315 2659 1331 2674 ιι
1343 2658 1356 2674 r
1366 2648 1373 2674 i
1384 2656 1399 2673 e
1409 2656 1426 2673 ιι
1438 2656 1455 2672 ιι
1466 2655 1516 2672 em
1542 2646 1589 2672 vel
1611 2650 1638 2673 Μ
1648 2657 1662 2673 ιι
1674 2663 1684 2666 -

300 2705 312 2720 r
322 2694 329 2719 i
341 2704 355 2718 (-
366 2705 381 2720 ιι
391 2706 407 2720 ιι
419 2705 472 2722 :1111
502 2697 600 2727 legunt
614 2718 621 2729 ,
650 2697 701 2723 Ed.
728 2700 770 2723 t‘r.
799 2700 826 2722 M
838 2707 851 2721 a
865 2707 890 2722 ιιι
901 2707 914 2720 ι·
924 2706 935 2722 ι·
946 2706 961 2722 υ
971 2706 987 2722 ιι
999 2706 1012 2721 a
1026 2706 1052 2722 ιιι
1079 2695 1174 2721 offert.
1279 2694 1308 2725 3)
1334 2691 1385 2717 Ed·
1406 2694 1448 2718 l'l‘-
1475 2692 1492 2715 S
1502 2700 1516 2716 0
1527 2701 1540 2716 -Ὶ
1552 2701 1568 2717 11
1581 2696 1587 2716 ¹
1601 2701 1616 2717 ιι
1631 2691 1663 2717 ΙΙΙ
1674 2700 1687 2717 S

301 2738 379 2769 legit.
