1742 3005
295 68 375 107 338
490 70 586 120 Cap.
616 67 772 106 LXXV.
829 67 888 106 De
919 74 1049 106 sancto
1081 67 1210 106 Nereo
1242 73 1278 105 et
1310 66 1492 104 Achillem

386 172 582 208 Gordianus
621 171 775 205 vicarius
807 169 938 206 Juliani
969 172 1192 217 imperator'm
1217 180 1292 205 cum
1317 168 1497 216 quemdam
1523 166 1685 203 christia-

295 249 372 274 num
397 238 535 272 nomine
561 235 763 272 Januarium
788 234 833 270 ad
860 234 1124 271 sacrificandum
1151 235 1394 281 compelleret,
1428 233 1472 268 ad
1498 233 1685 279 praedica-

293 306 421 339 tionem
448 306 564 337 tamen
589 302 699 347 ipsius
714 300 874 337 Januarii
898 302 941 336 ad
961 300 1062 336 fidem
1080 311 1153 336 cum
1171 310 1281 335 uxore
1298 310 1374 342 sua,
1395 301 1533 335 nomine
1562 305 1573 322 ¹
1589 299 1687 344 >Ma-

294 371 393 412 ruia,
418 372 453 404 et
478 367 554 402 LIII
578 369 663 402 viris
689 377 878 403 conversus
903 371 968 401 est.
1019 366 1118 407 Quod
1143 365 1288 400 audiens
1311 364 1471 400 Julianus
1493 366 1602 410 jussit
1625 365 1686 400 Ja-

296 436 452 469 nuarium
476 436 511 468 in
535 434 693 469 exsiiium
717 436 817 477 mitti,
848 432 1061 468 Gordianum
1080 443 1176 474 vero,
1205 433 1235 466 si
1253 430 1455 466 sacrificare
1479 430 1601 472 nollet⁷
1630 440 1689 464 ea-

294 502 367 546 pite
398 500 565 535 truncari.
613 500 815 535 Decollatus
859 504 914 535 est
954 500 1064 545 igitur
1095 497 1219 533 beatus
1254 496 1451 532 Gordianus
1491 499 1525 530 et
1562 506 1689 540 eorpus

298 567 374 612 ejus
400 565 446 600 ad
478 576 584 600 canes
617 576 683 611 per
716 565 790 601 VIII
825 565 901 600 dies
928 565 1121 610 projectum
1153 568 1217 598 est.
1266 562 1336 597 Sed
1364 572 1440 596 eum
1467 563 1605 596 omnino
1633 572 1689 595 re-

297 634 484 666 mansisset
515 622 702 674 intactum,
745 630 884 666 tandem
920 640 941 664 a
976 629 1109 664 familia
1142 639 1205 662 sua
1239 630 1374 673 rapitur
1408 631 1441 662 et
1476 638 1550 661 eum
1583 627 1689 681 lieato

297 696 514 742 Rex-macho,
553 706 652 741 quem
687 695 814 730 dudum
848 695 1051 740 praedictus
1084 694 1245 729 Julianus
1282 692 1395 728 occidi
1432 692 1583 735 fecerat,
1621 703 1690 725 non

298 762 404 805 longe
445 760 489 795 ab
529 760 618 797 urbe
662 761 827 796 milliario
873 759 946 795 fere
989 768 1057 793 uno
1089 760 1183 793 cirea
1216 769 1340 794 annum
1375 759 1504 793 domini
1542 757 1689 793 CCCLX

299 826 480 870 sepelitur.

752 1143 879 1207 GAP.
911 1145 1072 1207 LXXV.
1107 1144 1233 1207 (70.)

483 1245 583 1288 De
623 1242 843 1287 sancto
873 1244 1077 1289 Nereo
1108 1245 1175 1289 et
1203 1241 1513 1288 Achilleo.

395 1351 527 1386 Nereus
552 1352 802 1395 interpretatur
826 1350 913 1386 lucis
939 1352 1121 1386 consilium
1144 1352 1199 1387 vel
1224 1351 1358 1387 Nereus
1385 1362 1406 1386 a
1430 1350 1549 1386 nereth
1567 1379 1574 1392 ‚
1602 1351 1695 1396 quod

305 1422 358 1452 est
381 1417 543 1459 lucerna,
580 1420 614 1451 et
649 1427 688 1450 vs
715 1416 908 1459 festinans;
946 1418 999 1452 vel
1025 1418 1161 1452 Nereus
1189 1419 1291 1463 quasi
1316 1429 1379 1459 ne,
1409 1417 1442 1451 Id
1469 1421 1533 1459 est,
1559 1426 1692 1461 nequa—

304 1493 405 1527 quam
429 1493 522 1518 reus.
570 1481 649 1517 Fuit
674 1493 759 1528 ergo
791 1484 972 1518 consilium
997 1484 1085 1518 lucis
1122 1485 1156 1518 in
1182 1485 1397 1529 virginitatis
1419 1481 1694 1528 praedieatione,

303 1548 446 1581 lucerna
466 1548 500 1581 in
523 1548 674 1582 honesta
697 1550 977 1591 conversatione,
1004 1550 1175 1584 festinans
1194 1551 1228 1583 in
1246 1549 1335 1583 coeli
1355 1549 1505 1589 fervore,
1531 1559 1575 1582 ne
1601 1557 1694 1583 reus.

303 1612 338 1647 id
366 1617 430 1654 est,
458 1623 676 1658 nequaquam
703 1625 782 1649 reus
807 1617 840 1648 in
867 1617 1105 1650 conscientiae
1131 1617 1295 1660 puritate.
1344 1614 1523 1649 Achilleus
1545 1614 1588 1647 ab
1605 1613 1695 1653 achi,

306 1678 397 1723 quod
423 1682 477 1713 est
505 1677 614 1712 frater
640 1689 756 1720 meus,
787 1683 820 1713 et
844 1679 931 1721 lesa,
959 1680 1053 1725 quod
1079 1686 1134 1715 est
1161 1681 1268 1723 salus,
1296 1681 1396 1725 quasi
1424 1680 1566 1714 fratrum
1586 1678 1694 1713 salus.

304 1743 431 1777 Horum
456 1745 641 1787 passiones
667 1742 844 1785 Eulhiees,
868 1742 1068 1779 Victorinus
1097 1750 1131 1780 et
1143 1745 1279 1787 Macro,
1309 1746 1445 1788 ²)alias
1461 1745 1576 1787 Maro,
1602 1745 1696 1780 servi

305 1807 434 1841 Christi
460 1809 687 1853 scripserunt.

394 1873 528 1908 Nereus
567 1878 601 1908 et
634 1872 815 1909 Achilleus
841 1874 990 1910 eunuchi
1017 1874 1222 1910 cubi0uIarii
1246 1876 1455 1911 Domieillae
1481 1877 1595 1920 neptiS
1622 1875 1693 1909 Do-

306 1941 437 1973 mitiani
464 1941 685 1984 Imperatoris
712 1939 869 1983 suerunt,
906 1951 994 1986 quos
1025 1940 1149 1975 beatus
1174 1940 1297 1976 Petrus
1327 1942 1508 1986 apostolus
1534 1941 1694 1985 baptiza—

304 2006 365 2039 ·vit.
416 2004 499 2039 Cum
531 2015 616 2050 ergo
655 2005 838 2050 praedicta
870 2005 1054 2041 Domicilla
1081 2006 1272 2041 Aureliano
1309 2006 1380 2040 filio
1407 2006 1560 2041 consulis
1588 2012 1696 2052 nupta

306 2074 402 2104 esset
428 2074 461 2104 et
483 2072 627 2115 gemmis
655 2075 689 2105 et
705 2059 891 2116 purpureis
908 2072 1066 2107 vestibus
1088 2077 1280 2118 tegeretur,
1306 2071 1439 2106 Nereus
1462 2076 1496 2107 et
1514 2071 1694 2107 AehiIleus

306 2135 406 2169 fidem
441 2135 733 2180 praedicaverunt
764 2141 798 2172 et
833 2139 1071 2184 virginitatmn
1106 2138 1345 2182 multiplieiter
1369 2137 1695 2172 commendaverunt

305 2201 532 2236 ostendentes
571 2204 807 2248 virginitatem
843 2203 917 2239 Deo
957 2214 1036 2240 esse
1068 2205 1280 2249 proximam,
1318 2204 1456 2248 angelis
1483 2214 1693 2248 germanam,

305 2265 501 2300 hominibus
526 2268 696 2309 innatam,
732 2279 874 2303 uxorem
902 2271 976 2303 viro
1002 2270 1150 2314 subjici,
1185 2269 1313 2314 pugnis
1340 2273 1372 2302 et
1398 2268 1553 2303 calcibus
1583 2268 1693 2306 caedi,

306 2332 483 2367 deformes
510 2337 632 2377 partus
657 2335 800 2378 saepius
827 2335 1021 2379 procreari,
1049 2345 1182 2376 rursus,
1209 2344 1299 2379 quae
1326 2335 1383 2369 vix
1411 2336 1529 2368 matris
1551 2336 1693 2378 piamo-

305 2398 379 2432 nita
403 2396 620 2440 sustinebat,
654 2402 818 2442 oportere
854 2400 1005 2445 grandia
1040 2402 1198 2435 convicia
1224 2401 1294 2444 pati
1321 2401 1446 2435 mariti.
1494 2398 1559 2434 lua
1581 2403 1692 2433 autem

308 2464 397 2498 iuter
430 2467 572 2499 caetera
596 2463 703 2498 dixit:
739 2465 814 2498 soi0
841 2470 972 2510 patrem
1000 2477 1110 2501 meniu
1136 2466 1246 2501 fuisse
1273 2465 1468 2511 zelotypum
1495 2468 1528 2499 ct
1551 2467 1691 2498 matrem

306 2538 412 2562 meum
440 2528 482 2562 ab
513 2539 553 2563 00
580 2530 737 2564 convitia
762 2529 911 2574 pluriiua
935 2541 1075 2576 passam
1101 2541 1200 2567 esse:
1228 2530 1392 2577 numquid
1417 2531 1469 2566 vir
1491 2539 1587 2563 nicus
1610 2529 1691 2563 taliS

376 2671 400 2702 Ι)
419 2673 538 2701 Rom-nt,
558 2674 698 2703 omittunt
717 2675 886 2705 Mau-iria.
991 2679 1020 2710 2)
1038 2677 1141 2704 Vexbn
1161 2675 1259 2703 alins
1278 2677 1389 2701 Maro
1410 2673 1521 2700 ‹nniuii
1541 2673 1593 2701 Ed.
1614 2677 1657 2701 I'r.
