<?xml version="1.0" encoding="UTF-8"?>
<!DOCTYPE html PUBLIC "-//W3C//DTD XHTML 1.0 Transitional//EN"
    "http://www.w3.org/TR/xhtml1/DTD/xhtml1-transitional.dtd">
<html xmlns="http://www.w3.org/1999/xhtml" xml:lang="en" lang="en">
 <head>
  <title>
</title>
<meta http-equiv="Content-Type" content="text/html;charset=utf-8" />
  <meta name='ocr-system' content='tesseract 3.04.00' />
  <meta name='ocr-capabilities' content='ocr_page ocr_carea ocr_par ocr_line ocrx_word'/>
</head>
<body>
  <div class='ocr_page' id='page_1' title='image "./legendaaureavulg00jacouoft_0776.png"; bbox 0 0 1742 3005; ppageno 0'>
   <div class='ocr_carea' id='block_1_1' title="bbox 301 106 1519 159">
    <p class='ocr_par' dir='ltr' id='par_1_1' title="bbox 301 106 1519 159">
     <span class='ocr_line' id='line_1_1' title="bbox 301 106 1519 159; baseline -0.005 -7"><span class='ocrx_word' id='word_1_1' title='bbox 301 110 384 153; x_wconf 78' lang='lat' dir='ltr'>73ss</span> <span class='ocrx_word' id='word_1_2' title='bbox 471 110 567 159; x_wconf 85' lang='lat' dir='ltr'>Cap.</span> <span class='ocrx_word' id='word_1_3' title='bbox 600 106 770 144; x_wconf 83' lang='lat' dir='ltr'><strong>CLXIII.</strong></span> <span class='ocrx_word' id='word_1_4' title='bbox 812 106 870 143; x_wconf 87' lang='lat' dir='ltr'>De</span> <span class='ocrx_word' id='word_1_5' title='bbox 901 107 1262 146; x_wconf 81' lang='lat' dir='ltr'>commemoratione</span> <span class='ocrx_word' id='word_1_6' title='bbox 1293 108 1519 146; x_wconf 70' lang='lat' dir='ltr'>animarum,</span> 
     </span>
    </p>
   </div>
   <div class='ocr_carea' id='block_1_2' title="bbox 265 209 1695 2749">
    <p class='ocr_par' dir='ltr' id='par_1_2' title="bbox 265 209 1695 2749">
     <span class='ocr_line' id='line_1_2' title="bbox 300 209 1687 258; baseline -0.002 -7"><span class='ocrx_word' id='word_1_7' title='bbox 300 217 567 254; x_wconf 73' lang='lat' dir='ltr'>admoneretur,</span> <span class='ocrx_word' id='word_1_8' title='bbox 606 211 668 245; x_wconf 80' lang='lat' dir='ltr'>illa</span> <span class='ocrx_word' id='word_1_9' title='bbox 701 212 731 245; x_wconf 88' lang='lat' dir='ltr'>ei</span> <span class='ocrx_word' id='word_1_10' title='bbox 768 209 895 244; x_wconf 78' lang='lat' dir='ltr'>factum</span> <span class='ocrx_word' id='word_1_11' title='bbox 921 211 1083 255; x_wconf 86' lang='lat' dir='ltr'>aperiens</span> <span class='ocrx_word' id='word_1_12' title='bbox 1111 210 1210 252; x_wconf 84' lang='lat' dir='ltr'><strong>dixit,</strong></span> <span class='ocrx_word' id='word_1_13' title='bbox 1236 220 1275 245; x_wconf 87' lang='lat' dir='ltr'>se</span> <span class='ocrx_word' id='word_1_14' title='bbox 1300 212 1455 247; x_wconf 83' lang='lat' dir='ltr'>confiteri</span> <span class='ocrx_word' id='word_1_15' title='bbox 1484 223 1553 247; x_wconf 86' lang='lat' dir='ltr'>non</span> <span class='ocrx_word' id='word_1_16' title='bbox 1580 223 1687 258; x_wconf 83' lang='lat' dir='ltr'>posse</span> 
     </span>
     <span class='ocr_line' id='line_1_3' title="bbox 302 275 1686 324; baseline -0.001 -9"><span class='ocrx_word' id='word_1_17' title='bbox 302 292 363 315; x_wconf 86' lang='lat' dir='ltr'>nec</span> <span class='ocrx_word' id='word_1_18' title='bbox 390 278 460 313; x_wconf 87' lang='lat' dir='ltr'>sibi</span> <span class='ocrx_word' id='word_1_19' title='bbox 487 275 622 322; x_wconf 87' lang='lat' dir='ltr'>aliquid</span> <span class='ocrx_word' id='word_1_20' title='bbox 647 275 826 310; x_wconf 78' lang='lat' dir='ltr'>confessio</span> <span class='ocrx_word' id='word_1_21' title='bbox 853 275 997 311; x_wconf 87' lang='lat' dir='ltr'>valeret.</span> <span class='ocrx_word' id='word_1_22' title='bbox 1040 275 1110 311; x_wconf 87' lang='lat' dir='ltr'>Sed</span> <span class='ocrx_word' id='word_1_23' title='bbox 1137 285 1212 309; x_wconf 85' lang='lat' dir='ltr'>cum</span> <span class='ocrx_word' id='word_1_24' title='bbox 1244 275 1305 310; x_wconf 88' lang='lat' dir='ltr'>ille</span> <span class='ocrx_word' id='word_1_25' title='bbox 1340 286 1414 310; x_wconf 90' lang='lat' dir='ltr'>cum</span> <span class='ocrx_word' id='word_1_26' title='bbox 1446 277 1607 324; x_wconf 73' lang='lat' dir='ltr'>lacrymis</span> <span class='ocrx_word' id='word_1_27' title='bbox 1636 280 1686 313; x_wconf 92' lang='lat' dir='ltr'>in-</span> 
     </span>
     <span class='ocr_line' id='line_1_4' title="bbox 300 342 1686 387; baseline -0.001 -7"><span class='ocrx_word' id='word_1_28' title='bbox 300 349 411 380; x_wconf 79' lang='lat' dir='ltr'>staret</span> <span class='ocrx_word' id='word_1_29' title='bbox 447 347 481 378; x_wconf 88' lang='lat' dir='ltr'>et</span> <span class='ocrx_word' id='word_1_30' title='bbox 515 342 766 387; x_wconf 85' lang='lat' dir='ltr'>poenitentiam</span> <span class='ocrx_word' id='word_1_31' title='bbox 799 350 836 375; x_wconf 88' lang='lat' dir='ltr'>se</span> <span class='ocrx_word' id='word_1_32' title='bbox 869 352 932 386; x_wconf 93' lang='lat' dir='ltr'>pro</span> <span class='ocrx_word' id='word_1_33' title='bbox 967 351 1010 376; x_wconf 88' lang='lat' dir='ltr'>ea</span> <span class='ocrx_word' id='word_1_34' title='bbox 1037 342 1205 376; x_wconf 74' lang='lat' dir='ltr'>facturum</span> <span class='ocrx_word' id='word_1_35' title='bbox 1233 342 1470 386; x_wconf 80' lang='lat' dir='ltr'>promitteret,</span> <span class='ocrx_word' id='word_1_36' title='bbox 1507 344 1569 378; x_wconf 86' lang='lat' dir='ltr'>illa</span> <span class='ocrx_word' id='word_1_37' title='bbox 1593 355 1686 378; x_wconf 81' lang='lat' dir='ltr'>com-</span> 
     </span>
     <span class='ocr_line' id='line_1_5' title="bbox 301 405 1688 456; baseline -0.001 -11"><span class='ocrx_word' id='word_1_38' title='bbox 301 414 431 456; x_wconf 88' lang='lat' dir='ltr'>puncta</span> <span class='ocrx_word' id='word_1_39' title='bbox 463 419 527 454; x_wconf 91' lang='lat' dir='ltr'>pro</span> <span class='ocrx_word' id='word_1_40' title='bbox 562 407 747 442; x_wconf 83' lang='lat' dir='ltr'>sacerdote</span> <span class='ocrx_word' id='word_1_41' title='bbox 791 406 896 440; x_wconf 83' lang='lat' dir='ltr'>fllium</span> <span class='ocrx_word' id='word_1_42' title='bbox 935 405 1133 442; x_wconf 83' lang='lat' dir='ltr'>destinavit.</span> <span class='ocrx_word' id='word_1_43' title='bbox 1195 406 1264 442; x_wconf 87' lang='lat' dir='ltr'>Sed</span> <span class='ocrx_word' id='word_1_44' title='bbox 1301 410 1487 452; x_wconf 80' lang='lat' dir='ltr'>antequam</span> <span class='ocrx_word' id='word_1_45' title='bbox 1521 409 1688 444; x_wconf 81' lang='lat' dir='ltr'>sacerdos</span> 
     </span>
     <span class='ocr_line' id='line_1_6' title="bbox 300 472 1689 519; baseline -0.002 -7"><span class='ocrx_word' id='word_1_46' title='bbox 300 478 455 519; x_wconf 86' lang='lat' dir='ltr'>veniret,</span> <span class='ocrx_word' id='word_1_47' title='bbox 491 474 678 509; x_wconf 86' lang='lat' dir='ltr'>daemones</span> <span class='ocrx_word' id='word_1_48' title='bbox 711 472 756 507; x_wconf 90' lang='lat' dir='ltr'>ad</span> <span class='ocrx_word' id='word_1_49' title='bbox 796 482 870 507; x_wconf 84' lang='lat' dir='ltr'>eam</span> <span class='ocrx_word' id='word_1_50' title='bbox 905 474 1098 515; x_wconf 89' lang='lat' dir='ltr'>irruerunt,</span> <span class='ocrx_word' id='word_1_51' title='bbox 1136 483 1281 518; x_wconf 89' lang='lat' dir='ltr'>quorum</span> <span class='ocrx_word' id='word_1_52' title='bbox 1318 474 1440 507; x_wconf 89' lang='lat' dir='ltr'>timore</span> <span class='ocrx_word' id='word_1_53' title='bbox 1475 483 1517 507; x_wconf 86' lang='lat' dir='ltr'>ac</span> <span class='ocrx_word' id='word_1_54' title='bbox 1543 473 1689 510; x_wconf 89' lang='lat' dir='ltr'>horrore</span> 
     </span>
     <span class='ocr_line' id='line_1_7' title="bbox 302 536 1689 588; baseline -0.002 -11"><span class='ocrx_word' id='word_1_55' title='bbox 302 551 472 588; x_wconf 83' lang='lat' dir='ltr'>percussa</span> <span class='ocrx_word' id='word_1_56' title='bbox 505 549 547 575; x_wconf 88' lang='lat' dir='ltr'>ea</span> <span class='ocrx_word' id='word_1_57' title='bbox 581 542 717 573; x_wconf 88' lang='lat' dir='ltr'>mortua</span> <span class='ocrx_word' id='word_1_58' title='bbox 748 542 812 573; x_wconf 91' lang='lat' dir='ltr'>est.</span> <span class='ocrx_word' id='word_1_59' title='bbox 861 536 968 572; x_wconf 81' lang='lat' dir='ltr'>Filius</span> <span class='ocrx_word' id='word_1_60' title='bbox 1001 548 1084 572; x_wconf 90' lang='lat' dir='ltr'>suus</span> <span class='ocrx_word' id='word_1_61' title='bbox 1112 541 1146 573; x_wconf 91' lang='lat' dir='ltr'>et</span> <span class='ocrx_word' id='word_1_62' title='bbox 1170 542 1350 583; x_wconf 88' lang='lat' dir='ltr'>peccatum</span> <span class='ocrx_word' id='word_1_63' title='bbox 1377 540 1497 573; x_wconf 86' lang='lat' dir='ltr'>matris</span> <span class='ocrx_word' id='word_1_64' title='bbox 1522 538 1689 574; x_wconf 80' lang='lat' dir='ltr'>confitens</span> 
     </span>
     <span class='ocr_line' id='line_1_8' title="bbox 301 603 1691 652; baseline -0.002 -10"><span class='ocrx_word' id='word_1_65' title='bbox 301 612 336 643; x_wconf 87' lang='lat' dir='ltr'>et</span> <span class='ocrx_word' id='word_1_66' title='bbox 369 607 617 652; x_wconf 84' lang='lat' dir='ltr'>poenitentiam</span> <span class='ocrx_word' id='word_1_67' title='bbox 643 608 846 650; x_wconf 84' lang='lat' dir='ltr'>septennem</span> <span class='ocrx_word' id='word_1_68' title='bbox 888 603 1021 638; x_wconf 85' lang='lat' dir='ltr'>faciens</span> <span class='ocrx_word' id='word_1_69' title='bbox 1054 604 1133 648; x_wconf 90' lang='lat' dir='ltr'>ipsa</span> <span class='ocrx_word' id='word_1_70' title='bbox 1166 604 1340 649; x_wconf 86' lang='lat' dir='ltr'>completa</span> <span class='ocrx_word' id='word_1_71' title='bbox 1366 604 1451 638; x_wconf 89' lang='lat' dir='ltr'>vidit</span> <span class='ocrx_word' id='word_1_72' title='bbox 1482 608 1623 639; x_wconf 87' lang='lat' dir='ltr'>matrem</span> <span class='ocrx_word' id='word_1_73' title='bbox 1658 607 1691 640; x_wconf 91' lang='lat' dir='ltr'>ei</span> 
     </span>
     <span class='ocr_line' id='line_1_9' title="bbox 304 668 1690 715; baseline -0.001 -8"><span class='ocrx_word' id='word_1_74' title='bbox 304 673 347 707; x_wconf 85' lang='lat' dir='ltr'>de</span> <span class='ocrx_word' id='word_1_75' title='bbox 378 682 443 706; x_wconf 86' lang='lat' dir='ltr'>sua</span> <span class='ocrx_word' id='word_1_76' title='bbox 476 670 688 704; x_wconf 81' lang='lat' dir='ltr'>liberatione</span> <span class='ocrx_word' id='word_1_77' title='bbox 728 671 863 715; x_wconf 80' lang='lat' dir='ltr'>gratias</span> <span class='ocrx_word' id='word_1_78' title='bbox 896 669 1116 704; x_wconf 80' lang='lat' dir='ltr'>referentem.</span> <span class='ocrx_word' id='word_1_79' title='bbox 1176 668 1301 704; x_wconf 88' lang='lat' dir='ltr'>Valent</span> <span class='ocrx_word' id='word_1_80' title='bbox 1340 672 1444 704; x_wconf 82' lang='lat' dir='ltr'>etiam</span> <span class='ocrx_word' id='word_1_81' title='bbox 1485 671 1530 705; x_wconf 88' lang='lat' dir='ltr'>iis</span> <span class='ocrx_word' id='word_1_82' title='bbox 1576 670 1690 705; x_wconf 87' lang='lat' dir='ltr'>indul-</span> 
     </span>
     <span class='ocr_line' id='line_1_10' title="bbox 302 734 1689 784; baseline 0 -13"><span class='ocrx_word' id='word_1_83' title='bbox 302 739 445 784; x_wconf 83' lang='lat' dir='ltr'>gentiae</span> <span class='ocrx_word' id='word_1_84' title='bbox 480 736 663 770; x_wconf 88' lang='lat' dir='ltr'>ecclesiae.</span> <span class='ocrx_word' id='word_1_85' title='bbox 712 734 809 769; x_wconf 85' lang='lat' dir='ltr'>Unde</span> <span class='ocrx_word' id='word_1_86' title='bbox 851 744 924 768; x_wconf 86' lang='lat' dir='ltr'>cum</span> <span class='ocrx_word' id='word_1_87' title='bbox 969 734 1108 779; x_wconf 87' lang='lat' dir='ltr'>quidam</span> <span class='ocrx_word' id='word_1_88' title='bbox 1150 735 1369 779; x_wconf 83' lang='lat' dir='ltr'>apostolicae</span> <span class='ocrx_word' id='word_1_89' title='bbox 1413 736 1508 771; x_wconf 78' lang='lat' dir='ltr'>sedis</span> <span class='ocrx_word' id='word_1_90' title='bbox 1552 737 1689 783; x_wconf 82' lang='lat' dir='ltr'>legatus</span> 
     </span>
     <span class='ocr_line' id='line_1_11' title="bbox 303 799 1690 849; baseline 0 -12"><span class='ocrx_word' id='word_1_91' title='bbox 303 802 473 849; x_wconf 81' lang='lat' dir='ltr'>quendam</span> <span class='ocrx_word' id='word_1_92' title='bbox 498 805 675 835; x_wconf 86' lang='lat' dir='ltr'>strenuum</span> <span class='ocrx_word' id='word_1_93' title='bbox 703 804 859 845; x_wconf 79' lang='lat' dir='ltr'>rogaret,</span> <span class='ocrx_word' id='word_1_94' title='bbox 884 803 920 833; x_wconf 92' lang='lat' dir='ltr'>ut</span> <span class='ocrx_word' id='word_1_95' title='bbox 946 801 979 833; x_wconf 90' lang='lat' dir='ltr'>in</span> <span class='ocrx_word' id='word_1_96' title='bbox 1004 804 1099 833; x_wconf 86' lang='lat' dir='ltr'>terra</span> <span class='ocrx_word' id='word_1_97' title='bbox 1125 799 1285 835; x_wconf 88' lang='lat' dir='ltr'>Albiensi</span> <span class='ocrx_word' id='word_1_98' title='bbox 1315 802 1348 835; x_wconf 94' lang='lat' dir='ltr'>in</span> <span class='ocrx_word' id='word_1_99' title='bbox 1376 803 1556 837; x_wconf 86' lang='lat' dir='ltr'>servitium</span> <span class='ocrx_word' id='word_1_100' title='bbox 1579 802 1690 837; x_wconf 84' lang='lat' dir='ltr'>ecele-</span> 
     </span>
     <span class='ocr_line' id='line_1_12' title="bbox 302 865 1690 911; baseline -0.001 -8"><span class='ocrx_word' id='word_1_101' title='bbox 302 871 378 903; x_wconf 85' lang='lat' dir='ltr'>siae</span> <span class='ocrx_word' id='word_1_102' title='bbox 405 867 591 908; x_wconf 82' lang='lat' dir='ltr'>militaret,</span> <span class='ocrx_word' id='word_1_103' title='bbox 619 866 712 900; x_wconf 85' lang='lat' dir='ltr'>sacta</span> <span class='ocrx_word' id='word_1_104' title='bbox 740 865 960 911; x_wconf 82' lang='lat' dir='ltr'>indulgentia</span> <span class='ocrx_word' id='word_1_105' title='bbox 983 866 1072 910; x_wconf 88' lang='lat' dir='ltr'>patri</span> <span class='ocrx_word' id='word_1_106' title='bbox 1096 875 1158 899; x_wconf 90' lang='lat' dir='ltr'>suo</span> <span class='ocrx_word' id='word_1_107' title='bbox 1181 865 1344 900; x_wconf 84' lang='lat' dir='ltr'>defuncto</span> <span class='ocrx_word' id='word_1_108' title='bbox 1365 877 1428 911; x_wconf 85' lang='lat' dir='ltr'>per</span> <span class='ocrx_word' id='word_1_109' title='bbox 1445 877 1546 900; x_wconf 87' lang='lat' dir='ltr'>unam</span> <span class='ocrx_word' id='word_1_110' title='bbox 1563 867 1690 902; x_wconf 87' lang='lat' dir='ltr'>ibidem</span> 
     </span>
     <span class='ocr_line' id='line_1_13' title="bbox 303 931 1688 980; baseline -0.002 -11"><span class='ocrx_word' id='word_1_111' title='bbox 303 934 567 980; x_wconf 83' lang='lat' dir='ltr'>quadragenam</span> <span class='ocrx_word' id='word_1_112' title='bbox 592 935 746 966; x_wconf 84' lang='lat' dir='ltr'>moratus</span> <span class='ocrx_word' id='word_1_113' title='bbox 765 936 829 966; x_wconf 90' lang='lat' dir='ltr'>est.</span> <span class='ocrx_word' id='word_1_114' title='bbox 879 931 955 970; x_wconf 85' lang='lat' dir='ltr'>Qua</span> <span class='ocrx_word' id='word_1_115' title='bbox 974 931 1147 976; x_wconf 85' lang='lat' dir='ltr'>completa.</span> <span class='ocrx_word' id='word_1_116' title='bbox 1166 935 1266 976; x_wconf 88' lang='lat' dir='ltr'>pater</span> <span class='ocrx_word' id='word_1_117' title='bbox 1287 931 1362 966; x_wconf 92' lang='lat' dir='ltr'>luce</span> <span class='ocrx_word' id='word_1_118' title='bbox 1381 932 1511 966; x_wconf 87' lang='lat' dir='ltr'>clarior</span> <span class='ocrx_word' id='word_1_119' title='bbox 1526 934 1557 966; x_wconf 89' lang='lat' dir='ltr'>ei</span> <span class='ocrx_word' id='word_1_120' title='bbox 1577 942 1688 977; x_wconf 84' lang='lat' dir='ltr'>appa-</span> 
     </span>
     <span class='ocr_line' id='line_1_14' title="bbox 300 997 1690 1042; baseline -0.004 -6"><span class='ocrx_word' id='word_1_121' title='bbox 300 1001 370 1036; x_wconf 86' lang='lat' dir='ltr'>ruit</span> <span class='ocrx_word' id='word_1_122' title='bbox 380 1004 413 1035; x_wconf 91' lang='lat' dir='ltr'>et</span> <span class='ocrx_word' id='word_1_123' title='bbox 427 999 470 1033; x_wconf 89' lang='lat' dir='ltr'>de</span> <span class='ocrx_word' id='word_1_124' title='bbox 489 1007 553 1032; x_wconf 87' lang='lat' dir='ltr'>sua</span> <span class='ocrx_word' id='word_1_125' title='bbox 569 997 780 1031; x_wconf 83' lang='lat' dir='ltr'>liberatione</span> <span class='ocrx_word' id='word_1_126' title='bbox 801 998 936 1042; x_wconf 81' lang='lat' dir='ltr'>gratias</span> <span class='ocrx_word' id='word_1_127' title='bbox 956 998 987 1031; x_wconf 89' lang='lat' dir='ltr'>ei</span> <span class='ocrx_word' id='word_1_128' title='bbox 1007 998 1090 1042; x_wconf 80' lang='lat' dir='ltr'>egit.</span> <span class='ocrx_word' id='word_1_129' title='bbox 1119 997 1221 1031; x_wconf 87' lang='lat' dir='ltr'>Circa</span> <span class='ocrx_word' id='word_1_130' title='bbox 1239 997 1427 1032; x_wconf 83' lang='lat' dir='ltr'>secundum</span> <span class='ocrx_word' id='word_1_131' title='bbox 1443 997 1547 1042; x_wconf 90' lang='lat' dir='ltr'>hujus</span> <span class='ocrx_word' id='word_1_132' title='bbox 1566 999 1690 1042; x_wconf 89' lang='lat' dir='ltr'>partis,</span> 
     </span>
     <span class='ocr_line' id='line_1_15' title="bbox 300 1061 1690 1109; baseline -0.002 -9"><span class='ocrx_word' id='word_1_133' title='bbox 300 1066 440 1101; x_wconf 83' lang='lat' dir='ltr'>scilicet</span> <span class='ocrx_word' id='word_1_134' title='bbox 461 1064 554 1106; x_wconf 90' lang='lat' dir='ltr'>illos,</span> <span class='ocrx_word' id='word_1_135' title='bbox 575 1073 638 1108; x_wconf 90' lang='lat' dir='ltr'>pro</span> <span class='ocrx_word' id='word_1_136' title='bbox 657 1063 782 1108; x_wconf 90' lang='lat' dir='ltr'>quibus</span> <span class='ocrx_word' id='word_1_137' title='bbox 803 1061 898 1105; x_wconf 82' lang='lat' dir='ltr'>fiunt,</span> <span class='ocrx_word' id='word_1_138' title='bbox 918 1064 1019 1097; x_wconf 85' lang='lat' dir='ltr'>etiam</span> <span class='ocrx_word' id='word_1_139' title='bbox 1038 1067 1189 1108; x_wconf 88' lang='lat' dir='ltr'>quatuor</span> <span class='ocrx_word' id='word_1_140' title='bbox 1205 1063 1354 1097; x_wconf 85' lang='lat' dir='ltr'>videnda</span> <span class='ocrx_word' id='word_1_141' title='bbox 1374 1067 1463 1098; x_wconf 89' lang='lat' dir='ltr'>sunt.</span> <span class='ocrx_word' id='word_1_142' title='bbox 1499 1063 1613 1098; x_wconf 92' lang='lat' dir='ltr'>Primo</span> <span class='ocrx_word' id='word_1_143' title='bbox 1633 1065 1690 1109; x_wconf 87' lang='lat' dir='ltr'>qui</span> 
     </span>
     <span class='ocr_line' id='line_1_16' title="bbox 301 1127 1690 1175; baseline -0.001 -9"><span class='ocrx_word' id='word_1_144' title='bbox 301 1136 380 1166; x_wconf 87' lang='lat' dir='ltr'>sunt</span> <span class='ocrx_word' id='word_1_145' title='bbox 402 1130 463 1172; x_wconf 89' lang='lat' dir='ltr'>illi,</span> <span class='ocrx_word' id='word_1_146' title='bbox 491 1129 616 1174; x_wconf 84' lang='lat' dir='ltr'>quibus</span> <span class='ocrx_word' id='word_1_147' title='bbox 637 1132 784 1173; x_wconf 85' lang='lat' dir='ltr'>possunt</span> <span class='ocrx_word' id='word_1_148' title='bbox 799 1127 981 1172; x_wconf 88' lang='lat' dir='ltr'>prodesse,</span> <span class='ocrx_word' id='word_1_149' title='bbox 1003 1128 1155 1163; x_wconf 88' lang='lat' dir='ltr'>secundo</span> <span class='ocrx_word' id='word_1_150' title='bbox 1175 1138 1283 1173; x_wconf 86' lang='lat' dir='ltr'>quare</span> <span class='ocrx_word' id='word_1_151' title='bbox 1300 1128 1428 1164; x_wconf 84' lang='lat' dir='ltr'>debent</span> <span class='ocrx_word' id='word_1_152' title='bbox 1444 1130 1488 1164; x_wconf 89' lang='lat' dir='ltr'>iis</span> <span class='ocrx_word' id='word_1_153' title='bbox 1507 1130 1690 1175; x_wconf 83' lang='lat' dir='ltr'>prodesse,</span> 
     </span>
     <span class='ocr_line' id='line_1_17' title="bbox 299 1193 1690 1242; baseline -0.003 -8"><span class='ocrx_word' id='word_1_154' title='bbox 299 1199 404 1234; x_wconf 89' lang='lat' dir='ltr'>tertio</span> <span class='ocrx_word' id='word_1_155' title='bbox 440 1197 471 1231; x_wconf 89' lang='lat' dir='ltr'>si</span> <span class='ocrx_word' id='word_1_156' title='bbox 504 1194 664 1229; x_wconf 90' lang='lat' dir='ltr'>omnibus</span> <span class='ocrx_word' id='word_1_157' title='bbox 697 1193 896 1238; x_wconf 85' lang='lat' dir='ltr'>aequaliter</span> <span class='ocrx_word' id='word_1_158' title='bbox 935 1197 1102 1238; x_wconf 81' lang='lat' dir='ltr'>prosunt,</span> <span class='ocrx_word' id='word_1_159' title='bbox 1146 1198 1270 1239; x_wconf 86' lang='lat' dir='ltr'>quarto</span> <span class='ocrx_word' id='word_1_160' title='bbox 1318 1195 1470 1240; x_wconf 86' lang='lat' dir='ltr'>qualiter</span> <span class='ocrx_word' id='word_1_161' title='bbox 1507 1195 1690 1242; x_wconf 80' lang='lat' dir='ltr'>suffragia,</span> 
     </span>
     <span class='ocr_line' id='line_1_18' title="bbox 301 1259 1693 1311; baseline -0.004 -11"><span class='ocrx_word' id='word_1_162' title='bbox 301 1274 390 1311; x_wconf 88' lang='lat' dir='ltr'>quae</span> <span class='ocrx_word' id='word_1_163' title='bbox 425 1273 488 1308; x_wconf 89' lang='lat' dir='ltr'>pro</span> <span class='ocrx_word' id='word_1_164' title='bbox 522 1261 608 1305; x_wconf 91' lang='lat' dir='ltr'>ipsis</span> <span class='ocrx_word' id='word_1_165' title='bbox 640 1260 743 1302; x_wconf 82' lang='lat' dir='ltr'>fiunt,</span> <span class='ocrx_word' id='word_1_166' title='bbox 775 1260 868 1294; x_wconf 89' lang='lat' dir='ltr'>scire</span> <span class='ocrx_word' id='word_1_167' title='bbox 900 1263 1058 1304; x_wconf 86' lang='lat' dir='ltr'>possunt.</span> <span class='ocrx_word' id='word_1_168' title='bbox 1108 1259 1158 1294; x_wconf 93' lang='lat' dir='ltr'>De</span> <span class='ocrx_word' id='word_1_169' title='bbox 1192 1261 1321 1304; x_wconf 90' lang='lat' dir='ltr'>primo,</span> <span class='ocrx_word' id='word_1_170' title='bbox 1355 1261 1413 1305; x_wconf 86' lang='lat' dir='ltr'>qui</span> <span class='ocrx_word' id='word_1_171' title='bbox 1447 1262 1581 1296; x_wconf 85' lang='lat' dir='ltr'>scilicet</span> <span class='ocrx_word' id='word_1_172' title='bbox 1613 1265 1693 1296; x_wconf 84' lang='lat' dir='ltr'>sunt</span> 
     </span>
     <span class='ocr_line' id='line_1_19' title="bbox 301 1324 1691 1375; baseline -0.003 -10"><span class='ocrx_word' id='word_1_173' title='bbox 301 1331 375 1373; x_wconf 90' lang='lat' dir='ltr'>illi,</span> <span class='ocrx_word' id='word_1_174' title='bbox 401 1329 528 1375; x_wconf 88' lang='lat' dir='ltr'>quibus</span> <span class='ocrx_word' id='word_1_175' title='bbox 553 1329 700 1372; x_wconf 90' lang='lat' dir='ltr'>possunt</span> <span class='ocrx_word' id='word_1_176' title='bbox 726 1325 918 1370; x_wconf 84' lang='lat' dir='ltr'>prodesse,</span> <span class='ocrx_word' id='word_1_177' title='bbox 944 1324 1122 1360; x_wconf 86' lang='lat' dir='ltr'>sciendum</span> <span class='ocrx_word' id='word_1_178' title='bbox 1151 1330 1221 1367; x_wconf 88' lang='lat' dir='ltr'>est,</span> <span class='ocrx_word' id='word_1_179' title='bbox 1251 1325 1366 1371; x_wconf 87' lang='lat' dir='ltr'>quod,</span> <span class='ocrx_word' id='word_1_180' title='bbox 1400 1329 1488 1361; x_wconf 89' lang='lat' dir='ltr'>sicut</span> <span class='ocrx_word' id='word_1_181' title='bbox 1513 1327 1596 1361; x_wconf 87' lang='lat' dir='ltr'>dicit</span> <span class='ocrx_word' id='word_1_182' title='bbox 1619 1328 1691 1362; x_wconf 81' lang='lat' dir='ltr'>Au-</span> 
     </span>
     <span class='ocr_line' id='line_1_20' title="bbox 302 1390 1690 1443; baseline -0.004 -12"><span class='ocrx_word' id='word_1_183' title='bbox 302 1397 485 1443; x_wconf 82' lang='lat' dir='ltr'>gustinus,</span> <span class='ocrx_word' id='word_1_184' title='bbox 521 1403 657 1435; x_wconf 88' lang='lat' dir='ltr'>onmes,</span> <span class='ocrx_word' id='word_1_185' title='bbox 693 1394 752 1438; x_wconf 89' lang='lat' dir='ltr'>qui</span> <span class='ocrx_word' id='word_1_186' title='bbox 786 1391 828 1427; x_wconf 86' lang='lat' dir='ltr'>de</span> <span class='ocrx_word' id='word_1_187' title='bbox 863 1390 928 1425; x_wconf 90' lang='lat' dir='ltr'>hac</span> <span class='ocrx_word' id='word_1_188' title='bbox 965 1392 1035 1425; x_wconf 88' lang='lat' dir='ltr'>vita</span> <span class='ocrx_word' id='word_1_189' title='bbox 1068 1391 1261 1434; x_wconf 85' lang='lat' dir='ltr'>decedunt,</span> <span class='ocrx_word' id='word_1_190' title='bbox 1295 1395 1355 1426; x_wconf 85' lang='lat' dir='ltr'>aut</span> <span class='ocrx_word' id='word_1_191' title='bbox 1379 1395 1458 1426; x_wconf 87' lang='lat' dir='ltr'>sunt</span> <span class='ocrx_word' id='word_1_192' title='bbox 1483 1392 1584 1427; x_wconf 87' lang='lat' dir='ltr'>valde</span> <span class='ocrx_word' id='word_1_193' title='bbox 1609 1392 1690 1426; x_wconf 90' lang='lat' dir='ltr'>boni</span> 
     </span>
     <span class='ocr_line' id='line_1_21' title="bbox 302 1457 1691 1503; baseline -0.003 -7"><span class='ocrx_word' id='word_1_194' title='bbox 302 1466 362 1497; x_wconf 86' lang='lat' dir='ltr'>aut</span> <span class='ocrx_word' id='word_1_195' title='bbox 398 1461 499 1496; x_wconf 88' lang='lat' dir='ltr'>valde</span> <span class='ocrx_word' id='word_1_196' title='bbox 534 1460 617 1494; x_wconf 86' lang='lat' dir='ltr'>mali</span> <span class='ocrx_word' id='word_1_197' title='bbox 655 1458 970 1494; x_wconf 71' lang='lat' dir='ltr'>autmediocriter</span> <span class='ocrx_word' id='word_1_198' title='bbox 1002 1457 1096 1491; x_wconf 89' lang='lat' dir='ltr'>boni.</span> <span class='ocrx_word' id='word_1_199' title='bbox 1145 1457 1325 1503; x_wconf 80' lang='lat' dir='ltr'>Suffragia</span> <span class='ocrx_word' id='word_1_200' title='bbox 1357 1458 1465 1503; x_wconf 80' lang='lat' dir='ltr'>igitur</span> <span class='ocrx_word' id='word_1_201' title='bbox 1498 1457 1594 1492; x_wconf 85' lang='lat' dir='ltr'>sacta</span> <span class='ocrx_word' id='word_1_202' title='bbox 1629 1469 1691 1502; x_wconf 88' lang='lat' dir='ltr'>pro</span> 
     </span>
     <span class='ocr_line' id='line_1_22' title="bbox 302 1523 1691 1571; baseline -0.003 -9"><span class='ocrx_word' id='word_1_203' title='bbox 302 1527 406 1562; x_wconf 85' lang='lat' dir='ltr'>valde</span> <span class='ocrx_word' id='word_1_204' title='bbox 434 1527 536 1561; x_wconf 91' lang='lat' dir='ltr'>bonis</span> <span class='ocrx_word' id='word_1_205' title='bbox 565 1530 645 1560; x_wconf 91' lang='lat' dir='ltr'>sunt</span> <span class='ocrx_word' id='word_1_206' title='bbox 670 1525 861 1571; x_wconf 82' lang='lat' dir='ltr'>gratiarum</span> <span class='ocrx_word' id='word_1_207' title='bbox 888 1525 1059 1566; x_wconf 78' lang='lat' dir='ltr'>actiones,</span> <span class='ocrx_word' id='word_1_208' title='bbox 1087 1534 1149 1568; x_wconf 86' lang='lat' dir='ltr'>pro</span> <span class='ocrx_word' id='word_1_209' title='bbox 1177 1523 1280 1558; x_wconf 86' lang='lat' dir='ltr'>valde</span> <span class='ocrx_word' id='word_1_210' title='bbox 1304 1524 1403 1558; x_wconf 85' lang='lat' dir='ltr'>malis</span> <span class='ocrx_word' id='word_1_211' title='bbox 1430 1528 1511 1558; x_wconf 91' lang='lat' dir='ltr'>sunt</span> <span class='ocrx_word' id='word_1_212' title='bbox 1537 1525 1691 1559; x_wconf 86' lang='lat' dir='ltr'>vivorum</span> 
     </span>
     <span class='ocr_line' id='line_1_23' title="bbox 305 1589 1693 1639; baseline -0.001 -12"><span class='ocrx_word' id='word_1_213' title='bbox 305 1593 576 1639; x_wconf 82' lang='lat' dir='ltr'>qualescumque</span> <span class='ocrx_word' id='word_1_214' title='bbox 602 1590 879 1632; x_wconf 83' lang='lat' dir='ltr'>consolationes,</span> <span class='ocrx_word' id='word_1_215' title='bbox 906 1600 968 1634; x_wconf 92' lang='lat' dir='ltr'>pro</span> <span class='ocrx_word' id='word_1_216' title='bbox 989 1589 1214 1625; x_wconf 86' lang='lat' dir='ltr'>mediocriter</span> <span class='ocrx_word' id='word_1_217' title='bbox 1238 1591 1340 1624; x_wconf 90' lang='lat' dir='ltr'>bonis</span> <span class='ocrx_word' id='word_1_218' title='bbox 1361 1594 1441 1624; x_wconf 88' lang='lat' dir='ltr'>sunt</span> <span class='ocrx_word' id='word_1_219' title='bbox 1461 1590 1693 1635; x_wconf 79' lang='lat' dir='ltr'>expiationes,</span> 
     </span>
     <span class='ocr_line' id='line_1_24' title="bbox 302 1655 1694 1701; baseline -0.002 -8"><span class='ocrx_word' id='word_1_220' title='bbox 302 1658 415 1694; x_wconf 87' lang='lat' dir='ltr'>Valde</span> <span class='ocrx_word' id='word_1_221' title='bbox 444 1662 557 1693; x_wconf 86' lang='lat' dir='ltr'>autem</span> <span class='ocrx_word' id='word_1_222' title='bbox 583 1656 667 1691; x_wconf 90' lang='lat' dir='ltr'>boni</span> <span class='ocrx_word' id='word_1_223' title='bbox 692 1656 872 1698; x_wconf 88' lang='lat' dir='ltr'>dicuntur,</span> <span class='ocrx_word' id='word_1_224' title='bbox 906 1658 963 1701; x_wconf 91' lang='lat' dir='ltr'>qui</span> <span class='ocrx_word' id='word_1_225' title='bbox 999 1657 1115 1690; x_wconf 88' lang='lat' dir='ltr'>statim</span> <span class='ocrx_word' id='word_1_226' title='bbox 1143 1656 1284 1690; x_wconf 88' lang='lat' dir='ltr'>evolant</span> <span class='ocrx_word' id='word_1_227' title='bbox 1309 1659 1343 1691; x_wconf 88' lang='lat' dir='ltr'>et</span> <span class='ocrx_word' id='word_1_228' title='bbox 1367 1655 1411 1690; x_wconf 86' lang='lat' dir='ltr'>ab</span> <span class='ocrx_word' id='word_1_229' title='bbox 1438 1659 1587 1701; x_wconf 86' lang='lat' dir='ltr'>utroque</span> <span class='ocrx_word' id='word_1_230' title='bbox 1612 1657 1694 1701; x_wconf 83' lang='lat' dir='ltr'>igne</span> 
     </span>
     <span class='ocr_line' id='line_1_25' title="bbox 301 1720 1694 1770; baseline -0.002 -12"><span class='ocrx_word' id='word_1_231' title='bbox 301 1728 370 1759; x_wconf 88' lang='lat' dir='ltr'>tam</span> <span class='ocrx_word' id='word_1_232' title='bbox 401 1723 599 1770; x_wconf 85' lang='lat' dir='ltr'>purgatorii</span> <span class='ocrx_word' id='word_1_233' title='bbox 631 1732 731 1768; x_wconf 89' lang='lat' dir='ltr'>quam</span> <span class='ocrx_word' id='word_1_234' title='bbox 769 1721 896 1756; x_wconf 76' lang='lat' dir='ltr'>inferni</span> <span class='ocrx_word' id='word_1_235' title='bbox 931 1721 1033 1756; x_wconf 89' lang='lat' dir='ltr'>liberi</span> <span class='ocrx_word' id='word_1_236' title='bbox 1070 1725 1160 1756; x_wconf 88' lang='lat' dir='ltr'>sunt.</span> <span class='ocrx_word' id='word_1_237' title='bbox 1208 1720 1335 1756; x_wconf 90' lang='lat' dir='ltr'>Eorum</span> <span class='ocrx_word' id='word_1_238' title='bbox 1368 1726 1482 1756; x_wconf 85' lang='lat' dir='ltr'>autem</span> <span class='ocrx_word' id='word_1_239' title='bbox 1516 1725 1596 1755; x_wconf 89' lang='lat' dir='ltr'>sunt</span> <span class='ocrx_word' id='word_1_240' title='bbox 1627 1722 1694 1755; x_wconf 86' lang='lat' dir='ltr'>tria</span> 
     </span>
     <span class='ocr_line' id='line_1_26' title="bbox 265 1786 1695 1836; baseline -0.003 -12"><span class='ocrx_word' id='word_1_241' title='bbox 265 1800 457 1836; x_wconf 31' lang='lat' dir='ltr'>r-getiera,</span> <span class='ocrx_word' id='word_1_242' title='bbox 500 1789 636 1824; x_wconf 86' lang='lat' dir='ltr'>scilicet</span> <span class='ocrx_word' id='word_1_243' title='bbox 666 1788 856 1833; x_wconf 86' lang='lat' dir='ltr'>baptizati,</span> <span class='ocrx_word' id='word_1_244' title='bbox 893 1788 1054 1822; x_wconf 88' lang='lat' dir='ltr'>martires</span> <span class='ocrx_word' id='word_1_245' title='bbox 1090 1791 1124 1822; x_wconf 89' lang='lat' dir='ltr'>et</span> <span class='ocrx_word' id='word_1_246' title='bbox 1156 1789 1220 1821; x_wconf 84' lang='lat' dir='ltr'>viri</span> <span class='ocrx_word' id='word_1_247' title='bbox 1253 1787 1424 1833; x_wconf 81' lang='lat' dir='ltr'>perfecti,</span> <span class='ocrx_word' id='word_1_248' title='bbox 1467 1788 1526 1832; x_wconf 89' lang='lat' dir='ltr'>qui</span> <span class='ocrx_word' id='word_1_249' title='bbox 1562 1786 1695 1821; x_wconf 83' lang='lat' dir='ltr'>scilicet</span> 
     </span>
     <span class='ocr_line' id='line_1_27' title="bbox 302 1851 1692 1899; baseline -0.003 -10"><span class='ocrx_word' id='word_1_250' title='bbox 302 1859 372 1889; x_wconf 84' lang='lat' dir='ltr'>tam</span> <span class='ocrx_word' id='word_1_251' title='bbox 399 1855 554 1899; x_wconf 80' lang='lat' dir='ltr'>perfecte</span> <span class='ocrx_word' id='word_1_252' title='bbox 580 1854 853 1889; x_wconf 83' lang='lat' dir='ltr'>aedificaverunt</span> <span class='ocrx_word' id='word_1_253' title='bbox 877 1863 1009 1895; x_wconf 90' lang='lat' dir='ltr'>aurum,</span> <span class='ocrx_word' id='word_1_254' title='bbox 1036 1858 1218 1898; x_wconf 84' lang='lat' dir='ltr'>argentum</span> <span class='ocrx_word' id='word_1_255' title='bbox 1241 1857 1275 1887; x_wconf 89' lang='lat' dir='ltr'>et</span> <span class='ocrx_word' id='word_1_256' title='bbox 1294 1852 1429 1897; x_wconf 87' lang='lat' dir='ltr'>lapides</span> <span class='ocrx_word' id='word_1_257' title='bbox 1450 1853 1638 1896; x_wconf 88' lang='lat' dir='ltr'>pretiosos,</span> <span class='ocrx_word' id='word_1_258' title='bbox 1657 1851 1692 1885; x_wconf 90' lang='lat' dir='ltr'>id</span> 
     </span>
     <span class='ocr_line' id='line_1_28' title="bbox 305 1917 1694 1963; baseline -0.002 -8"><span class='ocrx_word' id='word_1_259' title='bbox 305 1925 359 1956; x_wconf 91' lang='lat' dir='ltr'>est</span> <span class='ocrx_word' id='word_1_260' title='bbox 381 1920 441 1954; x_wconf 88' lang='lat' dir='ltr'>Dei</span> <span class='ocrx_word' id='word_1_261' title='bbox 463 1919 694 1961; x_wconf 81' lang='lat' dir='ltr'>dilectionem,</span> <span class='ocrx_word' id='word_1_262' title='bbox 722 1920 871 1963; x_wconf 84' lang='lat' dir='ltr'>proximi</span> <span class='ocrx_word' id='word_1_263' title='bbox 888 1927 1038 1952; x_wconf 86' lang='lat' dir='ltr'>amorem</span> <span class='ocrx_word' id='word_1_264' title='bbox 1067 1922 1100 1952; x_wconf 88' lang='lat' dir='ltr'>et</span> <span class='ocrx_word' id='word_1_265' title='bbox 1124 1917 1250 1951; x_wconf 82' lang='lat' dir='ltr'>honam</span> <span class='ocrx_word' id='word_1_266' title='bbox 1277 1919 1536 1961; x_wconf 89' lang='lat' dir='ltr'>operationem,</span> <span class='ocrx_word' id='word_1_267' title='bbox 1564 1922 1600 1951; x_wconf 90' lang='lat' dir='ltr'>ut</span> <span class='ocrx_word' id='word_1_268' title='bbox 1625 1929 1694 1952; x_wconf 89' lang='lat' dir='ltr'>non</span> 
     </span>
     <span class='ocr_line' id='line_1_29' title="bbox 305 1982 1694 2031; baseline -0.001 -11"><span class='ocrx_word' id='word_1_269' title='bbox 305 1987 505 2031; x_wconf 78' lang='lat' dir='ltr'>cogitarent</span> <span class='ocrx_word' id='word_1_270' title='bbox 539 1985 679 2029; x_wconf 85' lang='lat' dir='ltr'>placere</span> <span class='ocrx_word' id='word_1_271' title='bbox 708 1984 855 2025; x_wconf 89' lang='lat' dir='ltr'>mundo,</span> <span class='ocrx_word' id='word_1_272' title='bbox 888 1983 951 2018; x_wconf 88' lang='lat' dir='ltr'>sed</span> <span class='ocrx_word' id='word_1_273' title='bbox 983 1987 1115 2017; x_wconf 90' lang='lat' dir='ltr'>tantum</span> <span class='ocrx_word' id='word_1_274' title='bbox 1150 1983 1235 2017; x_wconf 83' lang='lat' dir='ltr'>Deo.</span> <span class='ocrx_word' id='word_1_275' title='bbox 1286 1982 1351 2022; x_wconf 84' lang='lat' dir='ltr'>Qui</span> <span class='ocrx_word' id='word_1_276' title='bbox 1385 1984 1451 2017; x_wconf 87' lang='lat' dir='ltr'>etsi</span> <span class='ocrx_word' id='word_1_277' title='bbox 1483 1983 1694 2028; x_wconf 86' lang='lat' dir='ltr'>quandoque</span> 
     </span>
     <span class='ocr_line' id='line_1_30' title="bbox 305 2049 1691 2096; baseline -0.002 -11"><span class='ocrx_word' id='word_1_278' title='bbox 305 2051 492 2086; x_wconf 84' lang='lat' dir='ltr'>venialiter</span> <span class='ocrx_word' id='word_1_279' title='bbox 519 2053 683 2095; x_wconf 84' lang='lat' dir='ltr'>peccant,</span> <span class='ocrx_word' id='word_1_280' title='bbox 718 2050 859 2096; x_wconf 82' lang='lat' dir='ltr'>fervore</span> <span class='ocrx_word' id='word_1_281' title='bbox 880 2053 995 2082; x_wconf 86' lang='lat' dir='ltr'>tamen</span> <span class='ocrx_word' id='word_1_282' title='bbox 1021 2049 1178 2082; x_wconf 83' lang='lat' dir='ltr'>caritatis</span> <span class='ocrx_word' id='word_1_283' title='bbox 1206 2049 1254 2082; x_wconf 87' lang='lat' dir='ltr'>ita</span> <span class='ocrx_word' id='word_1_284' title='bbox 1280 2049 1314 2081; x_wconf 90' lang='lat' dir='ltr'>iu</span> <span class='ocrx_word' id='word_1_285' title='bbox 1340 2049 1381 2082; x_wconf 91' lang='lat' dir='ltr'>iis</span> <span class='ocrx_word' id='word_1_286' title='bbox 1406 2052 1584 2092; x_wconf 86' lang='lat' dir='ltr'>peccatum</span> <span class='ocrx_word' id='word_1_287' title='bbox 1609 2058 1691 2083; x_wconf 89' lang='lat' dir='ltr'>con--</span> 
     </span>
     <span class='ocr_line' id='line_1_31' title="bbox 305 2113 1693 2161; baseline -0.002 -10"><span class='ocrx_word' id='word_1_288' title='bbox 305 2117 462 2158; x_wconf 84' lang='lat' dir='ltr'>sumitur,</span> <span class='ocrx_word' id='word_1_289' title='bbox 490 2117 580 2150; x_wconf 88' lang='lat' dir='ltr'>sicut</span> <span class='ocrx_word' id='word_1_290' title='bbox 598 2119 698 2161; x_wconf 81' lang='lat' dir='ltr'>gutta</span> <span class='ocrx_word' id='word_1_291' title='bbox 716 2124 828 2160; x_wconf 87' lang='lat' dir='ltr'>aquae</span> <span class='ocrx_word' id='word_1_292' title='bbox 847 2115 880 2147; x_wconf 92' lang='lat' dir='ltr'>in</span> <span class='ocrx_word' id='word_1_293' title='bbox 902 2115 1036 2148; x_wconf 89' lang='lat' dir='ltr'>camino</span> <span class='ocrx_word' id='word_1_294' title='bbox 1055 2115 1146 2159; x_wconf 81' lang='lat' dir='ltr'>ignis</span> <span class='ocrx_word' id='word_1_295' title='bbox 1165 2114 1303 2158; x_wconf 87' lang='lat' dir='ltr'>penitus</span> <span class='ocrx_word' id='word_1_296' title='bbox 1323 2113 1546 2155; x_wconf 84' lang='lat' dir='ltr'>absorbetur,</span> <span class='ocrx_word' id='word_1_297' title='bbox 1564 2117 1598 2148; x_wconf 85' lang='lat' dir='ltr'>et</span> <span class='ocrx_word' id='word_1_298' title='bbox 1615 2113 1693 2149; x_wconf 86' lang='lat' dir='ltr'>ideo</span> 
     </span>
     <span class='ocr_line' id='line_1_32' title="bbox 305 2179 1693 2226; baseline -0.001 -10"><span class='ocrx_word' id='word_1_299' title='bbox 305 2192 422 2217; x_wconf 85' lang='lat' dir='ltr'>secum</span> <span class='ocrx_word' id='word_1_300' title='bbox 440 2180 644 2216; x_wconf 84' lang='lat' dir='ltr'>cremabilia</span> <span class='ocrx_word' id='word_1_301' title='bbox 660 2190 832 2225; x_wconf 87' lang='lat' dir='ltr'>nunquam</span> <span class='ocrx_word' id='word_1_302' title='bbox 852 2179 980 2216; x_wconf 69' lang='lat' dir='ltr'>serunt.</span> <span class='ocrx_word' id='word_1_303' title='bbox 1006 2179 1072 2219; x_wconf 88' lang='lat' dir='ltr'>Qui</span> <span class='ocrx_word' id='word_1_304' title='bbox 1091 2181 1199 2226; x_wconf 83' lang='lat' dir='ltr'>igitur</span> <span class='ocrx_word' id='word_1_305' title='bbox 1217 2191 1280 2224; x_wconf 87' lang='lat' dir='ltr'>pro</span> <span class='ocrx_word' id='word_1_306' title='bbox 1296 2180 1415 2225; x_wconf 87' lang='lat' dir='ltr'>aliquo</span> <span class='ocrx_word' id='word_1_307' title='bbox 1430 2181 1574 2215; x_wconf 89' lang='lat' dir='ltr'>istorum</span> <span class='ocrx_word' id='word_1_308' title='bbox 1591 2181 1693 2214; x_wconf 86' lang='lat' dir='ltr'>trium</span> 
     </span>
     <span class='ocr_line' id='line_1_33' title="bbox 306 2244 1694 2293; baseline -0.001 -12"><span class='ocrx_word' id='word_1_309' title='bbox 306 2258 471 2293; x_wconf 85' lang='lat' dir='ltr'>generum</span> <span class='ocrx_word' id='word_1_310' title='bbox 493 2250 611 2281; x_wconf 88' lang='lat' dir='ltr'>oraret</span> <span class='ocrx_word' id='word_1_311' title='bbox 632 2246 684 2280; x_wconf 91' lang='lat' dir='ltr'>vel</span> <span class='ocrx_word' id='word_1_312' title='bbox 706 2246 826 2291; x_wconf 86' lang='lat' dir='ltr'>aliqua</span> <span class='ocrx_word' id='word_1_313' title='bbox 844 2245 916 2280; x_wconf 89' lang='lat' dir='ltr'>alia</span> <span class='ocrx_word' id='word_1_314' title='bbox 934 2245 1105 2291; x_wconf 75' lang='lat' dir='ltr'>suffragia</span> <span class='ocrx_word' id='word_1_315' title='bbox 1130 2244 1275 2288; x_wconf 84' lang='lat' dir='ltr'>faceret,</span> <span class='ocrx_word' id='word_1_316' title='bbox 1303 2247 1347 2280; x_wconf 90' lang='lat' dir='ltr'>iis</span> <span class='ocrx_word' id='word_1_317' title='bbox 1366 2247 1526 2291; x_wconf 89' lang='lat' dir='ltr'>injuriam</span> <span class='ocrx_word' id='word_1_318' title='bbox 1550 2245 1694 2287; x_wconf 80' lang='lat' dir='ltr'>faceret,</span> 
     </span>
     <span class='ocr_line' id='line_1_34' title="bbox 305 2310 1693 2358; baseline -0.001 -12"><span class='ocrx_word' id='word_1_319' title='bbox 305 2314 400 2358; x_wconf 85' lang='lat' dir='ltr'>quia,</span> <span class='ocrx_word' id='word_1_320' title='bbox 430 2314 519 2346; x_wconf 85' lang='lat' dir='ltr'>sicut</span> <span class='ocrx_word' id='word_1_321' title='bbox 542 2312 626 2346; x_wconf 89' lang='lat' dir='ltr'>dicit</span> <span class='ocrx_word' id='word_1_322' title='bbox 643 2313 874 2357; x_wconf 83' lang='lat' dir='ltr'>Augustinus,</span> <span class='ocrx_word' id='word_1_323' title='bbox 892 2311 1054 2356; x_wconf 88' lang='lat' dir='ltr'>injuriam</span> <span class='ocrx_word' id='word_1_324' title='bbox 1073 2310 1158 2345; x_wconf 80' lang='lat' dir='ltr'>facit</span> <span class='ocrx_word' id='word_1_325' title='bbox 1181 2312 1327 2353; x_wconf 78' lang='lat' dir='ltr'>martiri,</span> <span class='ocrx_word' id='word_1_326' title='bbox 1351 2313 1502 2356; x_wconf 85' lang='lat' dir='ltr'>quierat</span> <span class='ocrx_word' id='word_1_327' title='bbox 1519 2322 1582 2356; x_wconf 88' lang='lat' dir='ltr'>pro</span> <span class='ocrx_word' id='word_1_328' title='bbox 1602 2321 1693 2345; x_wconf 87' lang='lat' dir='ltr'>mar-</span> 
     </span>
     <span class='ocr_line' id='line_1_35' title="bbox 305 2376 1694 2422; baseline -0.003 -9"><span class='ocrx_word' id='word_1_329' title='bbox 305 2381 383 2413; x_wconf 89' lang='lat' dir='ltr'>tire.</span> <span class='ocrx_word' id='word_1_330' title='bbox 407 2379 443 2413; x_wconf 88' lang='lat' dir='ltr'>Si</span> <span class='ocrx_word' id='word_1_331' title='bbox 457 2389 539 2413; x_wconf 90' lang='lat' dir='ltr'>vero</span> <span class='ocrx_word' id='word_1_332' title='bbox 558 2377 687 2422; x_wconf 82' lang='lat' dir='ltr'>aliquis</span> <span class='ocrx_word' id='word_1_333' title='bbox 709 2387 771 2421; x_wconf 86' lang='lat' dir='ltr'>pro</span> <span class='ocrx_word' id='word_1_334' title='bbox 791 2377 908 2421; x_wconf 85' lang='lat' dir='ltr'>aliquo</span> <span class='ocrx_word' id='word_1_335' title='bbox 930 2376 1031 2410; x_wconf 87' lang='lat' dir='ltr'>valde</span> <span class='ocrx_word' id='word_1_336' title='bbox 1047 2376 1140 2411; x_wconf 88' lang='lat' dir='ltr'>bono</span> <span class='ocrx_word' id='word_1_337' title='bbox 1162 2381 1337 2419; x_wconf 82' lang='lat' dir='ltr'>exoraret,</span> <span class='ocrx_word' id='word_1_338' title='bbox 1358 2376 1401 2411; x_wconf 90' lang='lat' dir='ltr'>de</span> <span class='ocrx_word' id='word_1_339' title='bbox 1415 2388 1483 2422; x_wconf 87' lang='lat' dir='ltr'>quo</span> <span class='ocrx_word' id='word_1_340' title='bbox 1503 2381 1631 2418; x_wconf 82' lang='lat' dir='ltr'>tamen,</span> <span class='ocrx_word' id='word_1_341' title='bbox 1651 2381 1694 2410; x_wconf 84' lang='lat' dir='ltr'>an</span> 
     </span>
     <span class='ocr_line' id='line_1_36' title="bbox 309 2441 1695 2488; baseline -0.003 -9"><span class='ocrx_word' id='word_1_342' title='bbox 309 2444 499 2485; x_wconf 84' lang='lat' dir='ltr'>evolasset,</span> <span class='ocrx_word' id='word_1_343' title='bbox 528 2442 716 2484; x_wconf 81' lang='lat' dir='ltr'>dubitaret,</span> <span class='ocrx_word' id='word_1_344' title='bbox 741 2447 822 2477; x_wconf 89' lang='lat' dir='ltr'>tunc</span> <span class='ocrx_word' id='word_1_345' title='bbox 846 2441 928 2476; x_wconf 87' lang='lat' dir='ltr'>illae</span> <span class='ocrx_word' id='word_1_346' title='bbox 948 2443 1128 2475; x_wconf 88' lang='lat' dir='ltr'>orationes</span> <span class='ocrx_word' id='word_1_347' title='bbox 1146 2446 1263 2477; x_wconf 89' lang='lat' dir='ltr'>essent</span> <span class='ocrx_word' id='word_1_348' title='bbox 1278 2444 1470 2488; x_wconf 83' lang='lat' dir='ltr'>gratiarum</span> <span class='ocrx_word' id='word_1_349' title='bbox 1488 2444 1644 2477; x_wconf 87' lang='lat' dir='ltr'>actiones</span> <span class='ocrx_word' id='word_1_350' title='bbox 1661 2446 1695 2475; x_wconf 87' lang='lat' dir='ltr'>et</span> 
     </span>
     <span class='ocr_line' id='line_1_37' title="bbox 306 2507 1692 2549; baseline -0.004 -5"><span class='ocrx_word' id='word_1_351' title='bbox 306 2510 350 2545; x_wconf 90' lang='lat' dir='ltr'>ad</span> <span class='ocrx_word' id='word_1_352' title='bbox 372 2512 528 2544; x_wconf 84' lang='lat' dir='ltr'>meritum</span> <span class='ocrx_word' id='word_1_353' title='bbox 550 2509 714 2544; x_wconf 86' lang='lat' dir='ltr'>cederent</span> <span class='ocrx_word' id='word_1_354' title='bbox 732 2509 923 2549; x_wconf 70' lang='lat' dir='ltr'>exorantiS,</span> <span class='ocrx_word' id='word_1_355' title='bbox 950 2507 1136 2541; x_wconf 79' lang='lat' dir='ltr'>secuudum</span> <span class='ocrx_word' id='word_1_356' title='bbox 1166 2508 1268 2542; x_wconf 89' lang='lat' dir='ltr'>illud:</span> <span class='ocrx_word' id='word_1_357' title='bbox 1294 2510 1408 2542; x_wconf 91' lang='lat' dir='ltr'>oratio</span> <span class='ocrx_word' id='word_1_358' title='bbox 1429 2517 1503 2543; x_wconf 87' lang='lat' dir='ltr'>mea</span> <span class='ocrx_word' id='word_1_359' title='bbox 1529 2508 1561 2540; x_wconf 91' lang='lat' dir='ltr'>in</span> <span class='ocrx_word' id='word_1_360' title='bbox 1583 2507 1692 2540; x_wconf 89' lang='lat' dir='ltr'>sinum</span> 
     </span>
     <span class='ocr_line' id='line_1_38' title="bbox 308 2573 1692 2618; baseline -0.004 -8"><span class='ocrx_word' id='word_1_361' title='bbox 308 2588 416 2611; x_wconf 68' lang='lat' dir='ltr'>:neum</span> <span class='ocrx_word' id='word_1_362' title='bbox 442 2579 674 2610; x_wconf 84' lang='lat' dir='ltr'>convertetur.</span> <span class='ocrx_word' id='word_1_363' title='bbox 727 2574 785 2608; x_wconf 92' lang='lat' dir='ltr'>Ilis</span> <span class='ocrx_word' id='word_1_364' title='bbox 805 2576 891 2608; x_wconf 84' lang='lat' dir='ltr'>enim</span> <span class='ocrx_word' id='word_1_365' title='bbox 915 2574 1024 2607; x_wconf 84' lang='lat' dir='ltr'>tribus</span> <span class='ocrx_word' id='word_1_366' title='bbox 1045 2573 1237 2618; x_wconf 79' lang='lat' dir='ltr'>generibus</span> <span class='ocrx_word' id='word_1_367' title='bbox 1265 2574 1396 2607; x_wconf 86' lang='lat' dir='ltr'>coelum</span> <span class='ocrx_word' id='word_1_368' title='bbox 1425 2573 1582 2616; x_wconf 83' lang='lat' dir='ltr'>protinus</span> <span class='ocrx_word' id='word_1_369' title='bbox 1609 2582 1692 2615; x_wconf 78' lang='lat' dir='ltr'>ape-</span> 
     </span>
     <span class='ocr_line' id='line_1_39' title="bbox 309 2637 1693 2685; baseline -0.003 -11"><span class='ocrx_word' id='word_1_370' title='bbox 309 2643 406 2683; x_wconf 78' lang='lat' dir='ltr'>ritur,</span> <span class='ocrx_word' id='word_1_371' title='bbox 435 2653 508 2675; x_wconf 74' lang='lat' dir='ltr'>cum</span> <span class='ocrx_word' id='word_1_372' title='bbox 539 2640 724 2682; x_wconf 84' lang='lat' dir='ltr'>decedunt,</span> <span class='ocrx_word' id='word_1_373' title='bbox 753 2652 814 2673; x_wconf 81' lang='lat' dir='ltr'>nec</span> <span class='ocrx_word' id='word_1_374' title='bbox 841 2639 989 2684; x_wconf 83' lang='lat' dir='ltr'>aliquem</span> <span class='ocrx_word' id='word_1_375' title='bbox 1017 2640 1214 2685; x_wconf 79' lang='lat' dir='ltr'>purgatorii</span> <span class='ocrx_word' id='word_1_376' title='bbox 1241 2641 1353 2684; x_wconf 77' lang='lat' dir='ltr'>ignem</span> <span class='ocrx_word' id='word_1_377' title='bbox 1380 2637 1542 2671; x_wconf 84' lang='lat' dir='ltr'>sentiunt.</span> <span class='ocrx_word' id='word_1_378' title='bbox 1593 2637 1693 2676; x_wconf 82' lang='lat' dir='ltr'>Quod</span> 
     </span>
     <span class='ocr_line' id='line_1_40' title="bbox 309 2702 1692 2749; baseline -0.001 -11"><span class='ocrx_word' id='word_1_379' title='bbox 309 2705 538 2749; x_wconf 66' lang='lat' dir='ltr'>significatum</span> <span class='ocrx_word' id='word_1_380' title='bbox 565 2710 615 2740; x_wconf 87' lang='lat' dir='ltr'>cst</span> <span class='ocrx_word' id='word_1_381' title='bbox 643 2717 706 2749; x_wconf 78' lang='lat' dir='ltr'>prr</span> <span class='ocrx_word' id='word_1_382' title='bbox 731 2705 810 2739; x_wconf 86' lang='lat' dir='ltr'>illos</span> <span class='ocrx_word' id='word_1_383' title='bbox 836 2709 919 2746; x_wconf 82' lang='lat' dir='ltr'>tres,</span> <span class='ocrx_word' id='word_1_384' title='bbox 947 2703 1072 2749; x_wconf 80' lang='lat' dir='ltr'>quibus</span> <span class='ocrx_word' id='word_1_385' title='bbox 1093 2705 1225 2739; x_wconf 78' lang='lat' dir='ltr'>coelum</span> <span class='ocrx_word' id='word_1_386' title='bbox 1245 2705 1399 2747; x_wconf 84' lang='lat' dir='ltr'>apertum</span> <span class='ocrx_word' id='word_1_387' title='bbox 1420 2704 1485 2736; x_wconf 78' lang='lat' dir='ltr'>est.</span> <span class='ocrx_word' id='word_1_388' title='bbox 1527 2702 1692 2746; x_wconf 78' lang='lat' dir='ltr'>Apertum</span> 
     </span>
    </p>
   </div>
  </div>
 </body>
</html>
