1742 3005
209 77 262 116 40
321 79 417 128 Cap.
448 78 512 114 Vl.
572 77 629 113 De
661 76 852 114 nativitate
883 77 1026 114 domini
1057 79 1175 114 nostri
1208 80 1299 115 ..lesu
1332 79 1486 117 Christi?

211 184 302 230 quod
330 185 459 228 incepit
484 193 505 217 a
535 182 658 227 Moyse
690 186 725 216 et
757 181 939 226 prophetis
973 186 1008 216 et
1040 182 1179 216 duravit
1204 194 1313 228 usque
1346 184 1390 218 ad
1415 185 1597 220 adventum

213 249 342 284 Christi
369 251 402 282 in
428 258 586 288 carnem,
638 246 731 291 quod
761 251 897 290 tempus
927 252 1172 291 repraesentat
1198 249 1348 284 ecclesia
1373 250 1417 284 ab
1450 251 1601 285 adventu

212 324 321 359 usque
347 314 391 347 ad
417 315 633 347 nativitatem
659 311 787 345 domini
822 310 1004 346 inclusive.
1077 312 1242 357 Sequitur
1267 314 1309 349 de
1338 316 1601 358 festivitatibus,

214 390 303 424 quae
327 381 491 414 eveniunt
512 378 767 422 infrate1npuS‚
794 375 887 422 quod
912 378 1035 421 partim
1062 380 1256 413 continetur
1284 381 1348 414 sub
1368 385 1523 426 tempore
1548 394 1603 417 re—

214 445 481 487 conciliationis,
508 445 635 489 partim
661 443 724 477 sub
751 447 906 487 tempore
931 444 1241 488 peregrinationis,
1270 445 1363 491 quod
1388 451 1523 492 tempus
1550 458 1605 482 re-

215 514 418 554 praesentat
443 510 637 566 ecclesiava
660 500 843 543 nativitate
868 518 979 553 usque
1004 508 1049 542 ad
1073 513 1368 557 septuagesimam
1386 540 1394 555 ,
1435 515 1524 547 sicut
1548 524 1605 547 su-

216 586 279 620 pra
307 578 340 609 in
366 576 517 622 prologo
545 576 671 610 dictum
695 579 759 609 est.

305 641 479 677 Nativitas
503 642 630 676 domini
656 642 767 675 nostri
792 640 878 675 Jesu
904 640 1031 675 Christi
1057 642 1242 676 secundum
1268 653 1425 687 carnem,
1472 649 1507 678 ut
1532 646 1607 689 qui-

212 698 295 741 dam
321 708 437 752 ajunt,
489 707 670 751 completis
708 706 751 740 ab
786 706 898 740 Adam
925 708 1076 752 quinque
1100 708 1252 743 millibus
1280 709 1436 744 ducentis
1462 710 1608 745 XXVIII

219 774 318 806 aunis
344 773 400 806 vel
426 772 612 807 secundum
646 771 734 805 alios
763 771 809 806 vl
836 771 987 806 millibus
1014 773 1068 807 vel
1095 774 1281 808 seeundum
1307 775 1492 810 Eusebium
1519 776 1609 810 'Cae-

218 840 410 872 sariensem
444 840 479 871 in
515 836 697 872 Chi-onicis
741 838 814 871 suis
852 839 1003 882 quinque
1037 838 1189 872 millibus
1234 843 1420 885 nongentis
1455 846 1611 886 tempore

221 904 404 938 Octaviani
439 904 661 949 imperatoris
696 902 790 936 sacta
824 907 877 937 est
912 907 947 938 et
980 906 1194 948 computatio
1230 910 1344 940 autem
1381 916 1443 941 sex
1469 907 1611 941 millium

220 981 388 1004 annorum
410 972 553 1005 inventa
579 969 643 1002 suit
669 968 885 1004 aMethodio
910 971 1026 1014 potius
1051 971 1194 1014 mystice
1218 981 1319 1016 quam
1343 971 1516 1008 chronice.
1543 973 1612 1008 Ve-

221 1037 335 1070 niente
362 1040 475 1071 autem
502 1037 579 1080 ipso
607 1035 677 1068 filio
704 1035 767 1069 Dei
792 1036 826 1068 in
853 1045 1002 1077 carnem,
1030 1040 1127 1069 tanta
1148 1046 1235 1081 pace
1262 1039 1444 1072 universus
1464 1039 1612 1073 mundus

220 1101 412 1147 gaudebat,
439 1106 476 1136 ut
500 1103 564 1135 toti
591 1102 667 1135 orbi
694 1102 814 1135 unicus
839 1101 1070 1136 Romanorum
1096 1103 1286 1147 imperator
1310 1104 1452 1148 pacifice
1477 1107 1613 1149 praesi-

223 1166 332 1201 deret.
401 1167 462 1202 Hic
495 1168 606 1202 dictus
643 1172 696 1202 est
722 1167 934 1203 Octavianus
960 1177 981 1201 a
1006 1169 1116 1212 prima
1142 1170 1385 1213 impositione,
1436 1170 1568 1205 Caesar
1594 1181 1615 1205 a

191 1262 194 1263 γ
220 1232 314 1267 Julio
343 1233 508 1275 Caesare,
535 1234 634 1278 cujus
662 1233 725 1267 suit
751 1243 874 1278 nepos,
899 1232 1079 1278 Augustus
1106 1234 1149 1268 ab
1176 1239 1362 1280 augmento
1376 1237 1425 1270 rei
1440 1236 1613 1281 publicae,

222 1296 416 1342 Imperator
441 1310 462 1333 a
484 1299 666 1344 dignitatis
690 1298 843 1340 honore,
892 1300 950 1343 qui
986 1298 1031 1332 ad
1064 1299 1295 1334 differentiam
1321 1302 1467 1335 aliorum
1493 1313 1613 1348 regum

226 1362 289 1397 suit
316 1365 427 1408 primo
454 1365 520 1399 hoc
545 1366 681 1398 nomine
706 1365 904 1409 insignitus.
951 1364 1037 1398 Nam
1064 1366 1152 1398 sicut
1177 1367 1273 1399 nasei
1302 1367 1421 1409 voluit,
1453 1372 1490 1401 ut
1514 1368 1616 1403 nobis

226 1440 346 1474 pacem
371 1432 538 1476 temporis
566 1435 601 1465 et
625 1440 746 1475 pacem
771 1432 990 1464 aeternitatis
1015 1430 1197 1473 tribueret,
1225 1433 1274 1465 sic
1290 1431 1408 1474 voluit,
1437 1437 1474 1467 ut
1490 1433 1616 1468 nihilo-

227 1497 338 1530 minus
375 1501 486 1531 ortum
518 1507 616 1531 51111111
652 1506 721 1541 pax
745 1497 911 1541 temporis
939 1496 1142 1531 illustraret.
1205 1496 1338 1532 Caesar
1362 1500 1471 1544 igitur
1494 1500 1616 1545 Augu-

227 1564 302 1594 stus
328 1563 491 1596 universo
517 1562 723 1607 praesidens
749 1561 824 1595 orbi
852 1563 942 1596 scire
968 1562 1098 1604 voluit,
1143 1566 1227 1608 quot
1261 1565 1483 1607 provinciae,
1534 1571 1618 1611 quot

227 1627 409 1669 civitates,
437 1631 522 1672 quot
544 1632 682 1669 castra,
722 1631 806 1673 quot
831 1628 959 1669 villae,
996 1632 1080 1672 quot
1105 1627 1261 1663 homines
1287 1630 1321 1662 in
1347 1632 1422 1662 toto
1449 1629 1533 1664 orbe
1561 1642 1618 1665 es-

228 1696 317 1728 sent.
343 1694 507 1738 etjussit,
535 1697 571 1727 ut
596 1693 721 1727 dicitur
744 1695 778 1726 in
802 1692 969 1738 hystoriis
995 1692 1228 1736 scholasticis,
1254 1699 1291 1728 ut
1316 1705 1434 1730 omnes
1462 1695 1618 1732 homines

229 1757 274 1791 ad
293 1757 424 1801 urbem,
453 1759 543 1793 unde
566 1758 754 1793 trahebant
780 1759 964 1804 originem,
993 1764 1181 1805 pergerent
1207 1765 1240 1795 et
1268 1760 1414 1806 quilibet
1440 1761 1617 1797 denarium

229 1828 433 1869 argenteum
459 1826 544 1870 ((1111
571 1825 712 1859 valebat
747 1824 863 1859 decem
889 1835 1044 1858 nummos
1071 1826 1235 1867 usuales,
1278 1826 1368 1861 unde
1395 1831 1429 1861 et
1454 1827 1619 1863 denarius

230 1888 430 1935 dicebatur)
455 1890 609 1936 praesidi
639 1892 840 1935 provinciae
868 1890 1024 1933 tradens,
1050 1902 1087 1925 se
1115 1891 1289 1925 subditum
1314 1903 1456 1927 romano
1474 1895 1619 1939 imperio

232 1956 465 1998 profiteretur.
535 1956 621 1990 Nam
657 1961 691 1991 et
733 1967 887 1991 nummus
924 1958 1108 2002 imaginem
1150 1957 1356 2002 proferebat
1390 1960 1553 1993 Caesaris
1587 1965 1621 1995 et

230 2020 521 2065 subscriptionem
546 2024 705 2056 nominis.
778 2022 968 2057 Dicebatur
994 2026 1107 2057 autem
1142 2023 1316 2067 professio
1356 2028 1389 2059 et
1415 2025 1618 2070 descriptio,

232 2085 293 2119 sed
320 2087 459 2121 diversa
485 2089 778 2123 consideratione.
812 2088 993 2123 Professio
1022 2091 1110 2123 enim
1136 2089 1329 2132 dicebatur,
1357 2092 1439 2135 qula
1461 2091 1620 2136 quilibet,

233 2152 372 2195 quando
398 2154 567 2189 reddebat
602 2155 755 2199 praesidi
785 2155 986 2199 provinciae
1015 2157 1109 2189 censi
1136 2159 1259 2199 caput,
1301 2155 1336 2188 id
1362 2160 1415 2190 est
1443 2156 1620 2190 denarium

233 2217 341 2255 illum,
368 2221 423 2263 (1111
452 2221 501 2254 sic
531 2221 742 2261 vocabatur,
770 2219 923 2264 ponebat
947 2230 1054 2265 super
1079 2224 1182 2264 caput
1210 2231 1306 2253 51111111
1334 2224 1367 2255 et
1392 2216 1535 2266 proprio
1562 2234 1622 2256 ore

235 2284 476 2327 profitebatur,
503 2296 540 2319 se
568 2297 646 2319 esse
671 2285 845 2319 subditum
870 2296 1013 2319 romano
1039 2287 1197 2331 imperio,
1226 2285 1314 2319 unde
1337 2287 1519 2322 dicebatur
1541 2299 1622 2332 pro-

235 2349 357 2391 sessio,
386 2350 421 2384 id
446 2356 498 2385 est
523 2353 666 2396 proprio
693 2362 753 2385 ore
781 2350 910 2393 fassio,
939 2355 972 2385 et
999 2351 1103 2386 liebat
1127 2351 1193 2386 hoc
1218 2362 1333 2386 coram
1364 2355 1454 2388 omni
1481 2354 1622 2398 populo.

236 2415 432 2460 Descriptio
460 2420 573 2450 autem
599 2417 793 2458 dicebatur,
824 2418 907 2461 quia
932 2428 1092 2451 numerus
1120 2429 1250 2461 eorum,
1278 2421 1334 2465 qui
1363 2431 1502 2454 censum
1528 2421 1624 2464 capi-

238 2483 279 2514 tis
308 2482 479 2524 serebant,
505 2487 601 2517 certo
628 2482 926 2517 determinabatur
949 2494 1090 2518 numero
1117 2488 1151 2518 et
1175 2484 1405 2531 redigebatur
1423 2486 1623 2529 inscriptis.

237 2547 328 2580 ilaec
364 2553 476 2581 autem
513 2548 703 2593 descriptio
737 2551 847 2594 primo
886 2548 979 2583 sacta
1010 2553 1063 2583 est
1097 2560 1119 2583 a
1154 2550 1317 2594 praeside
1345 2551 1467 2595 Syiac
1494 2550 1624 2585 Cirino.

237 2612 349 2645 l'rima
375 2612 519 2653 dicitur,
557 2618 591 2647 ut
616 2616 648 2648 in
674 2615 795 2650 iisdem
823 2614 988 2659 hystoriis
1016 2614 1236 2650 scholasticis
1262 2615 1430 2657 habetur,
1461 2620 1623 2661 (1111111111111

235 2677 277 2711 ad
305 2677 467 2712 (lirinum.
527 2680 614 2718 Quia
642 2681 729 2714 enim
760 2680 896 2716 Judaea
920 2683 952 2716 in
980 2681 1142 2716 umbilico
1170 2685 1286 2717 terrae
1312 2686 1454 2716 nostrae
1483 2680 1618 2715 habita
