1742 3005
428 117 525 166 Cap·
559 117 711 153 CLXX.
770 118 828 154 De
860 125 991 154 sancto
1025 117 1233 154 Clemente.
1446 116 1526 156 787

134 221 282 266 ejectum
315 220 472 263 videret,
509 222 573 257 sed
604 233 678 257 cum
710 223 743 255 in
777 232 819 257 ea
846 232 927 267 spes
953 224 1064 258 omnis
1089 222 1276 264 deficeret,
1309 223 1353 257 ad
1390 223 1526 258 domum

136 285 241 321 rediit
268 291 301 322 et
325 290 432 321 totum
460 288 554 322 illum
581 299 704 323 annum
730 290 765 322 in
791 288 873 323 fletu
898 293 932 324 et
957 299 1116 323 moerore
1141 288 1250 323 (luxit.
1298 288 1383 324 Post
1400 299 1524 324 annum

135 353 246 398 igitur
270 358 392 398 aperto
421 355 506 388 mari
535 365 652 389 omnes
679 356 875 399 anticipans
902 355 944 389 ad
972 354 1083 388 locum
1112 356 1249 388 concita
1273 356 1387 397 venit,
1424 356 1454 389 si
1482 355 1525 390 tle

135 418 206 452 filio
240 419 331 453 forte
366 419 508 465 aliquod
546 421 729 465 vestigium
763 421 916 453 invenire
951 424 1082 463 posset.
1135 420 1216 453 Cum
1253 432 1338 465 crgo
1365 425 1444 455 ante
1471 426 1523 455 tu-

135 484 260 519 mulum
297 487 407 519 saneti
445 485 632 520 Clementis
669 495 706 518 se
741 486 772 517 in
810 485 1003 519 orationem
1038 484 1216 525 dedisset,
1251 495 1400 530 surgens
1439 486 1527 520 vidit

136 551 301 586 infantem
343 553 378 585 in
416 551 513 592 loeo,
554 549 613 583 ubi
655 560 729 583 eum
774 549 966 594 reliquerat
1019 550 1259 585 dormientem.
1328 551 1526 585 Aestimans

134 623 250 651 autem
291 627 365 651 eum
412 626 491 650 esse
532 614 751 656 defunctum,
791 616 943 649 accessit
983 617 1148 660 propius,
1192 618 1292 662 qnasi
1334 615 1528 650 collectura

135 692 262 726 corpus
289 682 468 722 exanime,
500 679 563 715 sed
594 691 668 714 eum
703 691 777 714 emn
805 680 1030 716 dormientem
1059 684 1306 728 cognovisset,
1341 682 1526 715 excitatum

136 747 307 782 velociter
332 745 572 792 spectantibus
599 745 738 790 populis
768 747 970 781 incolumem
1000 749 1032 780 in
1052 748 1142 782 uluis
1162 748 1292 782 levavit
1316 752 1361 789 et,
1388 747 1528 781 ubinam

133 822 197 857 per
224 812 319 846 illum
346 822 470 846 annum
499 812 614 854 fuerit,
644 813 838 856 requisivit.
889 811 950 848 Ille
976 817 1088 847 autem
1115 824 1153 848 se
1174 815 1311 849 nescire
1334 812 1527 858 respondit,

133 880 164 912 si
193 889 304 913 annus
339 881 479 924 integer
512 879 762 923 praeterierat,
800 878 860 911 sed
899 883 1027 912 tantum
1062 881 1162 912 nnius
1196 882 1309 913 noctis
1344 880 1459 923 spatio
1491 889 1528 912 se

134 946 292 979 suaviter
320 943 528 978 dormivisse
555 942 712 988 putabat.
762 944 969 978 Ambrosius
996 945 1028 977 in
1050 944 1270 988 praefatione
1291 947 1340 978 sic
1359 945 1426 978 ait:
1453 954 1527 977 cum

134 1012 376 1057 iniquissimus
408 1014 614 1054 persecutor
647 1009 785 1043 beatum
822 1008 1031 1044 Clementem
1066 1012 1190 1055 poenis
1226 1011 1366 1044 afficere
1394 1020 1414 1043 a
1441 1008 1527 1054 ‹lya—

131 1076 217 1111 holo
245 1080 452 1121 cogeretur,
480 1086 547 1109 non
574 1076 605 1108 ei
632 1078 838 1108 tormentum
869 1076 1003 1117 intulit,
1031 1076 1091 1111 sed
1122 1076 1352 1120 triumphum,
1374 1076 1530 1120 jactatur

135 1153 222 1188 ergo
249 1142 370 1175 martir
399 1142 431 1175 in
471 1140 658 1181 fluctibus,
697 1145 734 1174 ut
766 1146 1005 1186 mergeretur,
1043 1146 1075 1176 et
1109 1153 1150 1176 ex
1190 1142 1254 1175 hoc
1289 1142 1448 1186 pervenit
1483 1140 1528 1174 ad

132 1209 344 1252 praemium,
371 1206 463 1241 unde
490 1205 615 1241 Petrus
643 1208 813 1251 magister
841 1209 917 1251 ejus
944 1209 1103 1252 pervenit
1129 1207 1171 1241 ad
1201 1207 1348 1242 coelum.
1401 1206 1527 1249 ¹)Am-

132 1273 255 1308 borum
289 1283 376 1319 ergo
411 1274 442 1307 in
472 1272 633 1306 fluctibus
662 1271 820 1306 Christus
857 1274 1060 1317 approbans
1090 1277 1221 1307 mentes
1248 1274 1458 1308 Clementem
1483 1271 1528 1306 ad

133 1339 282 1384 palmam
308 1341 479 1374 victoriae
507 1338 550 1373 de
578 1337 752 1383 profundo
780 1344 945 1380 revocat,
975 1339 1111 1374 Petrum
1140 1340 1182 1374 ad
1209 1339 1378 1374 coelestia
1403 1347 1527 1383 regna,

132 1406 168 1439 in
200 1405 321 1440 eodem
362 1405 531 1439 elemento
578 1415 620 1438 ne
657 1409 894 1449 mergeretur,
929 1406 1057 1442 elevat.
1106 1405 1226 1440 Refert
1250 1405 1324 1439 Leo
1353 1402 1529 1437 Ostiensis

134 1471 344 1515 episcopus,
378 1469 471 1516 quod
508 1474 685 1514 tempore,
721 1482 788 1516 quo
816 1471 966 1506 Michael
995 1473 1187 1517 imperator
1220 1474 1375 1512 ²)novae
1400 1467 1529 1503 Romae

134 1537 285 1582 regebat
313 1537 515 1580 imperium,
551 1535 719 1570 sacerdos
756 1537 895 1582 quidam
930 1539 1068 1572 nomine
1099 1534 1355 1580 Philosophus,
1390 1534 1450 1579 qui
1483 1533 1527 1567 ob

135 1611 301 1636 summum
337 1603 515 1648 ingenium
549 1612 569 1636 a
603 1604 756 1647 pueritia
792 1603 905 1637 fuerat
936 1605 986 1637 sio
1022 1606 1185 1643 vocatus,
1222 1611 1295 1635 eum
1332 1599 1528 1634 Tersonam

134 1668 361 1713 pervenisset
381 1668 477 1703 etde
503 1668 571 1710 his,
599 1678 689 1713 quae
713 1673 900 1703 narrantur
926 1670 958 1702 in
980 1667 1137 1713 hystoria
1159 1667 1359 1707 Clementis,
1386 1664 1527 1698 habita-

135 1738 232 1768 tores
259 1735 536 1780 interrogasset,
572 1735 654 1779 quia
679 1727 836 1769 advenae
864 1736 980 1779 potius
1008 1743 1109 1779 quam
1136 1732 1324 1777 indigenae
1352 1733 1463 1772 erant,
1489 1739 1528 1765 se

135 1801 272 1835 nescire
307 1799 461 1845 professi
499 1803 589 1834 sunt.
647 1799 825 1846 Siquidem
866 1800 1068 1834 miraculum
1115 1799 1237 1832 marini
1279 1806 1441 1831 recessus
1481 1795 1526 1829 ob

134 1865 272 1910 culpam
298 1865 563 1901 inhabitantium
586 1866 720 1911 Jamiliu
746 1872 951 1901 cessaverat
977 1870 1012 1901 et
1036 1864 1080 1899 ob
1107 1865 1279 1898 incursum
1299 1862 1528 1896 barbarorum

136 1935 296 1976 tempore
322 1933 447 1966 marini
474 1942 636 1967 recessus
664 1933 872 1967 venientium
904 1931 1068 1977 templum
1102 1930 1314 1964 destructum
1344 1927 1461 1962 suerat
1494 1931 1530 1962 et

135 1997 244 2032 archa
268 2007 342 2032 oum
368 2008 518 2042 corpore
544 1998 686 2031 marinis
712 1997 876 2032 fluctibus
906 1997 1033 2032 obruta
1056 2000 1142 2036 erat,
1170 1993 1394 2039 exigentibus
1417 1992 1527 2036 culpis

136 2061 416 2096 inhabitantium.
475 2062 590 2106 Super
628 2064 884 2106 quo-miratus
928 2060 1166 2104 Philosophus
1206 2063 1241 2093 et
1283 2057 1452 2092 accedens
1483 2056 1528 2090 ad

137 2127 378 2168 civitaculam,
411 2127 549 2160 nomine
575 2124 784 2170 Georgiam,
821 2138 896 2161 eum
933 2128 1102 2171 episcopo
1134 2127 1169 2158 et
1205 2122 1300 2156 clero
1332 2125 1367 2155 et
1397 2120 1528 2166 populo

138 2193 292 2228 accessit
317 2191 363 2226 ad
389 2189 624 2237 quaerendum
654 2200 774 2225 sacras
801 2191 972 2237 reliquias
997 2190 1044 2225 ad
1069 2189 1237 2229 insulam,
1265 2188 1299 2221 in
1326 2195 1395 2232 qua
1418 2186 1528 2220 aesti-

138 2257 282 2293 mabant
308 2267 388 2292 esse
415 2266 542 2300 corpus
567 2257 736 2293 martiris.
785 2257 868 2292 Cum
896 2257 1029 2302 hymnis
1056 2260 1088 2290 et
1115 2253 1334 2288 orationibus
1354 2251 1530 2285 fodientes

141 2323 263 2358 divina
296 2322 514 2359 revelatione
546 2323 752 2357 invenerunt
783 2332 911 2367 corpus
949 2328 983 2358 et
1009 2330 1192 2362 ancoram,
1224 2329 1298 2353 cum
1325 2326 1393 2362 qua
1417 2315 1532 2350 fuerat

139 2390 175 2423 in
203 2399 299 2424 mare
324 2389 530 2433 projectum,
556 2391 590 2422 et
613 2387 887 2432 deportaverunt
913 2388 1120 2423 Tersonam.
1168 2384 1303 2420 Deinde
1329 2381 1530 2427 praedictus

140 2453 381 2498 Philosophus
416 2463 490 2487 eum
528 2462 676 2498 corpore
711 2455 823 2487 saneti
851 2453 1038 2489 Clementis
1063 2453 1205 2488 Romam
1233 2450 1326 2484 venit
1357 2450 1391 2481 et
1415 2446 1531 2480 multis

142 2521 296 2556 ostensis
322 2518 497 2554 miraculis
525 2519 558 2552 in
585 2518 755 2561 ecclesia,
788 2529 879 2565 quae
910 2530 998 2554 nunc
1036 2519 1163 2552 (licitur
1193 2515 1306 2550 sancti
1332 2512 1531 2554 Clementis,

142 2584 335 2621 honorifice
370 2594 497 2629 eorpus
531 2583 737 2618 collocatum
763 2584 838 2619 fuit.
888 2584 926 2619 In
964 2583 1113 2631 quadam
1148 2581 1315 2615 chronica
1339 2582 1454 2613 autem
1477 2577 1530 2613 le=

214 2687 242 2719 1)
260 2685 315 2712 Ed.
334 2689 377 2713 Pr.
399 2684 475 2711 male
496 2687 516 2710 A
531 2684 586 2710 mli
599 2683 728 2710 rosim<
749 2682 815 2707 loco
836 2692 850 2707 a
863 2693 887 2708 rr.
900 2683 1032 2708 borum
1055 2680 1150 2706 offert.
1253 2679 1282 2709 2)
1301 2676 1354 2702 Ed.
1373 2679 1417 2704 Pr.
1437 2674 1532 2702 lut-leg

146 2737 314 2758 nolnlne.

1180 2776 1275 2818 50⁴¹,
