1742 3005
276 111 357 149 833
499 112 596 159 (Tap.
631 108 837 144 CLXXXI.
895 108 953 143 De
985 113 1114 143 sancto
1147 108 1302 157 Pelagio
1335 122 1447 160 papa.

277 215 443 254 babetur,
479 214 511 245 in
547 211 715 255 parocbia
747 210 956 255 Moguntina
990 210 1163 255 malignus
1189 213 1333 256 spiritus
1361 215 1514 257 parietes
1542 212 1663 246 domo-

279 289 352 312 rum
388 279 487 322 quasi
523 276 659 311 malleis
693 276 866 321 pulsando
907 280 942 310 et
976 276 1159 311 manifeste
1193 276 1367 322 loquendo
1401 282 1434 312 et
1469 278 1664 313 discordias

278 342 482 377 seminando
522 343 612 377 adeo
654 342 812 376 homiues
850 342 1063 384 infestabat,
1121 348 1175 385 ut,
1228 353 1445 388 quocumque
1486 345 1665 386 intrasset,

279 409 394 442 statim
423 408 484 442 illa
512 408 633 442 domus
661 408 884 444 exurebatur.
933 407 1144 442 Presbiteris
1171 413 1283 443 autem
1313 409 1455 442 litanias
1479 410 1665 454 agentibus

279 479 314 509 et
351 485 475 520 aquam
521 474 738 509 benedictam
785 475 1035 520 spargentibus
1080 476 1237 509 iuimicus
1277 475 1415 519 lapides
1443 474 1605 519 Jaetabat
1634 480 1669 509 et

278 541 405 575 multos
434 540 650 575 cruentabat.
701 540 857 575 'l'audem
891 540 1081 586 aliqnando
1113 541 1366 585 conquiescens
1400 540 1584 575 consessus
1616 545 1669 575 est

280 617 340 648 se,
382 606 520 651 quando
555 616 647 651 aqua
681 607 937 652 spargebatur,
974 607 1036 641 snb
1071 617 1183 651 eappa
1220 606 1301 640 talis
1337 606 1531 640 sacerdotis
1567 608 1668 651 quasi

280 672 465 706 familiaris
493 673 546 706 sui
571 672 739 712 latuisse,
777 682 946 706 accusans
972 684 1068 715 eum,
1105 672 1198 718 quod
1232 682 1305 706 eum
1333 672 1403 705 tilia
1429 673 1669 716 procuratoris

279 739 314 771 in
342 742 520 782 peccatum
548 737 669 781 lapsus
699 737 813 771 suerit.
862 737 929 771 Per
955 737 1044 771 idem
1081 742 1216 782 tempus
1249 750 1311 772 rex
1336 738 1567 784 Bulgarorum
1595 748 1668 771 euin

279 806 385 848 gente
418 812 482 836 sua
515 802 560 837 ad
592 802 692 837 tidem
719 813 909 836 conversus
942 807 1062 837 tantae
1089 803 1317 847 perfeetionis
1345 804 1430 845 suit,
1464 807 1501 837 nt
1536 804 1670 849 majore

280 868 351 902 tilio
387 870 420 903 in
452 880 595 914 regnum
628 869 790 903 ordinato
827 870 904 913 ipse
939 868 1093 903 habitum
1131 869 1367 902 monachalem
1408 871 1564 913 aceepit,
1609 871 1670 904 sed

279 945 354 968 enm
381 935 457 979 ejus
482 934 572 968 tilius
594 935 801 980 juveniliter
826 945 936 980 agens
962 935 1006 969 ad
1032 935 1243 980 gentilitatis
1271 935 1395 969 cultum
1416 935 1532 969 redire
1553 935 1671 976 vellet,

280 1005 436 1034 resumta
468 1001 590 1034 militia
622 1006 825 1045 persecutus
862 1002 973 1045 ipsum
1006 1002 1099 1045 cepit
1133 1001 1345 1045 effossisque
1378 1001 1491 1035 oeulis
1526 1002 1559 1034 in
1594 1012 1672 1035 ear-

281 1076 393 1100 cerem
426 1068 530 1099 trusit
563 1070 597 1100 et
629 1068 661 1100 iu
698 1077 842 1111 regnum
881 1070 1011 1100 statuto
1048 1066 1118 1100 {ilio
1153 1067 1296 1111 juniore
1336 1066 1491 1101 habitum
1534 1077 1670 1101 sacrum

280 1133 455 1166 resumsit.
503 1130 540 1164 Iu
571 1131 673 1165 ltalia
706 1131 798 1176 apud
831 1131 984 1166 Brixiam
1015 1132 1127 1166 tribus
1159 1132 1282 1166 diebus
1309 1136 1343 1166 et
1367 1133 1480 1167 tribus
1508 1132 1671 1167 noetibus

279 1200 425 1243 sanguis
460 1196 504 1231 de
538 1198 638 1231 coelo
673 1197 806 1242 pluisse
831 1202 1005 1232 narratur.
1053 1197 1120 1232 Per
1152 1197 1241 1232 idem
1270 1202 1406 1243 tempus
1432 1198 1591 1232 locustae
1618 1200 1671 1232 in-

281 1263 515 1298 numerabiles
542 1265 576 1297 in
596 1262 720 1297 Galliis
745 1267 997 1308 apparuerunt,
1024 1273 1129 1297 senas
1156 1262 1325 1298 babentes
1352 1264 1441 1306 alas,
1468 1274 1529 1299 sex
1547 1264 1669 1308 pedes,

279 1330 368 1364 duos
401 1330 522 1363 dentes
560 1329 737 1374 lapidibus
773 1329 954 1371 duriores,
991 1333 1029 1363 ut
1067 1333 1259 1363 castrorum
1286 1330 1383 1363 aeies
1409 1332 1581 1363 turmatim
1610 1341 1671 1363 vo-

279 1396 394 1430 lantes
426 1397 575 1440 spatium
613 1395 727 1429 diurni
760 1397 896 1429 itineris
932 1402 1083 1441 quatuor
1114 1399 1174 1429 aut
1201 1397 1351 1440 quinque
1377 1395 1585 1429 milliaribus
1613 1406 1672 1431 ex-

281 1462 484 1503 tendentes,
520 1463 634 1495 omnia
666 1457 805 1496 viridia'
828 1463 861 1496 iu
898 1461 1016 1496 herbis
1052 1466 1086 1496 et
1118 1461 1305 1495 arboribus
1347 1466 1547 1504 vastantes,
1584 1472 1674 1507 quae,

282 1538 393 1572 usque
425 1527 468 1560 ad
500 1538 594 1561 mare
625 1527 860 1562 Britannicum
885 1530 1131 1573 pervenientes
1157 1527 1294 1562 taudem
1322 1528 1405 1562 flatu
1433 1533 1611 1562 ventorum
1641 1531 1674 1562 iu

282 1593 456 1638 profundo
487 1596 591 1627 maris
621 1594 803 1629 demersae
831 1599 922 1636 suut,
951 1594 1012 1629 sed
1039 1599 1139 1629 aestu
1166 1594 1295 1628 Oceani
1323 1593 1367 1627 ad
1397 1594 1494 1628 littus
1521 1594 1674 1638 rejectae

282 1670 323 1693 ex
359 1659 545 1704 putredine
581 1670 646 1693 sua
680 1664 793 1694 aerem
830 1666 1072 1705 corruperunt.
1122 1660 1219 1695 Unde
1246 1659 1441 1694 mortalitas
1467 1661 1616 1694 maxima
1641 1665 1675 1694 et

283 1727 392 1759 t'ames
418 1726 626 1769 praevalida
653 1730 706 1761 est
731 1730 874 1768 secuta,
901 1729 937 1760 ut
967 1727 1039 1761 sere
1064 1728 1171 1761 tertia
1195 1736 1277 1770 pars
1304 1725 1476 1760 hominnm
1503 1727 1672 1760 interiret.

283 1790 439 1835 lienique
459 1793 588 1835 primus
609 1791 689 1825 Otto
710 1793 903 1836 imperavit,
926 1792 1062 1826 scilieet
1080 1802 1169 1826 anuo
1189 1791 1316 1825 domiui
1335 1791 1672 1826 DCCCCXXXVlll.

282 1856 368 1890 lium
396 1861 509 1890 autem
538 1858 570 1890 in
598 1857 758 1901 pasebali
793 1858 1029 1892 sollemnitate
1066 1858 1177 1891 dietus
1205 1857 1286 1891 Otto
1313 1857 1526 1901 principibus
1553 1859 1672 1891 couvi-

283 1923 372 1954 vium
409 1926 679 1965 praeparasset,
718 1927 900 1968 antequam
936 1923 1118 1965 sederent,
1160 1922 1341 1967 eujusdam
1383 1924 1550 1967 principis
1584 1923 1673 1958 tilius

281 1997 376 2021 more
404 1987 527 2031 puerili
555 1987 721 2021 sert-ulum
750 1989 792 2023 de
819 1999 937 2022 mensa
965 1990 1117 2033 aceepit,
1156 1999 1256 2033 quem
1292 1988 1433 2032 dapifer
1468 1989 1558 2023 suste
1591 2000 1672 2033 pru-

282 2054 419 2085 stravit.
470 2052 567 2091 Quod
603 2064 749 2087 cernens
794 2053 1027 2098 paedagogus
1068 2056 1166 2098 pueri
1207 2056 1317 2098 ipsum
1360 2053 1554 2098 dapiferum
1596 2066 1674 2089 mox

282 2114 449 2162 peremit(
493 2118 598 2157 Quem
625 2130 699 2153 eum
727 2121 802 2153 siue
829 2108 1009 2153 audientia
1037 2120 1170 2154 Caesar
1196 2119 1427 2154 eoudemnare
1455 2120 1581 2163 vellet,
1615 2121 1673 2155 ille

281 2184 469 2218 Caesarem
495 2183 538 2217 ad
572 2188 700 2219 terram
736 2185 866 2230 dejecit
898 2189 933 2219 et
958 2185 1132 2221 suffocare
1157 2188 1293 2231 coepit,
1329 2188 1400 2231 qui,
1428 2196 1501 2220 euni
1529 2186 1571 2221 de
1598 2188 1674 2230 ejus

280 2249 438 2282 manibus
466 2251 521 2283 vix
549 2255 667 2284 erutus
695 2251 839 2294 luisset,
876 2254 987 2297 ipsum
1024 2254 1198 2286 reservari
1229 2254 1356 2297 jussit,
1394 2263 1431 2286 se
1465 2253 1673 2297 culpabilem

280 2314 454 2357 clamans,
484 2315 575 2360 qnod
605 2316 693 2349 sesto
723 2316 888 2351 bonorem
918 2330 985 2352 uon
1010 2319 1145 2352 detulit.
1194 2318 1290 2353 Unde
1319 2320 1428 2363 ipsum
1449 2319 1560 2354 libere
1576 2319 1674 2353 abire

282 2382 450 2424 permisit.
479 2382 597 2414 Uttoni
613 2383 721 2426 primo
733 2385 995 2418 suecessitt)tto
1017 2384 1204 2419 secundus,
1232 2384 1305 2426 llie,
1328 2386 1405 2419 dum
1425 2385 1535 2419 Italici
1557 2395 1673 2429 paceni

281 2457 388 2490 saepe
417 2446 609 2489 violarent,
645 2447 785 2497 Romam
814 2452 905 2483 veuit
938 2455 971 2484 et
997 2450 1156 2484 omuibus
1186 2451 1414 2495 proceribus,
1450 2449 1671 2496 magnatibus

282 2516 316 2545 et
357 2512 579 2556 pontilieibns
621 2514 712 2558 apud
753 2515 901 2560 gradum
943 2516 1116 2550 ecelesiae
1162 2519 1356 2551 convivium
1399 2517 1532 2563 grande
1577 2515 1674 2550 fecit.

282 2577 414 2615 Quibus
445 2578 668 2622 epulantibus
704 2579 854 2616 latenter
887 2593 1006 2617 ornnes
1040 2584 1135 2627 cingi
1160 2582 1244 2618 i'eeit
1268 2584 1436 2624 armatis,
1471 2581 1596 2616 deinde
1630 2581 1674 2615 de

283 2641 415 2675 violata
442 2654 527 2686 paee
554 2647 805 2689 querimoniam
831 2658 973 2683 movens
995 2649 1098 2692 jubet
1124 2650 1156 2683 in
1185 2651 1326 2694 seriptis
1358 2647 1551 2692 culpabiles
1583 2649 1671 2682 reei-

283 2707 367 2747 tari,
396 2718 483 2750 quos
511 2712 625 2744 statim
649 2712 773 2748 ibidem
794 2714 964 2749 decollari
990 2716 1082 2757 t'eeit,
1104 2715 1194 2749 alios
1219 2725 1300 2750 vero
1317 2713 1451 2757 epulari
1473 2714 1673 2759 satagebat.
