1742 3005
345 85 442 133 Cap.
476 83 664 120 CLXXll.
724 83 780 120 De
814 88 942 119 sancta
974 76 1205 119 Catherina.¹
1384 81 1462 119 793

80 189 174 236 ginis
206 190 422 234 properavit.
473 189 546 229 Quo
583 199 656 224 eum
682 190 806 235 regina
832 189 1044 229 introiisset,
1079 186 1164 221 vidit
1199 196 1372 223 carcerem
1411 190 1463 223 in-

81 255 293 290 aestimabili
312 255 471 289 claritate
487 255 676 300 fulgentem
696 259 729 290 et
748 254 894 300 angelos
909 253 1034 299 plagas
1054 255 1199 300 virginis
1218 258 1465 300 perungenteS‚

81 322 324 366 incipiensque
351 323 451 367 virgo
477 325 619 355 aeterna
646 322 676 355 ei
702 320 834 365 gaudia
862 318 1080 364 praedicavit
1116 323 1150 354 et
1185 319 1227 353 ad
1256 318 1354 354 iidem
1382 330 1465 354 con-

84 391 223 421 vertens
254 387 400 420 martirii
426 396 586 420 coronam
617 386 726 420 eidem
755 384 930 430 praedixit
956 386 1076 428 sicque
1111 395 1222 429 usque
1250 386 1292 419 ad
1320 386 1466 421 mediam

83 457 218 487 noctem
243 462 435 487 sermonem
463 455 720 496 protraxerunt.
770 450 866 489 Quae
887 460 958 483 cum
989 451 1102 482 omnia
1127 449 1340 494 Porphyrius
1366 452 1466 485 audi-

83 520 216 559 visset,
241 517 286 552 ad
311 517 419 562 pedes
448 517 593 561 virginis
620 515 771 560 procidit
805 519 838 549 et
873 525 945 548 cum
983 514 1140 548 ducentis
1176 515 1342 549 militibus
1368 517 1467 551 iidem

86 583 217 619 Christi
237 583 382 627 recepit.
426 582 514 621 Quia
536 591 617 615 vero
640 591 702 625 per
720 579 899 614 duodecim
920 579 995 614 dies
1018 581 1092 614 sine
1112 580 1189 614 cibo
1209 584 1373 625 tyrannus
1391 592 1469 616 esse

86 659 158 684 eam
174 649 344 694 jusserat,
375 646 533 681 Christus
554 657 616 690 per
630 645 694 680 hos
711 645 798 687 dies,
825 647 932 680 missa
950 645 991 680 de
1012 646 1110 680 coelo
1127 646 1275 680 candida
1297 648 1469 693 columma,

88 714 236 749 coelesti
274 722 348 747 eam
390 712 471 746 cibo
508 711 703 747 refovebat.
761 711 894 745 Deinde
936 711 1094 745 dominus
1138 722 1211 746 cum
1255 713 1472 748 multitudine

86 778 290 826 angelorum
317 782 351 813 et
376 779 547 824 virginum
575 778 684 812 eidem
712 779 875 822 apparuit
901 777 1038 812 dicens:
1064 788 1232 824 agnosce,
1260 779 1342 820 iilia,
1371 790 1471 814 crea-

84 850 194 880 torem
241 849 355 887 tuum,
397 855 461 889 pro
502 845 600 889 cujus
640 846 776 878 nomine
818 844 1030 878 laboriosum
1078 844 1215 878 subiisti
1263 846 1471 886 conflictum,

88 916 254 946 constans
281 914 377 952 esto,
405 912 487 955 quia
510 914 619 945 tecum
645 920 730 944 sum.
779 909 930 944 Rediens
956 910 1063 954 igitur
1089 911 1280 954 imperator
1304 920 1379 944 eam
1405 910 1473 944 sihi

87 978 308 1023 praesentari
329 977 439 1021 Jussit
463 980 497 1010 et
526 976 646 1011 videns
672 985 745 1009 eam
770 974 1064 1020 splendidiorem,
1092 985 1192 1021 quam
1218 979 1314 1009 tanto
1335 977 1472 1021 jeJunio

88 1043 297 1078 aestimabat
320 1042 507 1083 afflictam,
542 1043 694 1086 putavit,
729 1040 820 1086 quod
856 1051 929 1075 eam
955 1041 1082 1086 aliquis
1110 1043 1141 1075 in
1167 1052 1308 1076 carcere
1333 1047 1473 1076 susten-

91 1113 224 1151 tasset,
268 1112 303 1143 et
333 1108 451 1142 surore
485 1107 639 1152 repletus
671 1107 835 1141 custodes
867 1109 1022 1152 torqueri
1056 1110 1246 1152 praecepit.
1294 1108 1357 1143 Illa
1391 1120 1472 1144 vero

89 1176 153 1209 ait:
187 1185 254 1221 ego
291 1174 402 1209 cibum
439 1173 482 1208 ab
518 1172 656 1208 homine
691 1184 757 1207 non
792 1174 933 1216 accepi,
969 1172 1031 1207 sed
1059 1173 1217 1208 Christus
1244 1185 1296 1209 me
1323 1186 1385 1219 per
1412 1185 1474 1209 au-

88 1241 203 1288 gelum
239 1242 415 1276 enutrivit.
467 1241 528 1274 Cui
563 1240 771 1284 imperator:
804 1238 974 1280 reconde,
1016 1249 1098 1280 oro,
1142 1240 1232 1285 quod
1267 1251 1408 1283 moneo,
1440 1243 1475 1275 in

89 1306 195 1342 corde
218 1311 279 1341 tuo
306 1311 339 1341 et
363 1307 433 1340 noli
462 1305 578 1339 dubiis
604 1306 818 1350 respondere
844 1307 1083 1347 sermonibus3
1118 1317 1185 1340 non
1219 1311 1254 1341 te
1287 1309 1389 1352 quasi
1421 1306 1475 1341 sa-

91 1373 215 1408 mulam
253 1372 437 1418 possidere
463 1374 638 1417 cupimus,
674 1371 734 1406 sed
760 1373 884 1417 regina
909 1375 1034 1416 potens
1071 1376 1104 1406 et
1137 1372 1250 1406 electa
1283 1372 1411 1407 decore
1442 1374 1476 1406 in

90 1449 202 1485 regno
234 1449 312 1473 meo
343 1438 589 1483 triumphabis.
640 1437 700 1471 Cui
737 1438 857 1483 virgo:
897 1437 1036 1472 attende
1072 1443 1106 1473 ct
1140 1442 1197 1480 tu,
1241 1438 1408 1479 obsecro,
1443 1443 1477 1473 et

88 1504 213 1550 judicii
247 1505 405 1539 examine
440 1503 593 1538 veridica
633 1504 812 1537 sanctione
848 1502 1017 1546 decerne,
1059 1514 1157 1548 quem
1191 1506 1303 1549 magis
1343 1504 1478 1549 eligere

98 1569 226 1613 debeo,
253 1580 296 1604 an
323 1573 512 1615 potentem,
539 1573 730 1609 aeternum,
757 1569 948 1614 gloriosum
978 1573 1011 1604 et
1036 1569 1198 1603 decorum
1224 1570 1277 1604 vel
1298 1569 1478 1613 infirmum,

93 1636 297 1678 mortalem,
342 1635 534 1682 ignobilem
568 1638 602 1669 et
637 1634 838 1669 deformem.
902 1635 1001 1669 Tune
1042 1636 1235 1680 imperator
1276 1635 1478 1682 indignatus

93 1704 159 1736 ait:
187 1712 205 1736 e
233 1700 368 1735 duobus
396 1712 496 1735 unum
522 1701 586 1734 tihi
612 1700 727 1746 elige,
754 1705 812 1735 aut
839 1701 1019 1742 sacrifica,
1054 1706 1091 1735 ut
1118 1703 1234 1743 vivas,
1270 1706 1329 1736 aut
1356 1704 1478 1747 exqui-

95 1769 164 1801 sita
189 1771 363 1802 tormenta
391 1766 482 1808 subi,
507 1771 545 1800 ut
572 1776 708 1812 pereas.
758 1766 802 1802 Et
826 1767 903 1801 illa:
930 1777 1166 1813 quaecumque
1191 1772 1363 1802 tormenta
1378 1772 1480 1812 potes

95 1834 274 1878 cogitare,
318 1843 362 1867 ne
394 1832 559 1873 differas,
600 1834 681 1878 quia
717 1842 852 1867 carnem
887 1837 922 1867 et
957 1834 1161 1879 sanguinem
1196 1844 1304 1868 meum
1340 1833 1480 1867 Christo

94 1898 222 1934 offerre
247 1898 433 1940 desidero,
461 1901 551 1933 sieut
578 1902 611 1933 et
636 1900 711 1944 ipse
738 1909 801 1944 pro
828 1910 879 1934 me
906 1909 944 1934 se
979 1902 1088 1944 ipsum
1120 1899 1266 1940 obtuitu
1290 1901 1366 1944 ipse
1393 1901 1480 1933 enim

95 1963 188 1999 Deus
214 1975 332 2007 meus,
368 1968 502 1999 amator
526 1975 642 2006 meus,
678 1969 801 2009 pastor
833 1969 867 1999 et
900 1975 1051 2010 sponsus
1077 1966 1200 1999 unicus
1227 1975 1334 1999 meus.
1383 1964 1482 1999 Tunc

95 2029 234 2074 quidam
268 2030 468 2074 praefectus
506 2029 633 2064 furenti
666 2032 740 2075 regi
779 2032 912 2072 suasit,
950 2035 986 2063 ut
1025 2032 1117 2064 intra
1149 2031 1298 2064 triduum
1335 2034 1484 2074 quatuor

96 2099 192 2128 rotas
219 2095 328 2129 serris
366 2094 492 2128 {erreis
525 2097 558 2128 et
591 2094 700 2128 clavis
726 2096 936 2129 acutissimis
962 2096 1214 2138 circumseptas
1240 2099 1483 2139 praepararet,

96 2164 133 2194 ut
163 2170 237 2195 eam
271 2164 339 2194 tam
373 2159 542 2194 horribile
572 2163 777 2193 tormentum
806 2159 1002 2194 dissecaret
1026 2163 1059 2194 et
1086 2164 1245 2195 caeteros
1272 2159 1483 2194 christianos

96 2231 164 2261 tam
197 2226 295 2261 dirae
326 2226 448 2260 mortis
481 2224 674 2270 exemplum
700 2229 873 2277 terreret,
907 2225 1173 2272 ordinatumque
1212 2230 1285 2268 est,
1320 2229 1358 2259 ut
1394 2225 1483 2260 duae

97 2303 164 2327 uno
201 2291 325 2326 ordine
360 2291 599 2332 volverentur,
640 2290 729 2325 duae
761 2295 873 2325 autem
909 2293 1085 2326 contrario
1119 2294 1249 2337 impetu
1281 2296 1482 2338 agerentur,

97 2362 136 2392 ut
161 2358 244 2392 illae
271 2357 434 2392 deorsum
460 2356 650 2391 lacerando
676 2356 941 2400 contraherent,
975 2359 1058 2393 illae
1083 2362 1320 2404 repugnantes
1348 2367 1482 2391 sursum

100 2410 308 2459 devorando
334 2424 579 2469 impingerent.
630 2422 728 2457 Tunc
754 2424 854 2468 virgo
879 2425 987 2459 beata
1002 2423 1174 2458 dominum
1193 2424 1365 2465 exoravit,
1388 2427 1424 2457 ut
1438 2423 1483 2457 ad

98 2489 235 2524 laudem
256 2490 308 2523 sui
332 2490 479 2523 nominis
502 2492 542 2523 'et
569 2489 831 2524 conversionem
857 2489 977 2534 populi
1004 2491 1257 2524 circumstantis
1276 2490 1385 2533 ipsam
1411 2499 1484 2523 ma-

99 2555 235 2590 chinam
263 2555 465 2600 dissiparet.
514 2553 557 2589 Et
583 2564 661 2589 ecee
687 2554 834 2601 angelus
860 2554 989 2589 domini
1015 2555 1139 2589 molam
1167 2555 1259 2588 illam
1287 2564 1361 2589 cum
1387 2558 1483 2589 tanto

101 2623 230 2666 impetu
249 2620 450 2656 divellendo
468 2621 660 2663 concussit,
685 2620 778 2665 quod
797 2624 946 2666 quatuor
964 2621 1072 2655 millia
1090 2621 1271 2667 gentilium
1298 2621 1481 2655 interemit.

101 2686 237 2733 Regina
269 2691 405 2729 autem,
447 2696 536 2731 quae
581 2685 731 2732 desuper
772 2686 838 2721 hoc
873 2686 1092 2732 adspiciebat
1127 2692 1159 2722 et
1189 2697 1298 2732 usque
1333 2691 1411 2721 tunc
1445 2697 1483 2721 sc
