1742 3005
194 134 247 173 86
485 135 581 183 (Tap.
610 133 711 169 xm.
771 131 830 168 De
861 132 1144 168 circumcisione
1177 131 1334 168 domini.

197 243 226 275 si
251 240 353 274 homo
385 238 646 274 consideraret.
693 240 726 271 in
753 239 929 271 aeternum
953 246 1021 269 non
1046 241 1227 280 peccaret,
1277 235 1410 270 scilicet
1434 237 1580 270 materia

198 306 290 347 vilis,
318 306 477 349 operatio
505 304 637 347 turpis,
665 303 778 337 exitus
807 298 956 342 flebilis,
982 303 1095 335 status
1120 301 1318 344 instabilis,
1345 311 1437 336 mors
1463 302 1584 335 trista-

197 371 298 411 bilis,
349 368 534 403 dissolutio
567 367 778 403 miserabilis
812 370 845 401 et
881 365 1056 400 damnatio
1095 365 1324 401 detestabilis.
1392 364 1435 400 Et
1460 369 1585 400 octava

197 438 312 479 potest
339 444 417 468 csse
443 433 678 469 consideratio
693 433 841 479 gloriae
874 431 1075 466 ineffabilis.
1149 431 1281 472 Quarta
1315 431 1405 466 ratio
1442 433 1586 466 sumitur

200 510 306 544 penes
341 500 550 535 intellectum
585 499 811 546 allegoricum
843 498 918 532 sive
953 497 1169 542 spiritualem
1196 501 1229 532 et
1255 497 1440 532 secundum
1466 495 1531 531 hoc
1556 495 1586 530 V

200 565 275 600 dies
303 569 403 600 erunt
430 565 459 600 V
487 566 565 600 libri
589 565 735 611 Monis,
767 566 801 598 in
826 562 952 609 quibus
975 564 1171 598 continetur
1194 562 1263 606 lex,
1291 562 1359 597 duo
1380 566 1480 598 eruut
1505 542 1587 607 pilo-

202 631 328 675 phetae
356 635 389 666 et
414 631 557 676 psalmi,
612 635 755 666 octavus
787 630 862 665 dies
897 631 963 663 erit
988 627 1147 664 doctrina
1169 629 1386 674 evangelica.
1457 628 1527 663 Sed
1552 629 1586 661 in

203 702 335 742 septem
369 698 488 743 primis
523 696 645 731 diebus
680 708 748 731 non
780 696 885 731 tiebat
920 694 1079 739 perfecta
1112 696 1346 738 circumcisio,
1394 696 1429 728 in
1463 697 1588 729 octavo

205 768 318 798 autem
365 763 524 808 perfecta
556 764 770 796 circumc-isio
810 762 845 794 tit
882 760 925 794 ab
960 762 1051 794 omni
1076 760 1179 805 culpa
1212 766 1246 795 et
1270 760 1314 794 ab
1341 762 1433 794 omni
1461 769 1587 804 poena,

205 839 292 862 nunc
317 830 349 862 in
374 838 450 873 spe,
478 827 539 862 soti
565 827 703 862 tandem
728 829 762 860 in
788 837 825 861 re
887 825 1002 865 Quare
1030 829 1143 860 autem
1170 824 1253 859 data
1279 825 1381 859 suerit
1411 826 1588 859 circumci-

206 895 271 934 sio,
300 904 360 929 sex
389 897 468 928 suut
493 903 634 935 causae,
662 902 752 938 quae
777 895 941 926 notantur
965 892 999 924 in
1027 889 1080 925 his
1106 890 1284 926 versibus:

422 959 634 1001 Cauterium,
659 960 806 1005 signum,
833 959 1002 1001 meritum,
1028 956 1209 999 medicina,
1236 957 1361 1002 figura,

423 1023 625 1069 Exemplum
653 1024 718 1058 suit
743 1024 822 1058 olim
848 1025 1063 1057 circumcisio
1089 1022 1187 1058 dura.

208 1089 257 1124 De
283 1099 387 1124 carue
421 1094 534 1125 autem
569 1090 841 1124 circumcisionis
875 1089 1004 1123 domini
1029 1089 1177 1131 dieitur,
1227 1087 1319 1134 quod
1344 1087 1491 1133 angelus
1518 1096 1592 1121 eam

208 1154 336 1189 Carolo
363 1155 498 1202 Magno
525 1155 641 1190 attulit
665 1159 699 1190 et
721 1157 797 1200 ipse
825 1165 899 1190 eam
927 1155 1141 1200 Aquisgrani
1174 1155 1207 1187 in
1236 1153 1420 1188 ecclesiam
1444 1152 1594 1187 Sanctae

208 1220 345 1256 Mariae
371 1221 559 1256 honorifice
585 1221 792 1263 collocavit,
835 1220 982 1256 Carolus
1009 1230 1091 1255 vcro
1119 1220 1212 1253 illam
1237 1223 1362 1264 postea
1391 1219 1501 1253 fertur
1528 1218 1595 1253 Ca-

211 1287 339 1320 rosinni
374 1287 618 1329 transtulisse,
670 1296 758 1320 nune
791 1290 904 1321 autem
941 1286 1066 1320 dicitur
1107 1295 1184 1320 esse
1219 1284 1348 1320 Romae
1375 1287 1409 1319 in
1434 1285 1595 1320 ecclesia.

212 1361 301 1395 {luae
327 1352 452 1386 dicitur
479 1352 609 1386 Sancta
636 1352 851 1402 Sanctorum.
900 1351 997 1387 Unde
1023 1356 1057 1386 et
1082 1350 1208 1386 ibidem
1234 1352 1397 1396 scriptum
1423 1350 1573 1396 legitur:

427 1418 638 1453 circumcisa
663 1427 746 1452 caro
771 1417 901 1452 Christi
925 1416 1087 1451 sandalia
1112 1417 1209 1451 clara

428 1484 542 1530 Atque
568 1483 719 1518 umbilici
747 1485 843 1529 viget
869 1482 924 1517 hie
949 1484 1123 1528 praecisio
1148 1493 1241 1517 cara.

216 1546 311 1582 Unde
340 1553 374 1583 et
396 1559 439 1583 ea
468 1550 523 1584 die
549 1549 586 1583 fit
607 1551 712 1584 statio
740 1549 783 1584 ad
807 1549 970 1583 Sanctam
986 1550 1202 1583 Sanctorum.
1232 1549 1300 1583 Sed
1325 1550 1355 1583 si
1376 1547 1441 1582 hoc
1465 1557 1596 1589 verum,

215 1612 316 1647 valde
336 1615 452 1659 utique
466 1615 625 1649 mirabile
639 1619 701 1649 est.
732 1615 814 1649 Cum
834 1616 921 1649 cuim
936 1624 1018 1648 earo
1035 1616 1113 1659 ipsa
1126 1615 1170 1648 sit
1188 1614 1230 1648 de
1255 1616 1403 1649 veritate
1429 1613 1600 1648 humanae

215 1682 381 1721 naturae,
417 1679 611 1723 credimus,
647 1680 740 1725 quod
767 1683 974 1725 resurgente
1000 1679 1140 1714 Christo
1168 1679 1271 1714 rediit
1295 1679 1340 1713 ad
1363 1680 1474 1714 locum
1502 1688 1599 1713 suum

214 1744 455 1789 glorificatum.
503 1746 622 1790 Aliqui
648 1746 829 1788 dixerunt,
858 1745 950 1790 quod
976 1744 1041 1778 hoc
1070 1755 1185 1780 verum
1211 1746 1257 1779 sit
1276 1746 1380 1790 juxta
1404 1745 1600 1790 opinionem

213 1808 372 1853 illorum,
423 1812 480 1855 qui
508 1810 624 1845 dicunt
648 1811 732 1845 illud
758 1811 868 1845 solum
896 1821 975 1846 esse
1002 1810 1044 1845 de
1072 1812 1220 1845 veritate
1245 1810 1416 1846 humanae
1440 1814 1599 1847 naturae,

215 1885 304 1919 quae
331 1876 375 1910 ab
400 1876 510 1911 Adam
540 1877 700 1911 traducta
724 1880 796 1920 est,
824 1880 859 1910 et
882 1878 983 1911 istam
1009 1876 1118 1910 solum
1145 1886 1341 1922 resurgere.
1390 1875 1598 1918 Notandum,

214 1940 306 1984 quod
332 1941 411 1975 olim
439 1952 459 1975 a
488 1944 637 1988 paganis
663 1947 695 1977 et
723 1942 914 1988 gentilibus
949 1944 981 1977 in
1007 1941 1060 1976 his
1096 1942 1251 1977 calendis
1279 1942 1407 1994 multae
1431 1942 1602 1986 supersti—

216 2006 330 2041 tiones
351 2007 643 2051 observabantur,
669 2018 756 2053 quas
783 2009 892 2043 sancti
920 2009 1023 2043 etiam
1051 2018 1072 2043 a
1098 2008 1305 2043 Christianis
1328 2009 1386 2043 vix
1405 2008 1601 2052 exstirpare

217 2075 400 2115 poterant,
436 2084 522 2118 quas
551 2075 767 2120 Augustinus
794 2076 829 2108 in
853 2074 1002 2119 quodam
1029 2085 1187 2109 sermone
1213 2076 1468 2109 commemorat.
1517 2072 1601 2107 Gre-

217 2136 338 2172 dentes
366 2141 467 2181 enim,
496 2143 531 2173 ut
554 2140 649 2183 dicit,
675 2141 797 2176 Janum
825 2140 944 2175 duceni
970 2140 1271 2185 quemdamDeum
1287 2150 1378 2183 esse,
1404 2149 1479 2174 eum
1500 2137 1601 2172 inhis

216 2202 370 2237 calendis
397 2205 576 2247 plurimum
605 2190 861 2240 venerabamur
884 2210 918 2240 et
943 2207 974 2240 ei
999 2205 1085 2239 duas
1113 2205 1220 2239 facies
1248 2205 1464 2250 figurabant,
1499 2212 1600 2236 unam

218 2272 297 2311 post
323 2279 382 2311 se,
409 2269 511 2303 aliam
537 2274 616 2305 ante
641 2281 700 2313 sc,
736 2273 819 2315 quia
845 2275 920 2305 crat
945 2272 1109 2305 terminus
1137 2271 1216 2304 anni
1244 2270 1421 2314 praeteriti
1447 2272 1481 2303 et
1505 2268 1600 2313 prin-

216 2335 341 2377 cipium
367 2336 556 2380 sequentis.
607 2334 737 2370 Rursus
764 2338 795 2369 in
822 2335 874 2369 iiis
900 2336 1054 2369 calendis
1084 2336 1213 2370 formas
1239 2339 1477 2369 monstruosas
1503 2342 1602 2367 assu-

219 2399 376 2442 mebant,
404 2401 462 2434 alii
491 2403 679 2436 vestientes
706 2412 743 2435 se
769 2402 918 2445 pellibus
945 2401 1131 2446 pecudum,
1159 2402 1217 2435 alii
1244 2406 1460 2436 assumentes
1486 2399 1604 2443 capita

221 2464 424 2508 bestiarum,
453 2478 493 2501 ex
512 2478 579 2512 quo
599 2467 830 2510 indicabatur,
859 2478 924 2501 non
949 2469 979 2512 ¹)
997 2472 1124 2501 tantuin
1146 2467 1311 2510 habitunt,
1338 2465 1397 2501 sed
1414 2464 1601 2499 belluinum

221 2530 350 2567 babere
366 2543 515 2567 sensum.
542 2533 609 2567 Alii
629 2534 752 2567 tunicis
771 2532 997 2567 ntulit-limbus
1026 2533 1274 2575 vestiebantur,
1303 2543 1368 2567 non
1396 2531 1598 2566 erubescen—

221 2600 271 2629 tes
298 2598 452 2633 inserere
477 2600 602 2633 tunicis
630 2598 853 2634 nuiliebribns
883 2599 1049 2633 militares
1075 2599 1236 2633 lacertos.
1288 2599 1355 2632 Atii
1383 2599 1430 2630 ita
1457 2597 1602 2642 auguria

290 2743 313 2768 ΙΝ,
335 2743 383 2770 td.
399 2729 472 2769 itu—c.
496 2743 548 2771 lm.
572 2748 640 2771 lain
663 2745 689 2770 b.
713 2756 748 2770 «ψ
771 2745 840 2771 twtt.
862 2745 927 2771 bal».
950 2753 1055 2777 quani
1077 2753 1096 2769 S.

1704 2926 1715 2978 vr<
1708 2910 1710 2914 -
1712 2887 1714 2890 ,
1704 2839 1716 2863 Γ-
1711 2820 1715 2824 ,
