1742 3005
363 74 458 123 Cap.
493 74 664 110 CXXtV.
725 76 782 112 De
814 81 943 111 sancto
974 75 1199 124 Augustino.
1393 73 1474 112 549

88 177 167 211 niel.
200 176 285 212 Xll:
324 179 382 222 qui
406 177 450 212 ad
476 178 650 223 justitiam
686 178 844 213 erudiant
870 181 996 214 multos
1023 181 1123 226 quasi
1150 179 1275 214 stellae
1300 183 1364 213 etc.
1414 179 1474 213 llic

86 246 200 276 autem
226 247 448 287 eomparatur
473 244 560 284 soli,
597 246 688 279 sieut
714 249 811 289 patet
835 247 869 278 in
895 246 1066 290 epistola,
1106 255 1197 289 quae
1231 244 1274 278 de
1310 254 1351 279 eo
1388 254 1471 278 can-

84 311 188 341 tatur.
239 308 407 348 Quoniam
433 310 522 342 sieut
548 310 601 344 sol
628 310 807 355 refulgens
833 312 883 344 sie
909 312 984 355 ipse
1012 310 1149 345 refulsit
1183 311 1217 343 lu
1242 309 1370 353 templo
1396 309 1470 344 Dei.

85 372 246 407 Secundo
281 378 426 418 propter
458 374 629 409 servorem
659 374 879 417 dilectionis,
915 376 1076 420 quoniam
1114 377 1205 408 sicut
1237 376 1365 408 mensis
1399 375 1472 409 Au-

83 442 208 482 gustus
234 438 335 473 valde
371 439 484 474 servet
509 444 607 474 aestu
633 440 780 481 caloris,
814 441 866 472 sic
901 444 935 473 et
966 441 1042 483 ipse
1077 439 1176 473 valde
1211 439 1356 472 incaluit
1388 442 1470 484 igne

85 502 192 537 divini
209 506 348 538 amoris.
397 503 493 539 Unde
519 506 596 547 ipse
622 505 656 536 in
681 503 772 537 libro
793 503 1052 538 confessionum
1073 503 1115 538 de
1134 513 1172 538 se
1192 503 1292 538 dicit:
1317 505 1467 549 sagitta-

84 578 186 603 veras
230 572 267 603 tu
298 579 359 603 cor
391 578 501 602 meum
543 569 689 602 caritate
724 572 785 602 tua
816 574 879 603 etc.
928 568 1056 603 Iterum
1090 568 1240 603 ibidem:
1277 568 1468 613 aliquando

82 634 282 667 intromittis
319 643 371 667 me
404 634 439 667 in
472 632 633 668 affectum
658 633 798 668 multum
825 635 1027 669 inusitatum
1051 636 1246 677 introrsus,
1278 635 1398 668 nescio
1424 634 1470 667 ad

81 708 181 743 quam
217 697 454 740 dulcedinem;
491 709 581 743 quae
616 700 646 732 si
681 698 882 743 perficiatur
909 701 943 734 in
977 710 1049 742 me,
1083 701 1222 742 nescio,
1257 698 1350 744 quod
1389 701 1468 740 erit,

84 765 155 808 ¹)si
174 764 246 799 vita
265 768 409 798 aeterna
426 775 494 798 non
511 766 588 799 erit.
629 764 752 799 Tertio
774 769 919 810 propter
940 765 1185 811 etymologiam
1208 765 1369 799 nominis.
1405 764 1467 798 Di-

80 830 169 864 citur
192 830 281 864 enim
307 828 526 875 Augustinus
553 830 597 863 ab
623 840 737 876 augeo
768 834 802 864 et
826 831 932 871 astin,
961 830 1053 875 quod
1080 834 1133 864 est
1159 832 1299 871 civitas,
1329 834 1362 864 et
1387 839 1468 871 ana,

79 894 171 939 quod
198 898 253 929 cst
276 904 425 930 sursum.
473 894 557 929 Inde
582 895 800 940 Augustinus
827 896 928 940 quasi
954 905 1089 940 augens
1126 905 1312 940 supernam
1344 896 1465 928 ι’ἰνίῑῑιμ

78 965 163 1002 tem,
190 960 281 994 unde
307 959 348 994 de
376 971 418 994 eo
444 965 623 995 cantatur:
652 962 711 1005 qui
737 960 934 1004 praevaluit
954 960 1169 1004 amplificare
1196 961 1373 994 civitatem
1402 965 1466 995 etc.

78 1026 128 1060 De
159 1036 227 1071 qua
261 1027 404 1061 civitate
432 1028 509 1070 ipse
546 1025 630 1060 dicit
663 1026 696 1058 in
722 1024 813 1058 libro
843 1024 901 1060 Xl.
929 1025 971 1060 de
999 1028 1063 1060 εἰν.
1090 1026 1171 1060 Dei:
1208 1010 1299 1060 inest
1333 1027 1467 1060 civitati

76 1092 140 1126 Dei
174 1096 209 1127 et
242 1093 344 1136 origo
376 1095 410 1125 et
444 1092 645 1125 informatio
682 1095 715 1125 et
742 1091 948 1131 beatitudo,
982 1093 1165 1136 quoniam,
1198 1094 1228 1126 si
1263 1096 1464 1136 quaeratur,

76 1156 166 1191 unde
191 1158 257 1198 sit,
294 1156 388 1191 Deus
427 1167 501 1192 eam
527 1157 696 1197 condidit,
721 1158 764 1198 si,
792 1156 881 1191 unde
907 1158 1061 1201 sapiens,
1091 1167 1112 1191 a
1138 1157 1210 1191 Deo
1238 1157 1462 1196 illuminatur,

75 1224 125 1265 si,
160 1222 249 1257 unde
281 1222 390 1264 felix,
429 1222 504 1257 Deo
536 1222 682 1263 fruitur,
716 1222 914 1256 subsistens
948 1221 1188 1264 modificatur,
1224 1223 1463 1266 contemplans

75 1288 291 1330 illustratur,
316 1287 502 1322 inhaerens
524 1287 758 1332 jucundatur:
783 1287 877 1322 videt
901 1292 936 1322 et
961 1293 1073 1328 amat,
1110 1290 1143 1322 in
1169 1290 1379 1323 aeternitate
1403 1289 1463 1323 Dei

75 1355 192 1400 viget,
220 1355 255 1387 in
282 1354 431 1387 veritate
459 1352 524 1387 Dei
551 1353 660 1393 lacet,
689 1354 723 1386 iu
749 1351 906 1386 bonitate
931 1353 996 1388 Dei
1021 1353 1171 1399 gaudet,
1209 1355 1284 1397 vel,
1310 1359 1347 1388 ut
1373 1355 1460 1388 dici-

74 1424 130 1453 tur
156 1420 191 1452 in
218 1417 422 1459 Glossario,
454 1418 673 1463 Augustinus
699 1418 826 1453 dicitur
850 1419 1077 1464 magnificus,
1114 1418 1218 1460 felix,
1245 1420 1461 1463 praeclarus.

74 1483 154 1518 Fuit
179 1485 267 1519 enim
295 1482 499 1529 magnificus
525 1485 560 1517 in
588 1485 677 1524 vita,
704 1484 909 1527 praeclarus
937 1485 970 1517 in
998 1484 1178 1525 doctrina,
1214 1485 1297 1518 felix
1323 1486 1356 1518 in
1381 1485 1461 1530 glo-

75 1551 138 1585 ria.
185 1548 273 1594 Ejus
309 1550 412 1583 vitam
447 1548 649 1593 compilavit
681 1548 911 1583 Possidonius
942 1549 1158 1584 Calamensis
1185 1551 1389 1595 episcopus,
1424 1556 1461 1584 ut

75 1615 160 1649 dicit
188 1614 421 1650 Cassiodorus
447 1615 482 1648 in
505 1613 596 1648 libro
622 1613 664 1649 de
691 1615 774 1649 viris
801 1614 1008 1649 illustribus.

138 1684 178 1717 1.
214 1681 431 1727 Augustinus
453 1680 575 1716 doctor
593 1682 760 1727 egregius
778 1682 811 1715 in
830 1682 1013 1726 provincia
1031 1681 1195 1716 Africana
1213 1682 1355 1717 civitate
1375 1682 1460 1716 Car-

73 1747 287 1792 thaginiensi
319 1750 416 1781 ortus
448 1758 489 1782 ex
523 1746 680 1782 honestis
714 1747 814 1781 valde
845 1747 1070 1792 parentibus,
1107 1748 1241 1782 scilicet
1266 1752 1366 1792 patre
1392 1747 1459 1782 Pa-

71 1813 188 1854 tricio,
217 1816 326 1847 matre
353 1813 388 1857 ²)
400 1812 591 1848 Moniaeha
615 1814 768 1858 genituS,
795 1814 830 1847 in
855 1812 1063 1848 liberalibus
1089 1813 1223 1848 artibus
1246 1812 1463 1847 sufficienter

73 1876 218 1912 edoctus
244 1877 326 1919 suit,
352 1877 443 1913 adeo
471 1883 508 1913 ut
535 1889 685 1913 summus
713 1878 945 1924 philosophus
963 1884 997 1914 et
1020 1879 1142 1914 rhetor
1165 1877 1461 1913 luculentissimus

72 1942 274 1978 haberetur.
322 1941 406 1978 Nam
426 1944 538 1979 libros
555 1945 760 1979 Aristotelis
782 1950 815 1979 et
834 1956 954 1980 omnes
975 1945 1085 1979 libros
1105 1943 1304 1980 liberalium
1323 1945 1460 1983 artium,

74 2017 299 2053 quoscunque
325 2008 447 2053 legere
472 2011 597 2053 potuit,
626 2020 690 2054 per
714 2019 752 2044 se
778 2009 900 2044 didicit
920 2014 955 2044 et
980 2010 1165 2051 intellexit,
1191 2010 1284 2043 sicut
1310 2011 1345 2042 in
1369 2008 1461 2043 libro

71 2059 331 2107 confessionum
354 2077 506 2107 testatur
530 2073 671 2108 diceus:
697 2084 815 2108 omnes
840 2074 969 2116 libros,
1003 2084 1090 2119 quos
1124 2073 1290 2108 liberales
1327 2078 1461 2115 vocant,

71 2142 153 2171 tunc
176 2138 411 2183 nequissimus
437 2138 603 2172 malarum
629 2138 857 2183 cupiditatum
885 2149 1008 2174 servus
1033 2149 1095 2184 per
1120 2149 1173 2174 me
1198 2140 1310 2184 ipsum
1336 2138 1410 2185 legi
1429 2143 1463 2173 et

71 2202 241 2245 intellexi,
273 2213 500 2248 quoscunque
518 2203 639 2249 legere
659 2205 768 2248 potui.
815 2204 900 2239 Itcm
921 2206 956 2239 in
977 2204 1117 2240 eodem:
1144 2203 1309 2250 quiequid
1338 2208 1391 2239 est
1417 2203 1460 2239 dc

73 2272 149 2302 arte
180 2267 346 2313 loquendi
382 2272 416 2303 et
450 2268 667 2311 disserendi,
704 2270 869 2316 quicquid
896 2269 939 2305 de
964 2270 1240 2305 dimensionibus
1272 2270 1458 2316 figurarum

72 2337 107 2367 et
132 2331 175 2367 de
199 2334 338 2367 musicis
364 2338 399 2368 et
422 2334 465 2368 de
491 2336 655 2377 numeris,
679 2336 756 2370 sine
781 2345 909 2381 magna
934 2335 1141 2371 difficultate
1166 2335 1262 2370 nullo
1287 2334 1460 2369 hominum

72 2398 232 2432 tradente
257 2397 425 2432 intellexi.
475 2399 572 2442 Scis,
608 2404 646 2434 tu
672 2399 809 2435 domine
835 2401 928 2436 Deus
954 2411 1050 2436 meus
1066 2429 1074 2444 ,
1112 2402 1194 2447 quia
1217 2400 1381 2435 celeritas
1407 2402 1459 2435 in-

71 2462 257 2509 telligendi
283 2467 316 2498 et
342 2462 501 2497 discendi
528 2473 670 2499 acumen
697 2465 822 2500 donum
846 2470 940 2500 tuum
966 2471 1038 2507 est,
1066 2466 1127 2500 sed
1150 2476 1219 2500 non
1245 2465 1325 2501 inde
1350 2468 1460 2501 saeri-

74 2529 218 2564 lieabam
245 2529 329 2571 tibi,
366 2539 482 2563 verum
520 2530 602 2572 quia
629 2531 778 2565 seientia
810 2533 884 2565 stne
912 2532 1057 2566 caritate
1083 2542 1152 2565 non
1178 2531 1360 2574 aedificat,
1397 2533 1459 2567 sed

73 2594 180 2628 inflat.
228 2594 265 2629 In
291 2604 443 2629 errorem
470 2593 770 2639 Manichaeorum,
798 2597 856 2641 qui
876 2595 1049 2630 Christum
1066 2596 1322 2642 phantasticum
1350 2598 1459 2633 luisse

141 2673 170 2705 l)
188 2671 241 2700 Ed.
261 2676 318 2702 l’r.:
340 2683 357 2706 q
367 2683 385 2699 u
395 2673 442 2700 od
461 2674 539 2700 vita
560 2672 635 2700 ista
656 2682 738 2702 non.
841 2674 869 2707 2)
887 2676 1008 2703 Recent.
1027 2675 1175 2704 Monica
1196 2676 1306 2709 legunt.
