1742 3005
242 86 336 137 Cap.
371 86 544 127 CXXVI.
605 88 664 125 De
695 89 834 125 sanctis
865 88 992 126 Felice
1023 96 1061 126 et
1092 88 1273 126 Adaucto.
1373 88 1455 127 575

66 194 103 225 ut
127 181 265 237 fugeret
289 195 324 226 et
348 201 386 226 se
419 190 604 229 liberaret.
652 191 875 238 Quapropter
908 194 1093 229 Sanetulus
1127 194 1173 229 ad
1212 194 1454 229 decollandum

64 256 252 290 adducitur
286 260 321 291 et
352 256 396 290 ad
431 255 496 290 hoc
533 256 744 292 fortissimus
779 258 972 302 spiculator
1005 260 1170 305 eligitur,
1213 260 1257 294 de
1291 271 1358 305 quo
1391 260 1455 294 du-

65 321 156 356 bium
181 333 250 356 non
276 326 372 364 erat,
410 324 493 367 quin
526 333 592 356 uno
618 323 687 356 ictu
719 327 823 368 caput
849 325 926 368 ejus
955 324 1200 367 abscinderet,
1241 330 1455 371 extensoque

65 387 176 430 collo,
212 397 285 421 eum
324 387 482 422 carnifex
515 388 597 422 sorti
631 389 754 422 annisu
790 388 969 422 brachium
1003 398 1077 421 cum
1103 399 1185 423 ense
1212 391 1247 423 in
1272 391 1376 424 altum
1402 391 1446 426 le-

65 457 195 493 vasset,
221 453 280 487 ille
306 455 465 497 protinus
492 454 559 486 ait:
588 458 709 487 sancte
734 452 934 494 Johannes,
964 455 1105 496 suscipe
1132 453 1239 495 illum,
1267 457 1454 500 statimque

65 517 244 552 brachium
278 518 497 562 percussoris
534 519 675 562 irriguit
705 521 740 551 et
773 522 890 551 erecto
923 519 957 551 in
984 518 1084 551 coelo
1113 518 1235 563 gladio
1262 519 1455 554 inflexibile

66 584 232 617 remansit
257 583 500 627 praestitoque
520 582 740 626 juramento,
774 582 867 627 quod
894 574 937 617 de
967 587 1106 617 caetero
1135 583 1264 617 nullum
1289 583 1454 618 christia-

65 659 141 682 num
168 648 308 689 feriret,
340 648 391 682 vir
414 647 478 682 Dei
506 657 568 692 pro
596 658 637 682 eo
664 649 780 683 oravit
805 652 839 682 et
863 648 1044 683 brachium
1071 650 1187 684 statim
1217 648 1391 694 deposuit.

494 991 619 1052 (JAP.
656 991 839 1053 cxxw.
879 992 1021 1056 (121.)

226 1093 324 1136 De
356 1090 600 1136 sanctis
630 1092 848 1137 Felice
887 1093 953 1136 et
981 1091 1284 1137 Adaueto.

148 1198 244 1234 Felix
271 1201 446 1246 presbiter
473 1205 506 1236 et
533 1202 643 1236 frater
669 1212 773 1243 suus,
809 1201 970 1235 similiter
1005 1201 1140 1234 nomine
1167 1199 1265 1234 Felix
1292 1203 1324 1234 et
1351 1210 1450 1244 pres-

59 1266 172 1308 biter,
206 1266 432 1311 Dyocletiano
460 1271 493 1301 et
517 1267 734 1302 Maximiano
764 1267 875 1300 oblati
902 1270 993 1300 sunt.
1041 1266 1191 1305 Quorum
1225 1267 1344 1299 senior
1378 1275 1452 1299 cum

59 1330 104 1364 ad
138 1331 302 1376 templum
338 1332 503 1376 Serapis,
537 1337 573 1366 ut
609 1332 736 1366 ibidem
770 1331 1005 1373 sacrificaret,
1043 1330 1213 1365 adductus
1248 1334 1362 1372 esset,
1397 1332 1450 1364 in-

59 1395 215 1429 sufflavit
249 1397 284 1429 iu
315 1396 438 1431 faciem
465 1401 603 1432 statuae
629 1401 663 1431 et
687 1399 845 1441 protinus
880 1398 1015 1433 cecidit.
1065 1398 1195 1432 Ductus
1222 1397 1383 1430 similiter
1407 1395 1451 1429 ad

60 1464 209 1494 statuam
252 1460 419 1495 Mercurii
458 1463 592 1506 pariter
635 1462 829 1496 insufflaxit
871 1468 905 1497 et
945 1465 1103 1508 protinus
1153 1467 1271 1496 statua
1310 1461 1450 1496 cecidit.

58 1527 189 1561 Ductus
224 1528 328 1561 tertio
366 1526 411 1560 ad
440 1528 658 1562 simulacrum
685 1528 817 1562 Dianae
851 1528 1014 1562 similiter
1040 1528 1133 1563 fecit.
1183 1527 1315 1561 Torius
1342 1527 1451 1571 igitur

60 1593 92 1626 in
127 1592 276 1637 equuleo
314 1592 438 1626 ductus
475 1597 527 1627 est
560 1597 684 1638 quarm
720 1593 762 1626 ad
796 1594 956 1628 arborem
983 1594 1216 1639 sacrilegmii,
1252 1597 1287 1626 ut
1322 1591 1449 1626 ibidem

59 1657 271 1700 immolaret,
306 1658 365 1703 qui
395 1657 496 1692 flexis
529 1658 679 1704 genibus
705 1659 820 1692 oravit
846 1664 878 1693 et
904 1661 938 1692 in
965 1659 1126 1693 arborem
1153 1659 1299 1693 sufflans
1326 1668 1401 1692 eam
1429 1668 1450 1691 a

58 1723 178 1758 radice
211 1723 382 1758 subvertit
417 1727 451 1758 et
475 1723 694 1757 simulacrum
720 1734 794 1758 cum
820 1735 882 1758 ara
908 1729 942 1759 et
967 1725 1094 1770 templo
1118 1725 1245 1758 arbore
1265 1727 1449 1758 corruente

59 1790 231 1823 contrivit.
284 1788 382 1828 Quod
419 1799 494 1824 cum
528 1789 729 1834 praefectus
767 1790 981 1832 audivisset,
1019 1801 1094 1825 eum
1127 1790 1254 1825 ibidem
1280 1789 1450 1824 decollari

56 1856 235 1899 praecepit
261 1858 295 1888 et
318 1864 445 1900 corpus
475 1855 551 1900 ejus
577 1855 670 1900 lupis
704 1859 737 1890 et
762 1856 907 1890 canibus
934 1855 1133 1901 dereliquit.
1183 1856 1280 1891 Tunc
1307 1855 1448 1900 quidam

56 1921 92 1954 in
128 1920 276 1954 medium
310 1925 453 1965 repente
487 1921 676 1965 prosiliens
712 1921 939 1955 christianum
971 1932 1008 1956 se
1033 1922 1144 1956 libere
1170 1922 1354 1966 professus
1381 1924 1446 1955 est.

56 1983 168 2018 Ambo
202 1986 311 2029 igitur
346 1995 384 2020 se
418 1987 564 2020 invicem
598 1987 798 2020 osculantes
834 1986 962 2021 ibidem
996 1987 1134 2021 insimul
1162 1986 1328 2022 decollati
1355 1991 1446 2025 suut,

57 2049 240 2083 christiani
277 2059 358 2082 vero
393 2050 469 2092 ejus
502 2060 626 2084 nomen
659 2052 863 2095 ignorantes
894 2062 969 2085 eum
993 2051 1189 2085 Adauctum
1222 2054 1445 2091 vocaverunt,

58 2125 99 2149 eo
127 2113 219 2158 quod
250 2117 370 2147 saneto
395 2112 503 2146 Felici
537 2118 657 2147 auctus
690 2115 736 2147 sit
769 2114 813 2147 ad
851 2124 1013 2149 eoronam
1041 2116 1200 2150 martirii.
1251 2115 1345 2154 Quos
1371 2125 1444 2149 cum

58 2180 241 2215 christiani
277 2179 310 2212 in
349 2178 474 2220 fovea,
514 2188 616 2223 quam
651 2179 758 2213 arbor
791 2179 976 2223 effecerat,
1013 2181 1280 2225 sepelivissent,
1316 2182 1445 2227 pagani

56 2255 118 2280 eos
153 2244 308 2279 effodere
340 2243 497 2278 volentes
523 2245 682 2288 protinus
714 2254 735 2277 a
760 2244 911 2290 dyabolo
937 2250 1018 2281 sunt
1043 2248 1189 2291 arrepti.
1235 2246 1340 2282 Passi
1366 2250 1445 2281 sunt

55 2312 149 2345 circ-a
176 2319 285 2343 anuos
313 2309 440 2343 domini
468 2308 731 2344 CCLXXXVH.
