1742 3005
266 91 346 130 700
460 91 555 140 Cap.
589 90 742 127 CLvtt.
800 91 857 125 De
897 96 1026 125 sancto
1058 90 1235 127 Crisanto
1267 96 1301 127 et
1332 90 1457 126 Daria.

266 196 411 240 flagitiis
438 204 474 228 se
502 192 699 232 dedissent,
727 190 865 225 obsessi
892 201 911 224 a
937 191 1153 226 multitudine
1181 192 1370 226 Tureorum
1402 194 1492 227 fame
1519 203 1558 226 uc
1589 194 1647 225 mi-

265 261 359 292 seria
394 256 574 300 multiplici
615 255 875 300 affligebantur.
926 256 996 289 Sed
1031 266 1104 290 oum
1147 257 1249 300 plene
1289 256 1333 290 ad
1375 258 1546 292 dominum
1589 270 1651 303 per

265 322 511 366 poenitentiam
539 320 687 354 fuissent
715 322 894 362 conversi,
921 323 1084 365 apparuit
1109 321 1243 355 cuidam
1272 323 1303 354 in
1331 322 1482 357 eeclesia
1507 328 1649 358 sanctae

265 387 400 420 Mariae
429 386 472 420 de
499 385 637 430 Tripoli
666 386 827 432 vigilanti
855 388 906 420 vir
931 387 1068 431 quidam
1095 386 1230 420 lucidus
1258 386 1416 421 candidis
1438 390 1650 423 vestimentis

264 451 424 493 indutus,
464 455 497 485 et
531 461 604 485 eum
640 456 845 496 quaereret⁷
880 453 1038 497 quisnam
1073 456 1190 493 esset,
1227 451 1315 486 dixit
1341 462 1378 486 se
1405 462 1483 486 esse
1508 452 1649 495 Lucam,

264 518 320 560 qui
350 516 392 550 de
419 516 606 550 Antioehia
635 520 796 558 venerat,
832 516 889 550 ubi
918 516 1077 551 dominus
1104 517 1258 551 militiam
1284 516 1374 551 coeli
1410 521 1443 550 et
1468 518 1649 562 apostolos

266 585 299 615 et
319 583 478 616 martires
497 587 764 625 convocaverat,
785 586 818 616 ut
840 593 902 627 pro
919 584 992 616 suis
1009 584 1205 628 peregrinis
1226 586 1432 627 pugnarent.
1461 581 1650 617 Christiani

266 648 374 691 igitur
400 649 539 681 animati
569 658 700 682 omnem
727 647 918 681 Tui-corum
947 649 1133 682 exercitum
1164 648 1422 693 confregerunt.

708 969 834 1030 cAl’.
869 968 1029 1032 ctvll.
1066 970 1243 1033 (152.)

421 1070 519 1113 lle
560 1068 781 1112 saneto
813 1065 1104 1111 crisanto
1142 1068 1250 1111 Ἶρι
1280 1067 1493 1113 Baria.

355 1176 536 1210 Crisantus
568 1174 658 1208 fitius
687 1173 865 1214 '-’)Polimii
893 1175 955 1207 viri
989 1174 1234 1217 illustrissimi,
1274 1175 1349 1208 dum
1385 1175 1484 1209 tidem
1520 1174 1648 1209 Christi

264 1241 409 1275 edoctus
435 1243 529 1275 esset
554 1244 588 1274 et
615 1250 634 1273 a
664 1243 762 1283 patre
787 1238 829 1272 ad
856 1238 961 1283 ydola
989 1240 1145 1273 revocari
1175 1250 1240 1272 non
1269 1244 1408 1283 posset,
1439 1241 1548 1284 jussit
1574 1250 1647 1274 eum

265 1311 365 1350 pater
384 1308 417 1339 in
431 1305 586 1340 eone-lavi
600 1304 775 1339 recludiet
794 1305 946 1349 quinque
969 1304 1104 1348 puellas
1127 1304 1249 1346 eidem,
1273 1308 1307 1338 ut
1326 1308 1441 1339 earum
1463 1304 1649 1339 seducatur

264 1371 457 1413 blanditiis,
483 1372 623 1405 sociari.
675 1370 738 1410 Qui
767 1380 840 1403 enm
867 1373 1004 1404 orasset
1030 1368 1149 1411 Deum,
1176 1381 1217 1404 ne
1244 1380 1264 1404 a
1291 1370 1366 1404 fera
1391 1371 1543 1415 pessima
1568 1379 1644 1403 car-

265 1436 349 1479 nali,
378 1436 510 1470 scilieet
529 1436 824 1480 concupiscentia,
842 1438 1080 1479 superaretur,
1101 1436 1265 1469 continuo
1287 1435 1490 1480 praedictae
1509 1434 1646 1479 puellae

264 1511 384 1535 somno
410 1511 603 1545 oppressae
629 1511 692 1535 nee
718 1505 833 1545 potum
858 1510 921 1534 nee
938 1499 1050 1534 oibum
1067 1510 1203 1536 sumere
1222 1505 1395 1545 poteraut,
1422 1500 1484 1535 sed
1502 1499 1647 1534 eductae

263 1567 418 1600 exterius
446 1567 608 1599 continuo
634 1566 722 1600 haee
746 1566 938 1600 sumebant.
988 1564 1085 1599 Tune
1108 1565 1216 1600 Daria
1245 1567 1344 1611 virgo
1377 1565 1648 1611 prudentissima

264 1630 359 1665 Deae
385 1630 513 1665 Vestae
538 1630 656 1664 dicata
681 1635 846 1675 rogatur,
882 1635 918 1664 nt
943 1630 984 1664 ad
1013 1631 1208 1665 Crisantum
1237 1633 1388 1666 introeat
1413 1635 1447 1666 et
1471 1641 1545 1666 eum
1571 1629 1646 1664 Diis

265 1700 299 1730 et
324 1696 412 1740 patri
440 1696 612 1730 restituat.
663 1694 758 1733 Quae
784 1697 947 1740 ingressa
973 1700 1007 1730 et
1039 1706 1059 1729 a
1086 1696 1248 1731 Crisanto
1275 1696 1317 1731 de
1344 1706 1470 1742 pompa
1501 1696 1645 1730 vestium

265 1760 482 1805 reprehensa
521 1758 721 1804 respondit,
754 1769 793 1794 se
831 1770 899 1793 non
939 1764 1082 1803 propter
1115 1772 1293 1806 pompam,
1337 1761 1399 1802 sed
1436 1765 1473 1795 ut
1502 1760 1577 1794 Diis
1613 1764 1647 1794 et

264 1828 355 1870 patri
391 1836 464 1860 eum
499 1825 741 1866 lucrifaceret,
776 1825 825 1858 sie
862 1824 1026 1858 indutam.
1084 1826 1164 1858 Cum
1202 1826 1381 1860 Crisantus
1418 1827 1537 1860 iterum
1572 1834 1644 1859 eam

265 1889 558 1933 reprehenderet,
594 1900 655 1924 eur
688 1900 750 1934 pro
790 1889 863 1923 Diis
897 1889 976 1923 iilos
1013 1889 1162 1931 coleret,
1202 1900 1289 1934 quos
1324 1894 1464 1924 autores
1490 1892 1645 1934 ipsorum

262 1955 462 2000 flagitiosos
487 1964 594 1999 saepe
623 1956 717 1989 viros
744 1958 776 1988 et
800 1954 992 1998 impudicas
1020 1954 1166 1988 seminas
1198 1954 1432 1997 affirmarent,
1466 1954 1646 1998 respondit

264 2018 393 2060 Uaria,
429 2019 659 2064 philosophos
694 2031 755 2064 per
786 2021 923 2054 nomina
954 2019 1126 2053 hominum
1162 2019 1332 2054 elementa
1360 2021 1532 2053 sanxisse.
1583 2020 1644 2053 Cui

264 2084 464 2117 Crisantns:
501 2086 531 2117 si
563 2095 650 2118 unns
686 2089 812 2118 terram
845 2087 883 2118 ut
909 2083 1015 2118 Deam
1044 2088 1227 2119 veneretur
1258 2088 1292 2119 et
1316 2084 1406 2120 alter
1434 2088 1471 2118 ut
1495 2085 1645 2118 rusticus

262 2152 358 2190 aret,
390 2148 468 2193 plus
500 2150 630 2183 rustico
664 2159 763 2194 quam
799 2150 979 2184 veneranti
1012 2148 1178 2184 exhibere
1205 2149 1397 2194 probatur,
1435 2153 1468 2184 et
1493 2149 1535 2183 de
1560 2151 1644 2183 mari

263 2218 298 2248 et
321 2214 400 2247 aliis
425 2214 594 2249 similiter.
645 2213 746 2248 Tunc
774 2215 954 2249 Grisantus
983 2218 1017 2249 et
1040 2214 1148 2248 Daria
1180 2214 1223 2249 ab
1263 2225 1304 2249 eo
1338 2224 1509 2249 conversa
1533 2216 1643 2248 saneti

262 2279 406 2323 spiritus
433 2278 560 2323 copula
584 2280 670 2312 uniti
695 2283 728 2313 et
754 2279 896 2313 carnale
918 2280 1167 2313 matrimonium
1187 2280 1389 2314 simulantes
1407 2279 1449 2313 ad
1471 2278 1643 2313 Christum

263 2343 431 2387 plurimos
460 2342 720 2376 convertebant.
771 2343 853 2377 Nam
882 2347 915 2378 et
944 2343 1122 2378 Claudium
1150 2344 1334 2387 tribunum,
1364 2346 1420 2390 qni
1447 2345 1542 2388 prius
1569 2345 1643 2389 ejus

266 2410 397 2450 ³)tutor
418 2408 543 2449 suerat,
571 2418 643 2441 eum
665 2418 773 2442 uxore
795 2409 870 2452 ejus
892 2413 926 2443 et
954 2408 1034 2442 filiis
1061 2413 1093 2443 et
1119 2409 1276 2453 pluribus
1303 2410 1381 2444 aliis
1409 2409 1574 2444 militibus
1599 2409 1642 2443 ad

264 2471 362 2505 tidem
388 2477 644 2506 converterunt.
695 2473 875 2507 Crisantns
904 2475 1012 2520 igitur
1032 2475 1133 2518 jussu
1161 2474 1359 2509 Numeriani
1389 2476 1419 2508 in
1448 2473 1639 2509 loetidissi-

265 2547 350 2569 mum
377 2546 549 2571 carcerem
579 2537 789 2579 recluditur,
824 2538 885 2573 sed
918 2538 1032 2574 foetor
1057 2540 1089 2572 in
1116 2538 1256 2574 odorem
1283 2540 1522 2574 suavissimum
1549 2548 1639 2571 eom-

335 2637 359 2664 Ι)
381 2638 446 2662 ssve.
468 2638 605 2664 omittunt
629 2647 731 2665 voces.
753 2643 784 2665 et
807 2638 929 2664 Duria.
1016 2640 1044 2671 ’1)
1066 2639 1114 2665 rjd.
1138 2643 1180 2667 t’r,
1203 2638 1335 2665 rottim
1357 2635 1449 2662 offert.
1525 2638 1547 2666 ἱ)
1570 2638 1622 2664 Ain

266 2682 319 2701 toi
335 2682 401 2702 tor.
