1742 3005
257 131 310 169 82
538 133 634 183 Cap.
664 131 769 169 Xlit.
828 131 886 168 De
917 130 1201 168 circumcisione
1233 128 1387 166 domini.

263 240 338 272 esto
365 235 446 270 mihi
474 235 589 271 Jesus.
640 235 801 270 Secundo
826 238 879 269 est
905 233 1034 268 multae
1059 234 1304 279 virtuositatis,
1329 234 1421 270 unde
1442 233 1564 269 Petrus
1578 233 1642 269 Re<

260 312 407 338 vennas:
455 300 599 334 vocabis
625 310 749 334 nomen
772 300 848 345 eJus
871 298 1010 342 Jesum,
1047 298 1113 334 hoe
1138 303 1213 342 est,
1244 310 1389 342 nomen,
1430 299 1523 345 quod
1548 299 1645 335 dedit

257 370 370 403 caecis
398 368 528 408 fisum,
570 365 685 401 surdis
711 364 886 407 auditum,
927 364 1062 399 claudis
1087 375 1269 410 gressum,
1310 375 1502 400 sermonem
1526 367 1642 406 mutis,

258 437 360 469 vitam
389 433 533 466 mortuis
569 436 747 476 totamque
782 429 925 475 dyaboli
950 434 1160 475 potestatem
1185 429 1227 465 de
1254 429 1411 465 obsessis
1435 431 1641 476 corporibus

258 502 365 534 virtus
397 498 502 543 hujus
535 499 683 532 nominis
720 497 901 541 effugavit.
975 495 1097 531 Tertio
1123 500 1177 530 est
1200 495 1329 530 multae
1354 495 1582 532 excellentiae
1608 502 1641 531 et

254 565 500 606 sublimitatis,
528 563 618 598 unde
642 562 863 598 Bernartius:
899 573 1023 597 nomen
1048 562 1237 596 salvatoris
1262 562 1395 604 nostri,
1423 561 1542 596 fratris
1562 564 1641 602 mei,

253 632 369 666 earnis
393 638 512 672 meae,
546 630 728 675 sanguinis
755 631 842 671 mei,
881 638 1005 662 nomen
1032 637 1053 662 a
1081 627 1208 662 seculis
1233 626 1495 669 absconditum,
1520 627 1583 663 sed
1607 629 1642 662 in

254 698 320 732 tine
345 695 563 730 sacculorum
587 695 803 737 revelatum,
837 705 960 729 nomen
985 692 1165 735 mirabile,
1200 703 1323 727 nomen
1349 693 1551 736 ineffabile,
1577 704 1640 727 no-

254 774 330 798 men
355 760 625 802 inaestimabile,
651 761 718 794 imo
745 771 785 794 eo
812 759 1018 802 mirabilius,
1045 769 1113 804 quo
1138 758 1440 800 inaestimabilius,
1468 769 1509 793 eo
1527 761 1640 805 magis

253 832 412 874 gratum,
446 836 514 871 quo
541 827 742 871 gratuitum.
791 825 862 859 1100
887 829 1002 859 autem
1026 833 1151 858 nomen
1174 822 1277 857 Jesus
1304 824 1501 867 impositum
1527 810 1581 859 est
1607 826 1637 859 ei

253 894 296 928 ab
323 897 490 934 aeterno,
514 890 558 925 ab
585 891 713 936 angelo
739 894 774 925 et
798 900 819 924 a
844 894 944 935 patre
969 891 1141 935 putativo,
1167 888 1201 922 id
1227 892 1281 923 est
1304 899 1326 923 a
1349 888 1493 935 Joseph.
1534 890 1638 926 Jcsus

251 961 340 993 enim
365 957 522 992 salvator
546 958 806 1001 interpretatur.
856 956 988 991 Dicitur
1014 959 1126 990 antem
1153 955 1310 989 salvator
1334 955 1539 1000 tripliciter,
1585 956 1638 991 vel

251 1036 271 1060 a
296 1025 455 1069 potentia
481 1022 661 1065 salvandi,
701 1022 758 1058 vel
783 1021 826 1056 ab
852 1021 994 1064 habitu,
1030 1021 1084 1055 vei
1113 1020 1156 1055 ab
1185 1024 1275 1054 actu.
1325 1020 1519 1056 Secundum
1545 1023 1637 1068 quod

250 1092 377 1125 dicitur
411 1099 431 1122 a
465 1089 624 1133 potentia
658 1087 839 1130 salv-andi,
889 1088 1052 1122 convenit
1087 1088 1117 1121 ei
1153 1086 1217 1121 boe
1252 1097 1377 1121 nomen
1409 1086 1454 1121 ab
1480 1091 1636 1128 aeterne,

250 1155 437 1191 secundum
473 1153 566 1199 quod
599 1153 725 1187 dicitur
758 1153 802 1187 ab
828 1153 950 1187 habitu
974 1153 1153 1195 salvandi,
1204 1154 1253 1187 sic
1280 1152 1344 1186 suit
1370 1153 1567 1197 impositum
1593 1153 1638 1187 ab

250 1221 377 1268 angelo
404 1223 438 1255 et
462 1220 624 1254 convenit
648 1220 680 1254 ei
706 1229 727 1253 a
751 1220 923 1264 principio
948 1220 1208 1263 conceptionis3
1253 1217 1439 1252 secundum
1467 1218 1559 1263 quod
1585 1218 1636 1253 di-

249 1289 338 1322 citur
362 1286 406 1321 ab
434 1289 514 1320 actu
538 1285 720 1327 salvandi,
765 1285 891 1320 dicitur
915 1285 1113 1329 impositum
1137 1294 1159 1318 a
1183 1283 1317 1329 Joseph
1341 1286 1477 1320 ratione
1499 1284 1638 1320 suturae

250 1353 441 1399 passionis,
466 1351 556 1386 unde
583 1350 711 1386 Glossa
737 1361 843 1395 super
868 1350 973 1385 illud:
1000 1350 1145 1385 vocabis
1168 1360 1292 1384 nomen
1317 1351 1392 1395 ejus
1416 1349 1534 1386 Jesum
1550 1380 1558 1395 ,
1585 1351 1637 1385 di-

250 1420 317 1454 c-it:
362 1428 486 1452 nomen
509 1419 686 1462 impones,
733 1415 826 1461 quod
850 1416 894 1450 ab
934 1417 1061 1463 angelo
1095 1417 1151 1451 vel
1186 1416 1231 1451 ab
1265 1420 1408 1451 aeterno
1439 1418 1636 1462 impositum

250 1488 314 1520 est.
384 1483 430 1519 Et
468 1485 584 1529 tangit
620 1482 676 1516 hie
719 1480 852 1517 Glossa
891 1481 980 1516 hane
1021 1482 1236 1527 praedictam
1268 1482 1442 1527 triplicem
1483 1482 1637 1518 denomi-

249 1551 436 1585 nationem.
507 1549 591 1583 Cum
617 1535 706 1583 enim
738 1548 885 1582 dicitur:
925 1558 1050 1582 nomen
1076 1548 1252 1593 impones,
1300 1549 1457 1593 tangitur
1483 1548 1636 1584 denomi-

250 1616 345 1650 natio
371 1625 392 1648 a
416 1613 572 1658 Joseph3
604 1624 678 1647 cum
705 1613 847 1647 dicitur:
881 1612 974 1658 quod
1000 1612 1044 1647 ab
1069 1613 1197 1659 angelo
1227 1613 1281 1651 vel
1315 1613 1358 1647 ab
1395 1618 1539 1649 aeterno
1575 1616 1636 1649 im-

249 1681 401 1726 positum
426 1683 499 1721 cst,
548 1683 740 1725 tanguntur
771 1679 862 1714 aliae
901 1678 1001 1713 duae.
1071 1678 1177 1714 Recte
1210 1680 1318 1724 igitur
1351 1680 1385 1712 in
1420 1679 1475 1713 die
1509 1682 1636 1726 capitis

250 1747 333 1780 anni
365 1746 555 1779 constituta
589 1754 609 1778 a
645 1744 753 1778 Roma
786 1746 901 1789 capito
932 1744 1047 1778 mundi
1077 1748 1111 1779 ct
1144 1745 1310 1790 insignita
1344 1745 1487 1790 capitali
1517 1746 1636 1782 littera

249 1811 429 1857 alphabeti
457 1810 615 1845 Christus
639 1815 742 1855 caput
770 1811 940 1845 ecclesiae
968 1810 1243 1852 circumciditur,
1270 1821 1392 1846 nomen
1421 1813 1497 1857 ejus
1522 1814 1632 1858 impo-

249 1879 341 1912 nitur
374 1880 409 1912 ct
444 1877 520 1921 ejus
553 1877 746 1910 nativitatis
780 1880 923 1911 octavus
951 1876 1024 1911 dies
1049 1876 1183 1911 colitur.
1248 1876 1404 1911 'sernum
1430 1882 1483 1912 est
1508 1878 1633 1913 effusio

247 1944 430 1989 sanguinis
457 1941 601 1976 Christi.
672 1942 780 1977 Hodie
815 1944 902 1977 enim
935 1943 1139 1987 sanguinem
1176 1952 1273 1977 suum
1307 1944 1416 1988 primo
1442 1954 1505 1989 pro
1531 1943 1634 1979 nobis

249 2008 393 2043 sundere
429 2009 566 2052 coepit„
625 2009 682 2053 qui
720 2009 831 2054 ipsum
866 2007 1085 2053 postmodum
1123 2008 1254 2053 pluries
1298 2008 1476 2044 effundere
1512 2009 1631 2045 voluit.

247 2074 406 2120 Quinque
432 2075 521 2109 enim
549 2073 681 2107 vicibus
707 2076 910 2121 sangninem
943 2084 1007 2119 pro
1041 2073 1142 2108 nobis
1178 2074 1319 2118 effudit,
1368 2077 1478 2120 primo
1507 2077 1538 2110 in
1563 2077 1631 2125 cir-

245 2141 477 2181 cumeisione,
513 2144 547 2174 et
572 2138 658 2173 haec
684 2139 808 2173 effusio
843 2138 908 2174 snit
931 2144 1072 2174 nostrae
1098 2140 1345 2186 redemptionis
1374 2141 1526 2184 initinm;
1573 2152 1630 2177 se-

245 2204 356 2239 cundo
392 2206 426 2239 in
462 2206 642 2247 oratione,
692 2209 725 2240 et
758 2197 846 2238 haee
871 2205 1024 2240 ostendit
1049 2210 1190 2240 nostrae
1215 2206 1464 2251 redemptionis
1492 2207 1631 2242 deside·

246 2271 353 2311 rium3
386 2271 490 2304 tertio
514 2272 547 2303 in
573 2269 830 2315 flagellatione,
858 2274 892 2304 ct
918 2270 1004 2305 haec
1030 2270 1094 2304 snit
1119 2274 1261 2305 nostrae
1286 2270 1534 2316 redemptionis
1559 2283 1630 2308 1110-

245 2336 359 2377 ritum,
386 2336 468 2380 quia
493 2334 603 2370 livore
630 2336 706 2380 ejtts
728 2336 842 2369 sanati
869 2346 1006 2378 sumus;
1033 2340 1158 2381 quarto
1179 2337 1212 2370 in
1229 2336 1463 2379 crucifixione,
1491 2341 1526 2372 et
1544 2336 1630 2373 haee

248 2400 312 2435 fuit
334 2403 477 2435 nostrae
502 2400 749 2445 redemptionis
777 2402 944 2445 pretium,
967 2405 1046 2435 tnnc
1074 2403 1181 2444 enim,
1208 2412 1299 2447 quae
1323 2412 1392 2436 non
1416 2404 1544 2447 rapuit,
1569 2413 1630 2439 ex-

246 2464 425 2508 solvebat3
473 2467 593 2511 quinto
627 2467 662 2500 in
695 2466 818 2501 lateris
849 2468 1030 2511 apertione
1064 2471 1099 2502 et
1127 2466 1215 2503 haee
1242 2468 1306 2502 t'nit
1331 2471 1471 2503 nostrae
1495 2467 1629 2504 redem-

246 2532 374 2574 ptionis
397 2536 660 2566 sacramentum.
707 2531 790 2567 inde
817 2533 906 2567 enim
930 2534 1037 2568 exivit
1060 2535 1205 2579 sanguis
1233 2537 1267 2568 et
1291 2543 1395 2579 aqua,
1421 2533 1514 2579 quod
1542 2534 1629 2579 figu-

244 2596 335 2629 ravit
359 2606 422 2630 nos
449 2606 511 2641 per
535 2606 660 2642 aquam
686 2598 848 2643 baptismi
873 2598 1001 2634 debere
1028 2598 1197 2634 mundari.
1269 2599 1333 2639 Qui
1370 2598 1507 2644 quidem
1541 2598 1629 2644 bap-

245 2660 366 2693 tismus
399 2660 581 2696 habiturus
614 2667 690 2697 erat
722 2664 911 2698 etiieaeiam
948 2675 967 2698 a
995 2665 1165 2710 sanguine
1191 2663 1331 2698 Christi.
1403 2664 1568 2704 Quartum
1595 2669 1629 2699 et

243 2723 396 2758 ultimum
419 2729 471 2759 est
497 2727 712 2772 signaculum
738 2729 1024 2772 circumcisionis,
1053 2728 1145 2774 quod
1173 2728 1309 2774 quidem
1339 2728 1497 2764 Christus
1523 2728 1626 2764 hodie
