1742 3005
144 79 241 130 Cap.
273 76 447 117 CXXXI.
504 75 564 113 De
594 76 787 114 nativitate
818 77 952 113 heatae
982 76 1128 114 Mariae
1159 75 1324 125 virginis
1382 73 1461 113 593

76 182 192 218 officio
218 192 292 218 eam
319 181 550 228 suspendens,
575 192 617 217 ne
644 180 687 216 de
714 185 854 215 caetero
883 191 957 215 eam
979 182 1118 215 missam
1138 184 1281 215 cantare
1299 179 1461 220 auderet,

75 247 268 283 interdixit.
316 247 484 293 Sequenti
523 251 625 282 nocte
668 246 776 280 beata
816 246 931 280 Maria
973 248 1140 290 episcopo
1181 255 1356 291 apparens
1387 258 1462 281 eum

75 312 258 357 plurimum
279 314 473 357 increpavit
492 316 536 355 et,
564 323 624 346 cur
642 322 739 346 suum
757 313 807 345 sic
833 311 922 346 male
945 316 1133 346 tractasset
1162 312 1463 353 ¹)cancellarium,

75 379 263 423 requisivit
287 377 515 423 addiditque,
546 377 639 422 quod
668 377 724 411 die
748 375 860 409 XXX.
887 380 1092 416 moreretur,
1126 378 1194 410 nisi
1222 377 1280 410 ille
1306 377 1349 411 ad
1378 388 1461 412 con-

76 447 212 476 suetum
247 442 397 477 officium
430 444 690 477 restitueretur.
738 440 980 473 Tremesactus
1014 441 1201 484 episcopus
1229 442 1462 485 presbiterum

76 509 261 542 accersivit
295 512 330 542 et
364 509 498 541 veniam
534 504 736 550 postulanS,
782 508 820 537 ut
850 504 977 537 nullam
1012 506 1152 538 missam
1190 510 1330 549 praeter
1355 506 1462 547 illam,

77 581 178 617 quam
205 571 352 613 sciebat,
378 571 421 605 de
445 572 549 604 beata
573 569 692 604 Maria
716 567 897 602 celebrare
923 569 1061 611 debeat,
1087 571 1282 614 imperavit.
1304 590 1343 596 —-
1360 591 1396 596 -
1421 588 1462 595 -

76 639 124 674 S.
152 636 298 676 Quidam
333 635 482 669 clericus
515 644 627 668 vanus
661 638 695 668 et
728 633 882 668 lubricus
908 638 1003 675 erat,
1044 635 1106 669 sed
1133 640 1246 670 tamen
1270 635 1334 670 Dei
1360 638 1463 682 geni-

73 702 195 735 tricem
219 700 402 744 plurimum
428 699 600 745 diligebat
625 704 659 734 et
684 700 760 744 ejus
786 699 893 733 horas
919 704 1061 733 sanctas
1089 700 1213 735 devote
1240 706 1274 735 et
1297 702 1465 736 alacriter

75 765 296 800 decantabat.
345 765 501 805 Quadam
535 766 645 811 igitur
676 770 776 799 nocte
810 766 845 798 in
870 766 1004 799 visione
1030 765 1117 799 vidit
1143 777 1180 801 se
1207 771 1287 801 ante
1309 767 1463 801 tribunal

71 830 138 865 Dei
171 830 314 865 adstare
348 834 381 865 et
415 830 587 864 dominum
623 829 926 864 circumstantibus
959 830 1095 864 dicere:
1131 831 1172 865 de
1200 831 1281 873 illo,
1317 834 1461 876 quivos

73 895 246 940 adspicit,
275 906 343 940 quo
365 895 500 941 Judicio
527 896 652 941 dignus
679 897 744 936 sit,
771 905 833 928 vos
858 896 926 938 ipsi
953 894 1172 936 decernatis,
1209 907 1308 941 quem
1333 897 1464 930 tamdiu

22 1007 28 1010 ξ
75 964 110 994 et
137 960 288 994 toleravi
335 965 370 994 et
406 961 536 995 nullum
575 960 690 994 adhuc
727 962 760 993 in
795 971 834 994 eo
876 959 1128 995 emendationis
1163 963 1299 1007 signum
1335 964 1463 1000 inveni.

75 1024 175 1059 Tunc
200 1025 357 1059 dominus
383 1027 541 1060 omnibus
567 1025 846 1070 approbantibus
881 1036 986 1069 super
1015 1036 1088 1060 eum
1127 1027 1360 1063 damnationis
1385 1031 1465 1064 tulit

74 1093 294 1133 sententiam,
322 1095 356 1125 et
380 1101 461 1126 ecce
489 1093 587 1137 virgo
613 1091 720 1125 beata
747 1092 898 1125 surrexit
924 1095 957 1124 et
983 1090 1053 1124 filio
1081 1091 1186 1127 dixit:
1213 1104 1275 1137 pro
1298 1096 1377 1135 isto,
1405 1098 1463 1139 pie

74 1156 143 1198 fili,
177 1156 393 1191 clementiam
419 1160 511 1190 tuam
538 1167 649 1202 rogo,
684 1161 721 1190 ut
756 1166 862 1200 super
893 1166 968 1189 eum
997 1156 1230 1192 damnationis
1257 1163 1462 1195 sententiam

74 1223 236 1268 mitiges3
273 1223 370 1257 vivat
407 1232 493 1267 ergo
524 1221 582 1255 hic
613 1221 657 1254 ol)
691 1222 840 1266 gratiam
874 1222 960 1262 mei,
995 1223 1052 1266 qni
1085 1222 1128 1255 ob
1163 1226 1308 1267 propria
1339 1228 1464 1260 merita

73 1287 251 1322 addicitur
274 1289 387 1321 morti.
439 1286 502 1320 Cui
528 1286 707 1320 dominus:
745 1287 815 1320 tuis
854 1287 943 1320 enim
976 1287 1204 1331 petitionibus
1231 1301 1306 1324 enm
1331 1292 1461 1333 tribuo,

74 1353 106 1387 si
133 1352 187 1387 vel
211 1353 336 1387 saltem
361 1361 450 1386 nnnc
477 1353 553 1396 ejus
579 1353 828 1386 correctionem
856 1353 1054 1396 inspexere.
1102 1352 1146 1387 Et
1171 1364 1343 1389 conversa
1363 1358 1463 1402 virgo

76 1417 121 1452 ad
147 1418 318 1452 hominem
345 1417 449 1450 dixit:
488 1417 575 1451 vade
602 1421 635 1450 et
660 1417 807 1461 amplius
835 1416 906 1450 noli
932 1427 1100 1461 peccare,
1137 1429 1181 1453 ne
1220 1419 1374 1454 deterius
1400 1421 1463 1455 tibi

76 1484 267 1528 contingat.
315 1481 377 1517 Ille
412 1483 519 1527 igitur
551 1483 721 1516 excitatus
755 1484 858 1516 vitam
895 1484 1038 1516 mutavit
1064 1487 1097 1517 et
1130 1483 1335 1529 religionem
1363 1488 1465 1530 petiit

77 1552 113 1583 et
136 1547 186 1582 ibi
212 1549 246 1581 in
270 1548 374 1581 honis
402 1547 568 1591 operibus
596 1549 699 1581 vitam
726 1547 846 1581 finivit.
865 1567 905 1572 -
923 1567 963 1572 -
982 1568 1026 1573 ——
1053 1551 1103 1585 9.
1129 1548 1233 1593 Apud
1263 1550 1463 1593 ²)Siciliam

77 1623 167 1648 anno
200 1613 327 1647 domini
359 1611 552 1647 DXXXVII
587 1612 653 1646 suit
684 1613 821 1657 quidam
858 1614 910 1646 vir
933 1614 1071 1647 nomine
1097 1613 1318 1659 Theophilus
1345 1618 1464 1662 cujus-

77 1678 155 1713 dam
182 1680 340 1724 epIscopi
368 1678 624 1720 vicedominus,
658 1682 695 1711 ut
721 1680 771 1712 ait
794 1677 979 1723 Fulbertus
1007 1679 1234 1714 Carnotensis
1264 1683 1464 1727 episcopus,

78 1746 137 1791 qui
172 1750 241 1779 tam
275 1745 465 1790 prudenter
503 1744 567 1778 sub
612 1744 780 1788 episcopo
824 1755 880 1779 res
918 1744 1178 1779 ecclesiasticas
1221 1746 1464 1791 dispensabat,

77 1809 171 1855 quod
196 1814 331 1845 mortuo
356 1811 523 1856 episcopo
546 1820 622 1845 cum
644 1808 790 1855 'dignum
815 1812 1021 1854 episcopatu
1048 1812 1156 1844 omnis
1182 1812 1331 1856 populus
1349 1813 1465 1846 accla-

76 1875 206 1910 mabat.
252 1875 301 1910 At
326 1875 386 1910 ille
411 1875 667 1910 vicedominatu
695 1879 878 1910 contentus
910 1876 1014 1909 alium
1051 1876 1085 1909 in
1119 1878 1321 1922 episcopum
1346 1879 1468 1913 maluit

77 1940 246 1975 ordinari.
295 1939 454 1976 Tandem
492 1940 536 1975 ab
577 1942 656 1985 ipso
694 1941 811 1976 oflicio
847 1944 955 1976 invite
981 1941 1024 1975 ab
1054 1943 1132 1986 ipso
1160 1944 1329 1988 episcopo
1356 1944 1466 1989 depo-

79 2005 168 2038 situs
192 2005 228 2038 in
250 2008 382 2039 tantam
406 2007 657 2050 impatientiam
688 2011 742 2040 est
767 2006 950 2051 delapsus,
987 2011 1024 2040 ut
1056 2008 1098 2041 ad
1134 2018 1230 2042 suam
1256 2019 1470 2052 recuperan-

79 2069 158 2103 dam
185 2067 391 2113 dignitatem
417 2069 598 2112 cujusdam
621 2070 748 2105 Judaei
784 2072 931 2105 malefici
958 2072 1139 2105 consilium
1165 2076 1357 2115 expeteret.
1405 2073 1467 2108 lile

78 2135 189 2180 igitur
222 2132 407 2178 dyabolum
451 2132 637 2168 advocavit
682 2138 716 2169 et
756 2135 946 2169 advocatus
989 2137 1145 2169 concitus
1184 2138 1286 2170 venit.
1347 2137 1468 2172 Theo-

81 2198 197 2244 philus
224 2199 334 2244 igitur
358 2199 463 2242 jussu
488 2197 669 2233 daemonis
704 2199 876 2234 Christum
910 2204 944 2235 et
973 2205 1117 2234 matrem
1151 2203 1226 2246 eJus
1262 2201 1465 2248 abnegavit,

79 2263 294 2298 christianae
334 2262 551 2307 professioni
597 2264 859 2299 abrenuntiavit
910 2270 945 2300 et
995 2267 1104 2310 ipsius
1148 2266 1466 2303 abrenuntiationis

80 2328 397 2374 et.abnegationis
437 2327 709 2374 chirographum
750 2341 812 2366 suo
853 2333 1024 2378 sanguine
1067 2333 1211 2376 proprio
1256 2334 1401 2376 scripsit
1433 2338 1468 2368 et

81 2394 246 2438 scriptum
296 2392 424 2427 annulo
479 2393 652 2439 sigillavit
701 2400 735 2431 et
781 2397 974 2443 sigillatum
1023 2395 1184 2430 daemoni
1232 2396 1378 2431 tradidit
1434 2404 1469 2433 et

81 2459 133 2492 sic
170 2459 246 2503 ejtis
289 2459 434 2492 servitio
478 2468 517 2493 se
560 2458 708 2496 addixit.
763 2460 800 2495 In
843 2463 1030 2496 crastinum
1067 2463 1176 2506 igitur
1219 2464 1468 2506 procuratione

81 2522 260 2562 daemonis
285 2521 506 2567 Theophilus
529 2523 563 2557 in
590 2526 739 2569 gratiam
772 2528 928 2572 episcopi
953 2527 1122 2571 recipitur
1155 2530 1189 2560 et
1213 2527 1248 2561 in
1272 2528 1326 2562 sui
1351 2527 1467 2575 digni-

149 2667 178 2701 1)
194 2669 316 2695 Recent.
335 2666 518 2696 famulum
538 2668 649 2702 legunt.
755 2670 783 2703 2)
800 2669 854 2703 Ed,
871 2673 914 2697 I'r.
934 2669 1028 2697 male:
1048 2669 1121 2697 Cili
1133 2669 1240 2699 ciani,

1135 2724 1180 2758 38
