1742 3005
345 74 440 127 Cap,
473 75 555 113 XC.
615 75 674 113 De
705 81 834 112 sancto
866 72 984 111 Paulo
1014 73 1203 126 apostolo.
1390 72 1469 112 383

79 181 144 216 tibi
168 179 348 225 apparebo
371 184 407 215 et
431 184 512 214 tunc
536 190 752 226 cognoscere
783 180 938 224 poteris,
972 178 1066 224 quod
1097 178 1257 213 Christus
1291 182 1345 214 est
1375 178 1470 213 Deus

80 246 195 287 vitae,
236 250 271 280 et
302 256 371 280 non
404 247 536 281 mortis.
568 245 629 281 -Et
662 245 718 280 his
753 246 858 281 dictis
889 245 936 280 ad
972 245 1083 279 locum
1116 244 1282 290 supplicii
1319 244 1468 279 ducitur.

80 310 146 350 Qui
177 321 251 347 cum
289 311 497 354 duceretur,
535 311 698 347 dixerunt
733 313 765 346 ei
789 316 862 347 tres
890 311 1036 353 militeS,
1073 311 1131 356 qui
1169 321 1244 346 eum
1278 310 1469 346 ducebant:

79 377 136 412 dic
161 377 281 421 nobis,
309 378 440 421 Paule,
477 379 555 423 quis
581 382 637 413 est
661 378 721 412 ille
745 388 808 412 rex
840 382 976 418 vester,
1012 387 1113 421 quem
1147 380 1278 410 tantum
1304 377 1468 423 diligitis,

78 445 170 490 quod
194 456 258 490 pro
287 456 328 480 eo
352 445 466 490 magis
491 446 578 478 mori
601 453 703 489 quam
728 443 846 478 vivere
870 442 1022 487 eligitis,
1052 445 1087 476 et
1112 442 1249 487 qualem
1274 442 1355 477 inde
1379 453 1469 477 mer-

78 510 199 545 cedem
231 510 439 545 habebitis?
488 509 588 543 Tunc
624 508 752 542 Paulus
789 508 833 542 de
868 518 977 552 regno
1011 506 1077 541 Dei
1112 511 1147 541 et
1178 508 1304 552 poenis
1341 507 1469 541 inferni

78 575 300 620 praedicavit
326 575 416 609 adeo
443 576 504 616 iis,
532 573 624 619 quod
652 584 712 607 eos
738 574 783 607 ad
809 573 911 607 tidem
936 574 1117 607 convertit.
1167 572 1232 612 Qui
1259 583 1333 607 cum
1360 584 1466 619 roga-

77 646 154 676 rent
178 651 275 682 eum,
300 645 338 674 ut
361 639 474 674 libere
499 638 636 682 abiret,
675 650 743 684 quo
768 639 895 681 vellet,
922 640 987 673 ait:
1020 638 1134 680 absit,
1162 638 1312 681 fratres,
1349 644 1387 674 ut
1404 640 1466 674 *su-

56 709 188 753 .giam,
221 716 289 740 non
324 706 414 740 enim
447 715 520 739 sum
545 704 739 750 profugus,
776 706 840 740 sed
874 706 973 741 miles
1002 704 1133 739 Christi
1157 705 1356 750 legitimus3
1391 708 1467 741 scio

74 773 181 815 enim,
217 771 311 817 quod
343 782 406 816 per
436 771 526 805 hanc
560 772 665 805 vitam
696 772 935 806 transitoriam
962 771 1006 805 ad
1034 772 1137 804 vitam
1164 771 1324 805 transibo
1348 776 1466 807 aeter-

72 848 171 880 nam,
206 848 285 872 mox
311 842 424 872 autem
440 864 448 879 ,
482 841 519 871 ut
545 837 644 871 fuero
665 836 863 872 decollatus
879 865 888 879 ,
924 839 990 871 viri
1024 837 1146 871 lideles
1172 839 1309 882 rapient
1338 848 1466 883 corpus

72 914 194 938 meum.
242 902 313 938 Vos
341 907 455 938 autem
478 903 591 937 locum
614 907 734 938 notate
759 907 794 938 et
816 903 901 937 illuc
923 913 1003 937 cras
1030 913 1129 937 mane
1155 904 1281 945 venite,
1306 904 1465 938 invenie-

72 971 117 1003 tis
144 970 232 1003 enim
252 969 357 1014 juxta
380 969 601 1014 sepulchrum
625 978 735 1003 meum
762 968 851 1002 duos
874 970 969 1002 viros
995 973 1149 1011 orantes,
1176 969 1313 1003 scilicet
1340 969 1465 1014 Tytuin

74 1040 108 1070 et
131 1035 282 1077 Lucam,
322 1034 449 1080 quihus
481 1045 555 1068 cum
593 1035 776 1076 dixeritis,
810 1044 879 1079 qna
913 1035 957 1070 de
990 1045 1097 1069 causa
1120 1045 1184 1070 vos
1210 1035 1255 1069 ad
1283 1046 1345 1070 eos
1372 1037 1464 1078 misi,

71 1103 142 1146 ipsi
155 1112 218 1136 vos
229 1100 458 1145 baptizabunt
469 1104 504 1135 et
517 1101 617 1146 regni
636 1100 802 1135 coelestis
822 1100 951 1135 sacient
975 1106 1158 1135 consortes
1178 1105 1212 1135 et
1231 1100 1462 1136 cohaeredes.

72 1167 172 1207 Quod
197 1176 274 1201 cum
298 1167 513 1212 loqueretur,
540 1167 634 1200 misit
656 1165 749 1200 Nero
770 1166 858 1200 duos
880 1166 1021 1208 milites,
1047 1171 1084 1200 ut
1102 1166 1272 1208 viderent,
1299 1168 1329 1200 si
1347 1166 1463 1201 adhuc

72 1237 168 1268 esset
190 1234 343 1275 occisus,
370 1237 405 1267 et
428 1243 502 1266 cum
530 1242 591 1266 eos
619 1232 725 1267 vellet
748 1237 964 1275 convertere,
988 1232 1040 1266 illi
1064 1232 1242 1267 dixerunt:
1267 1242 1341 1267 cum
1367 1244 1462 1267 mor—

69 1305 149 1334 tuus
173 1299 283 1334 fueris
307 1303 341 1333 et
368 1299 628 1340 resurrexeris,
661 1303 744 1333 tunc
782 1298 965 1333 credemus
1000 1298 1078 1340 his,
1113 1308 1202 1343 quae
1231 1299 1340 1342 dicis3
1371 1310 1463 1334 nunc

69 1369 183 1400 autem
203 1366 274 1399 cito
294 1365 373 1398 veni
391 1367 437 1405 et,
465 1363 559 1408 quod
574 1365 744 1406 meruisti,
773 1366 902 1409 accipe.
953 1366 1105 1409 Cumque
1125 1364 1169 1399 ad
1192 1365 1301 1399 locuni
1318 1368 1460 1410 passio-

71 1432 124 1464 nis
150 1430 346 1471 duceretur,
373 1431 410 1463 in
438 1432 542 1473 porta
568 1428 722 1464 Ostiensi
746 1430 880 1464 cuidam
905 1435 1085 1466 matronae
1110 1432 1247 1466 nomine
1261 1431 1460 1475 Plautillae,

69 1496 266 1541 discipulae
289 1494 410 1537 Pauli,
446 1504 536 1539 quae
569 1495 756 1529 secundum
788 1495 991 1540 Dionysium
1016 1496 1087 1530 alio
1113 1498 1250 1531 nomine
1277 1497 1463 1532 dicebatur

68 1562 261 1604 Lemobia,
294 1562 377 1606 quia
400 1560 492 1595 forte
517 1560 582 1594 fuit
605 1561 778 1604 binomia,
814 1560 952 1595 obviam
979 1561 1118 1604 habuit,
1155 1573 1246 1608 quae
1273 1562 1359 1598 flens
1385 1565 1460 1598 suis

69 1627 289 1662 orationibus
316 1637 355 1661 se
380 1626 660 1661 recommendare
686 1628 812 1672 coepit.
863 1627 926 1662 Cui
950 1627 1101 1662 Paulus:
1137 1628 1246 1671 vade,
1280 1628 1459 1672 Plautina,

68 1698 235 1729 aeternae
259 1694 384 1728 salutis
412 1693 505 1736 filia,
535 1692 716 1728 commoda
742 1692 827 1727 mihi
856 1693 980 1735 velum,
1008 1704 1076 1739 quo
1106 1699 1210 1739 caput
1232 1700 1327 1729 tuum
1352 1698 1458 1742 tegis,

69 1765 103 1795 et
147 1759 228 1794 inde
262 1751 383 1794 oculos
425 1769 520 1794 meos
554 1759 676 1805 ligabo
709 1763 745 1794 et
776 1759 997 1804 postmodum
1042 1760 1108 1794 tibi
1143 1763 1323 1795 restituam
1358 1762 1458 1798 illud.

67 1825 176 1866 Quod¹
195 1824 275 1860 dum
299 1825 368 1860 sibi
392 1825 562 1868 traderet,
588 1825 784 1860 irridebant
812 1827 844 1860 ei
869 1825 1052 1861 carnifices
1077 1826 1254 1862 dicentes:
1281 1828 1365 1873 quid
1392 1830 1458 1863 im-

65 1892 201 1937 postori
237 1892 299 1926 isti
332 1896 367 1927 et
399 1902 503 1938 mago
536 1895 607 1926 tam
645 1893 838 1936 pretiosum
883 1902 1034 1936 pannum
1074 1892 1222 1936 tribuis,
1265 1899 1303 1928 ut
1344 1896 1456 1939 ipsum

64 1957 232 1991 amittas?
279 1957 362 1992 Cum
389 1968 474 2003 ergo
499 1957 544 1992 ad
567 1958 680 1992 locum
708 1958 886 2002 passionis
910 1957 1039 1992 Paulus
1062 1960 1238 2002 venisset,
1269 1960 1316 1994 ad
1340 1962 1459 1996 orien-

64 2027 132 2057 tem
165 2032 288 2057 versus
321 2026 356 2056 et
385 2022 545 2057 manibus
570 2025 606 2057 in
630 2023 766 2057 coelum
789 2025 947 2058 extensis
973 2023 1170 2060 diutissime
1194 2035 1269 2059 cum
1294 2025 1457 2071 lacrymis

64 2088 181 2133 patria
214 2097 300 2122 voce
330 2088 446 2122 oravit
478 2091 514 2122 et
544 2090 679 2134 gratias
713 2090 796 2134 egit.
844 2089 930 2123 Post
953 2088 1022 2123 hoc
1046 2089 1261 2124 valefaciens
1287 2090 1456 2125 fratribus

63 2154 186 2203 oculos
218 2154 287 2188 sibi
318 2153 368 2190 Vde
404 2152 481 2188 velo
514 2153 700 2188 Plantillae
735 2153 862 2200 ligavit
890 2158 925 2188 et
957 2158 1139 2200 utrumque
1169 2166 1262 2201 genu
1293 2157 1328 2190 in
1360 2160 1458 2191 terra

64 2218 176 2265 figens
212 2219 337 2254 collum
372 2219 530 2255 extendit
562 2223 597 2255 et
634 2221 684 2254 sic
715 2219 909 2254 decollatus
945 2224 1009 2255 est.
1057 2220 1142 2255 Mox
1175 2223 1252 2265 eJus
1283 2226 1389 2267 caput
1412 2221 1457 2258 de

62 2295 210 2329 corpore
234 2285 420 2320 exsiliens:
452 2285 555 2321 Jesus
582 2284 762 2329 Christus,
799 2285 891 2331 quod
919 2286 990 2320 sibi
1016 2287 1051 2320 in
1075 2288 1148 2321 vita
1172 2291 1243 2321 tam
1265 2287 1368 2322 dulce
1393 2298 1456 2322 ex-

63 2350 203 2385 stiterat
243 2353 280 2384 et
308 2354 380 2384 tam
413 2351 538 2386 crebro
565 2353 827 2395 nominaverat,
860 2351 1027 2387 hebraice
1049 2351 1150 2387 clara
1178 2363 1263 2388 voce
1287 2353 1454 2387 insonuit.

61 2414 197 2450 Dicitur
221 2416 310 2450 enim
333 2416 448 2460 ipsum
470 2416 507 2449 in
531 2418 605 2451 suis
631 2418 793 2462 epistolis
814 2417 991 2452 Christum
1022 2417 1079 2452 vel
1101 2417 1219 2452 Jesum
1246 2418 1299 2452 vel
1323 2422 1454 2452 utrum-

63 2491 130 2526 que
163 2482 364 2526 quingentis
397 2479 533 2515 vicibus
564 2484 777 2519 nominasse.
835 2482 888 2516 De
922 2482 999 2526 ejus
1035 2486 1151 2516 autem
1185 2482 1330 2518 vulnere
1359 2483 1454 2519 unda

60 2544 164 2580 lactis
187 2556 299 2592 usque
324 2548 360 2580 in
384 2547 591 2581 vestimenta
614 2547 734 2581 militis
756 2547 916 2582 exsilivit
941 2551 976 2581 et
996 2550 1121 2592 postea
1142 2549 1287 2594 sanguis
1303 2549 1451 2593 effluxit,
1476 2561 1494 2576 ο

61 2611 98 2643 in
122 2613 204 2645 acre
228 2610 288 2646 lux
311 2613 478 2647 immensa
505 2612 664 2655 emicuit,
699 2612 741 2647 de
763 2622 912 2656 corpore
940 2611 1030 2646 odor
1054 2614 1282 2649 suavissimus
1310 2625 1449 2650 emana-

61 2675 122 2710 vit.
168 2675 356 2723 Dionysius
389 2681 503 2713 autem
540 2678 574 2712 in
605 2677 758 2723 epistola
792 2676 837 2712 ad
873 2677 1092 2714 Timotheum
1126 2678 1172 2719 de
1203 2685 1314 2716 morte
1347 2679 1448 2716 Pauli
