1742 3005
460 90 554 141 Cap.
587 91 612 126 l.
681 91 738 126 De
770 89 931 126 adventu
963 90 1128 125 Domini.
1444 93 1483 129 ΙΙ

96 195 218 240 judic-a
250 197 351 229 istum
381 205 490 229 meum
513 205 592 230 esse
617 195 659 229 ob
689 194 844 239 culpam,
886 197 944 239 qui
972 200 1052 230 tuus
1078 206 1156 231 esse
1182 196 1291 229 voluit
1318 207 1380 240 per
1407 208 1472 241 gra

100 262 195 302 tiam,
220 264 299 295 tuns
327 265 380 296 est
406 271 467 306 per
493 264 663 302 naturam,
690 270 785 295 meus
811 272 872 305 per
898 262 1086 303 miseriam,
1113 266 1191 295 tuus
1217 261 1260 295 ob
1275 264 1488 306 passionem,

101 336 196 361 meus
222 326 266 360 ob
295 327 513 368 suasionem,
556 326 619 360 tibi
643 325 866 367 inobediens,
913 326 994 360 milii
1021 326 1208 364 obediens,
1252 338 1272 361 a
1297 332 1330 362 te
1355 330 1487 373 accepit

101 392 371 426 immortalitatis
397 392 534 432 stolam,
561 402 582 425 a
607 402 659 426 me
685 393 819 436 accepit
845 391 932 426 lianc
949 401 1153 436 pannosa-111,
1179 402 1248 438 qua
1268 392 1407 427 indutus
1424 398 1488 431 est.

102 460 272 501 tunicam,
296 463 389 492 tuam
417 462 546 491 vestem
572 456 714 497 dimisit,
743 466 816 490 cum
842 466 918 491 mea
944 456 1009 490 huc
1032 458 1136 491 venit.
1192 458 1411 503 Aequissiine
1431 461 1488 505 ju-

102 523 167 557 dex
189 524 311 568 judica
334 523 428 556 illum
453 533 561 557 mcum
585 532 663 556 esse
689 525 722 555 et
746 531 875 556 mecum
911 522 1138 556 damnandum
1164 533 1254 557 esse.
1328 524 1400 559 Heu
1427 536 1488 569 po-

102 590 225 623 teritne
248 588 330 622 talis
356 589 493 633 aperire
520 599 580 623 os.
629 588 686 631 qui
710 587 792 620 talis
818 588 1008 629 invenitur,
1064 592 1099 621 ut
1118 590 1215 633 juste
1239 599 1312 622 cum
1339 589 1489 635 dyabolo

101 653 295 697 deputetur.
355 653 447 688 Haec
482 654 711 698 Augustinus.
781 652 960 687 Secundus
998 658 1183 687 accusator
1215 656 1281 689 erit
1311 658 1488 700 proprium

101 718 226 753 scelus.
283 719 432 754 Peccata
457 720 546 754 enim
572 719 715 764 propria
743 729 1017 764 unumquemque
1044 719 1267 755 accusabunt.
1333 722 1488 766 Sapient.

101 783 156 819 lv.
228 783 376 820 Venient
407 788 441 820 in
478 786 727 830 cogitationem
764 788 985 829 peccatorum
1011 795 1150 819 suorum
1175 786 1285 819 timidi
1314 791 1347 821 et
1374 792 1489 822 trans—

102 850 227 885 ducent
263 851 344 885 illos
378 862 421 886 ex
456 851 605 885 adverso
641 852 845 895 iniquitates
874 862 1003 885 eorum.
1052 851 1263 886 Bel-nardus.
1313 852 1410 886 Tunc
1437 853 1489 887 lo-

102 918 243 960 quentia
268 917 366 950 simul
393 918 468 963 ejus
496 926 606 961 opera
629 916 761 950 dicent:
809 916 863 950 Tu
888 927 951 950 nos
979 918 1104 961 egisti,
1141 928 1251 962 opera
1274 922 1333 952 tua
1360 929 1488 958 sumus,

101 991 168 1015 non
191 987 225 1017 te
251 982 470 1024 ‹lasci-emus,
515 982 576 1017 sed
610 992 748 1026 semper
772 986 882 1016 tecum
908 984 1034 1017 erimus
1060 987 1093 1017 et
1120 988 1229 1018 tecum
1255 984 1300 1018 ad
1319 984 1488 1029 judicium

100 1057 306 1093 pergemus3
352 1048 536 1093 multisque
574 1053 607 1083 et
642 1047 888 1092 multiplicibus
921 1048 1119 1083 criminibus
1156 1060 1231 1083 eum
1265 1050 1488 1086 accusabunt.

101 1111 241 1148 Tertius
267 1118 452 1149 accusator
476 1115 542 1148 erit
566 1117 660 1147 totus
684 1113 842 1148 mundus.
877 1113 1081 1159 Gregorius.
1111 1116 1147 1149 Si
1175 1118 1329 1161 quaeris,
1360 1118 1436 1162 quis
1456 1122 1489 1152 te

100 1178 299 1221 accusabit,
338 1179 438 1217 dico,
475 1184 570 1214 totus
597 1179 753 1214 mundus.
828 1179 970 1214 orn-nso
1005 1183 1093 1215 enim
1119 1187 1278 1217 creatore
1304 1183 1490 1218 offenditur

99 1247 191 1279 totus
218 1245 374 1280 mundus.
446 1245 714 1290 Chrysostomus
745 1256 850 1290 super
874 1246 1101 1282 Mattliaeuni.
1174 1248 1210 1282 ln
1238 1249 1298 1282 illo
1323 1249 1379 1283 die
1405 1249 1487 1284 nihil

102 1314 155 1343 est
180 1310 272 1355 quod
296 1311 592 1355 respondeamus,
640 1311 698 1345 ubi
725 1312 857 1345 coelum
883 1316 916 1346 et
941 1316 1056 1346 terra.
1099 1322 1211 1358 aqua,
1253 1314 1306 1348 sol
1332 1318 1367 1348 et
1394 1314 1487 1353 luna,

103 1376 177 1410 dies
203 1380 237 1410 et
260 1380 380 1411 noctes
405 1380 438 1411 et
464 1379 557 1410 totus
583 1376 728 1411 mundus
755 1375 897 1410 stalmut
930 1380 1010 1411 ante
1037 1377 1144 1411 Deum
1170 1365 1339 1413 adversus
1364 1391 1427 1414 nos
1455 1383 1487 1414 in

103 1443 333 1476 testimonium
358 1446 577 1486 peccatorum
604 1447 810 1476 nostrorum.
882 1440 925 1475 lit
958 1444 987 1475 si
1020 1445 1135 1477 omnia
1161 1449 1335 1487 tacerent,
1389 1448 1488 1490 ipsae

101 1511 215 1542 tamen
248 1509 481 1552 cogitationes
514 1512 657 1541 nostrae
693 1511 727 1541 et
761 1517 869 1551 opera
901 1509 1103 1551 specialiter
1136 1510 1279 1544 stabunt
1304 1511 1487 1545 adversum

100 1583 163 1607 nos
190 1576 270 1607 ante
295 1572 394 1607 deum
419 1583 482 1606 nos
510 1573 647 1607 sortiter
671 1577 886 1607 accusantes.
927 1574 1054 1607 Sextus
1081 1578 1133 1608 cst
1157 1577 1258 1609 testis
1279 1576 1487 1611 infallibilis.

101 1637 190 1673 Tres
217 1640 306 1673 enim
330 1642 438 1673 testes
461 1642 542 1672 tunc
568 1638 750 1673 adversum
777 1649 814 1672 se
841 1637 982 1672 babebit
1011 1644 1183 1683 peccator.
1248 1641 1355 1676 Unum
1383 1653 1489 1687 supra

101 1714 139 1738 se
164 1703 307 1739 habebit
331 1709 506 1749 peccator,
535 1704 669 1738 scilicet
693 1704 814 1741 Deum,
843 1706 901 1749 qui
927 1707 991 1739 erit
1012 1705 1121 1749 judex
1150 1711 1183 1741 et
1206 1709 1319 1742 testis.
1360 1708 1487 1744 Jerem.

101 1769 228 1804 XXIX.
275 1769 352 1817 Ego
386 1781 458 1804 sum
487 1770 597 1815 judex
630 1775 664 1805 et
698 1772 796 1805 testis
832 1771 913 1804 dicit
946 1771 1114 1805 dominus.
1186 1774 1299 1807 Alium
1335 1775 1426 1807 intra
1451 1785 1488 1808 se

100 1835 233 1870 scilicet
255 1837 513 1871 conscientiam.
562 1837 799 1881 Augustinus:
827 1837 992 1882 Quisquis
1021 1838 1169 1872 l'uturiuu
1196 1839 1348 1885 judicem
1375 1841 1489 1882 times,

101 1905 319 1946 praesentem
360 1903 604 1936 conscientiam
638 1903 787 1948 corrige.
861 1903 981 1937 Sermo
1016 1906 1105 1939 enim
1130 1909 1211 1939 tuae
1237 1915 1365 1940 causae
1388 1908 1488 1940 testi-

99 1968 248 2001 monium
274 1971 309 2002 et
331 1969 566 2002 conscientiae
590 1971 682 2002 tuae.
756 1967 912 2003 Tertium
934 1970 1038 2015 juxta
1063 1981 1122 2013 se,
1154 1971 1287 2005 scilicet
1312 1973 1489 2016 proprium

100 2033 262 2078 angelum
287 2033 332 2068 ad
355 2032 548 2067 custodiam
571 2033 770 2078 deputatum
786 2062 795 2076 ‚
849 2036 908 2080 qui
931 2039 1107 2082 tamquam
1141 2038 1300 2071 conscius
1326 2038 1488 2079 omnium,

101 2109 190 2144 quae
217 2099 318 2143 fecit,
343 2103 466 2134 contra
491 2110 567 2134 eum
592 2101 825 2135 testimoninm
851 2101 1060 2146 perhibebit.
1108 2102 1187 2138 Job.
1216 2103 1292 2138 XX.
1341 2102 1489 2138 Revela-

100 2164 185 2198 bunt
206 2165 308 2208 coeli,
333 2167 387 2211 (id
407 2171 462 2201 est
487 2167 639 2212 angeli)
666 2168 884 2211 iniquitatem
909 2169 997 2213 ejus.
1028 2168 1217 2214 Septimum
1243 2172 1296 2204 est
1313 2170 1489 2203 accusatio

102 2232 295 2274 peccatoris
320 2232 362 2267 de
386 2231 472 2275 hoe,
519 2233 610 2267 sieut
635 2233 718 2266 dicit
748 2232 958 2280 Gregorius:
1007 2234 1035 2268 0
1062 2245 1165 2280 quam
1193 2239 1365 2281 angustae
1390 2239 1490 2270 erunt

100 2298 182 2328 tunc
207 2296 285 2331 viae
307 2298 480 2343 reprobis.
530 2298 698 2343 Superius
724 2301 790 2334 erit
807 2299 917 2345 judex
943 2301 1067 2341 iratus,
1107 2301 1255 2335 inferius
1281 2300 1488 2335 horrendum

102 2358 229 2403 chaos,
271 2371 292 2395 a
315 2362 447 2398 dextris
474 2369 618 2409 peccata
643 2367 867 2408 accusantia,
920 2376 941 2400 a
968 2367 1120 2400 sinistris
1145 2366 1278 2399 infinita
1304 2366 1489 2400 daemonia

103 2426 365 2471 adsupplicium
375 2428 564 2472 trahentia,
590 2431 682 2465 intus
695 2433 911 2466 conscientia
937 2442 1052 2473 urens,
1073 2431 1159 2465 foris
1180 2431 1326 2465 mundus
1349 2431 1487 2467 ardens.

102 2492 213 2527 Miser
239 2498 403 2537 peccator
426 2495 476 2528 sic
501 2494 737 2539 deprehensus
765 2507 832 2542 quo
860 2497 999 2543 fugiet?
1030 2496 1140 2531 latere
1167 2499 1234 2531 erit
1257 2497 1488 2541 impossibile,

101 2568 275 2603 apparere
308 2559 540 2594 intolerabile.
613 2560 780 2595 Octavum
815 2566 867 2595 est
904 2563 1078 2596 sententia
1109 2562 1364 2598 irrevocabilis.
1424 2563 1489 2597 Illa

102 2624 190 2657 enim
217 2626 391 2659 sententia
422 2635 596 2670 nunquam
623 2628 754 2671 poterit
779 2629 936 2661 revocari
963 2638 1024 2662 nec
1052 2627 1096 2662 ab
1122 2628 1185 2662 illa
1209 2630 1339 2673 poterit
1366 2630 1486 2674 appel-

100 2688 178 2724 lari.
239 2689 384 2735 Triplici
421 2692 507 2725 enim
535 2691 577 2726 de
612 2701 717 2726 causa
748 2693 940 2738 appellatio
966 2695 999 2727 in
1025 2696 1142 2729 causis
1163 2694 1393 2740 judicialibus
1419 2706 1485 2730 non
