1742 3005
219 111 299 150 678
450 111 545 159 Cap.
579 108 693 144 CLll.
748 107 807 142 De
839 111 972 143 sancta
1000 106 1136 143 Thaisi
1167 106 1379 143 meretrice.

225 215 340 252 solido
374 213 552 259 protectus
589 216 642 246 est
675 210 720 245 ad
751 220 825 246 eain
860 212 893 244 iii
919 209 1069 256 quadam
1096 209 1248 255 Aegypti
1275 211 1414 245 civitate
1441 208 1606 254 deditque

226 283 258 315 ei
293 278 461 320 solidum,
496 278 598 323 quasi
629 287 692 322 pro
726 275 885 312 mercede
916 274 1097 320 peccandi.
1151 274 1217 308 Illa
1250 278 1394 319 accepto
1420 275 1533 319 pretio
1559 275 1609 308 ait

227 345 294 378 illi:
329 343 568 389 ingrediamur
598 345 632 378 iii
665 351 857 385 eameram,
891 351 1035 387 cunique
1069 341 1253 386 ingressus
1288 342 1383 374 esset
1414 342 1449 374 et
1484 340 1609 375 lectum

227 410 395 455 pretiosis
427 408 583 443 vestibus
617 412 763 443 stratum
794 407 1010 443 adscendere
1045 407 1270 448 invitaretur,
1315 404 1400 439 dicit
1442 404 1487 438 ad
1519 414 1611 439 eaiii:

226 477 256 509 si
293 479 347 510 est
371 476 517 510 interius
545 474 759 516 cubiculum,
793 474 826 508 in
861 474 972 518 ipsum
999 482 1128 508 eamuS.
1177 471 1222 507 Et
1247 481 1322 506 cuin
1349 470 1508 505 duxisset
1538 481 1614 505 eum

227 552 291 586 per
323 540 427 585 plura
458 541 554 583 loca,
585 540 644 574 ille
681 550 818 584 semper
852 538 1016 582 dicebat,
1059 537 1153 584 quod
1192 536 1305 572 videri
1339 535 1495 571 timebat.
1550 535 1615 570 llla

227 610 342 641 autem
367 606 472 641 dixit:
499 610 552 641 est
576 604 750 651 quoddam
777 604 988 646 cubiculum,
1015 605 1076 640 ubi
1101 603 1215 638 nullus
1242 601 1450 648 ingreditur,
1477 603 1507 635 si
1531 612 1614 637 vero

230 672 336 706 Deum
368 673 492 714 times,
525 683 594 706 non
628 675 681 706 est
713 671 832 713 locus,
867 672 926 715 qui
958 670 1088 705 Deitati
1121 670 1197 714 ejus
1223 668 1472 703 abscondatur.
1515 668 1616 708 Quod

229 747 304 770 cuni
330 747 438 771 senex
463 736 675 778 audivisset,
711 735 800 769 dixit
833 736 885 769 ei:
919 738 953 769 et
985 735 1055 769 scis
1089 744 1167 769 esse
1193 734 1328 769 Deum?
1377 733 1530 779 Cumque
1557 734 1619 770 illa

231 802 493 846 respondisset,
528 811 566 836 se
600 802 692 835 scire
724 799 832 834 Deum
867 804 902 835 et
935 809 1077 844 regnum
1113 798 1220 847 futui-i
1253 799 1387 834 sacculi
1421 810 1552 834 necnon
1585 804 1619 835 et

232 871 404 902 tormenta
434 871 675 912 peccatorum,
711 865 799 900 dixit
831 867 882 901 ei:
916 867 947 900 si
983 874 1068 910 ergo
1096 865 1208 905 nosti,
1243 873 1304 897 cur
1336 867 1453 898 tantas
1486 866 1619 900 animas

235 931 450 977 perdidisti?
475 931 517 967 Ei
544 943 613 966 non
640 931 751 966 solum
777 942 840 976 pro
865 935 938 973 tua,
964 930 1025 965 sed
1053 940 1116 975 pro
1143 929 1281 963 illorum
1307 928 1486 964 redditura
1512 931 1621 964 ratio-

234 1008 310 1033 nem
338 997 573 1032 damnaberis.
618 996 683 1031 llla
710 1007 792 1032 vero
811 996 898 1032 liaec
916 995 1063 1030 audiens
1083 994 1270 1040 provoluta
1287 994 1331 1029 ad
1353 995 1461 1039 pedes
1482 994 1622 1031 abbatis

234 1063 387 1098 Pafuiiiii
425 1074 500 1097 cuni
542 1064 702 1108 laci->inis
745 1062 916 1097 exorabat
954 1061 1091 1096 dicens:
1130 1062 1203 1095 scio
1249 1071 1328 1096 esse
1361 1062 1621 1105 poenitentiarii,

233 1132 346 1172 pater,
377 1132 411 1162 et
436 1127 572 1162 conlido
600 1128 840 1162 remissionem
867 1131 901 1162 te
927 1131 1048 1161 orante
1077 1128 1218 1165 sortiri3
1244 1130 1372 1160 tantuin
1402 1130 1484 1171 peto
1510 1126 1623 1161 tribus

235 1192 331 1228 lioris
364 1193 522 1227 inducias
556 1197 590 1228 et
626 1197 706 1238 post
736 1192 824 1235 lieo,
870 1203 937 1238 quo
973 1193 1149 1238 jusseris,
1191 1192 1247 1227 ibo
1288 1196 1342 1235 et,
1387 1201 1624 1237 quaecumque

235 1260 482 1304 praeceperis,
515 1258 653 1293 faciam.
705 1258 858 1304 Cumque
891 1258 1001 1292 locum
1035 1258 1086 1292 illi
1123 1256 1234 1291 abbas
1269 1259 1528 1300 constituisset,
1565 1257 1624 1292 ubi

236 1326 359 1359 venire
385 1324 550 1367 deberet,
586 1324 647 1357 illa
676 1324 835 1358 collectis
863 1323 1044 1365 omnibus,
1083 1333 1310 1369 quaecunque
1337 1333 1378 1358 ex
1403 1327 1546 1368 peccato
1573 1323 1626 1358 lu-

235 1393 334 1424 crata
367 1389 500 1432 suerat,
544 1389 763 1434 pei-latisque
799 1392 833 1424 in
877 1388 1025 1423 inediam
1057 1390 1232 1424 civitatem
1274 1389 1404 1434 populo
1445 1393 1627 1434 spectante

236 1457 319 1501 igne
352 1455 545 1490 combussit
579 1455 755 1489 clama-iis:
788 1457 902 1491 venite
937 1465 1077 1497 omnes,
1114 1456 1171 1500 qni
1204 1456 1399 1500 peccastis,
1433 1465 1562 1490 mecum
1594 1459 1629 1490 et

237 1520 375 1562 videte,
411 1520 585 1566 quomodo
623 1531 687 1563 ea,
722 1520 919 1566 quaemihi
950 1521 1169 1564 contulistis,
1204 1531 1356 1556 exuram.
1406 1519 1491 1555 Erat
1514 1524 1628 1556 autem

238 1586 386 1630 pretinm
421 1587 499 1619 auri
533 1586 700 1620 librarum
733 1587 1077 1632 quadringentarum.
1128 1587 1224 1627 Quae
1261 1597 1335 1621 cuni
1371 1587 1486 1621 omnia
1511 1588 1629 1621 incen-

240 1650 379 1692 disset,
415 1650 459 1684 ad
493 1650 627 1693 locum,
670 1662 769 1696 quein
805 1652 917 1686 abbas
952 1652 1135 1687 Pasuiitius
1172 1654 1423 1695 constituerat,
1461 1653 1629 1698 pei-rexit.

240 1716 348 1755 Quam
384 1716 441 1751 ille
476 1720 616 1761 reperto
653 1717 824 1762 virginum
856 1719 1068 1751 monasterio
1105 1719 1137 1751 in
1163 1718 1321 1753 cellulam
1348 1728 1489 1763 parvam
1517 1718 1629 1752 reclu-

239 1780 325 1815 dens
351 1782 478 1815 ostium
504 1780 653 1815 cellulae
681 1781 820 1826 plumbo
847 1783 1001 1827 signavit
1027 1786 1061 1817 et
1089 1793 1230 1827 parvam
1258 1784 1401 1829 reliquit
1428 1785 1628 1824 fenestram,

238 1857 303 1890 pei·
328 1856 430 1891 quani
456 1847 487 1881 ei
514 1847 624 1881 victus
648 1846 804 1880 modicus
835 1846 1032 1889 inferretur,
1055 1831 1235 1893 jussitque
1261 1850 1291 1882 ei
1316 1848 1475 1881 omnibus
1504 1846 1627 1881 diebus

239 1921 360 1956 parum
386 1913 487 1955 panis
523 1915 556 1946 et
591 1911 767 1956 paululum
794 1921 907 1956 aquae
935 1921 956 1944 a
979 1913 1129 1946 caeteris
1155 1913 1356 1946 ministrari.
1407 1912 1488 1946 Ciini
1515 1917 1626 1947 autem

240 1987 347 2011 senex
374 1976 593 2018 discederet,
621 1975 764 2010 Tliaisis
790 1975 833 2009 ad
859 1986 934 2010 eum
962 1978 1027 2010 ait:
1057 1988 1123 2021 quo
1145 1977 1263 2020 jubes,
1290 1980 1411 2022 pater,
1438 1981 1474 2010 iit
1499 1988 1540 2012 ex
1561 1988 1627 2012 iia-

239 2042 344 2075 turali
370 2046 484 2075 meatu
513 2051 638 2086 aqnani
664 2050 770 2074 nieani
799 2039 999 2090 effundam?
1045 2040 1090 2075 Et
1116 2041 1194 2076 ille:
1220 2043 1254 2076 iii
1280 2043 1381 2085 cella,
1410 2044 1499 2076 sient
1523 2043 1630 2089 digna

240 2118 291 2141 es.
342 2107 494 2151 Cumque
523 2107 664 2146 iteruin,
698 2104 871 2150 quomodo
898 2105 1005 2139 Deum
1042 2105 1188 2141 deberet
1221 2106 1393 2150 adorare,
1427 2109 1629 2153 inquireret,

239 2171 439 2216 respondit:
465 2182 533 2205 iioii
563 2181 599 2205 cs
626 2170 734 2216 digna
760 2171 937 2205 nominare
959 2171 1065 2205 Deum
1085 2182 1196 2217 neque
1219 2173 1252 2206 iii
1279 2172 1384 2207 labiis
1412 2174 1480 2207 tuis
1508 2185 1629 2208 nomen

239 2238 408 2271 trinitatis
434 2236 630 2277 adducere,
657 2235 718 2269 sed
746 2246 809 2269 uec
841 2236 883 2269 ad
912 2237 1044 2271 coelum
1072 2247 1191 2272 manus
1221 2238 1440 2283 expandere,
1468 2241 1628 2284 qnoniam

241 2302 337 2336 labia
367 2306 427 2336 tua
457 2302 642 2346 iniquitate
671 2301 774 2345 plena
800 2304 880 2335 sunt
912 2305 946 2335 et
971 2312 1090 2336 manus
1115 2307 1196 2338 tuae
1221 2304 1385 2338 sordibus
1414 2305 1628 2349 inquinatae,

240 2367 304 2402 sed
329 2366 565 2401 tantummodo
592 2365 794 2400 incumbens
822 2369 945 2400 contra
967 2369 1135 2404 orientem
1154 2371 1301 2414 respice,
1328 2369 1418 2404 linne
1436 2380 1629 2405 sermonem

241 2435 443 2478 frequenter
485 2434 634 2466 iterans:
675 2432 733 2476 qui
766 2431 947 2475 plasmasti
981 2444 1052 2476 me,
1094 2435 1261 2470 miserere
1295 2436 1372 2469 inei.
1423 2435 1503 2470 Cum
1544 2446 1627 2480 ergo

240 2498 352 2532 tribus
379 2500 479 2532 annis
508 2498 632 2531 suisset
659 2496 813 2538 inclusa,
840 2498 1021 2532 condoluit
1044 2499 1157 2534 abbas
1183 2499 1366 2534 Pasinitiiis
1391 2505 1425 2535 et
1449 2501 1626 2546 profectus

241 2567 294 2595 est
319 2563 362 2596 ad
389 2563 550 2597 abbatem
584 2562 833 2605 ¹)Antoiiiuni,
863 2568 898 2597 iit
921 2563 965 2598 ab
993 2575 1034 2599 co
1061 2567 1275 2611 requireret,
1302 2567 1331 2600 si
1360 2566 1548 2601 remisisset
1576 2564 1624 2598 illi

308 2705 333 2736 i)
354 2704 404 2730 lz‘il.
426 2708 467 2732 Pr,
490 2706 558 2737 logii
580 2707 785 2733 atloiiitiiiii
799 2727 805 2738 ,
824 2706 874 2733 ειΙίι
896 2706 977 2733 libri:
998 2707 1096 2735 Antii
1107 2707 1191 2734 onis
1216 2705 1349 2733 uillfrunl·
