1742 3005
188 80 285 130 Cap.
317 79 506 116 CXXXV.
566 79 625 116 De
656 80 794 116 sanctis
825 80 1022 129 Gorgonio
1054 86 1092 117 et
1121 78 1331 118 Dorotheo.
1389 79 1467 119 601

89 183 222 218 valeam
253 193 480 228 praeparare.
529 183 600 219 Hoc
635 188 747 219 autem
781 182 942 224 dic-ebat,
986 187 1024 218 ut
1064 183 1144 218 inde
1181 183 1304 230 sugere
1334 192 1469 230 posset.

89 248 172 282 Cum
197 252 311 283 autem
337 249 445 285 Deum
471 254 655 291 exoraret,
682 254 719 283 ut
744 259 781 283 se
806 250 968 282 intactam
994 253 1237 290 conservaret,
1264 249 1379 285 subito
1406 252 1472 286 ob—

89 312 253 347 dormivit
285 318 320 348 et
353 325 433 350 eece
466 326 553 349 unus
588 317 765 349 martirum
799 315 830 348 ei
863 315 1026 358 apparuit
1059 317 1092 347 et
1116 323 1190 347 eam
1217 314 1365 350 dulciter
1390 326 1473 351 con-

90 377 234 421 solans,
259 384 298 412 ut
321 379 366 414 ad
390 379 523 421 locum,
552 381 587 413 in
613 390 680 424 quo
706 383 785 413 sunt
810 388 960 422 corpora
984 379 1173 419 martirum,
1210 381 1336 421 veniat,
1364 381 1474 426 impe-

91 440 206 479 ravit.¹
247 442 426 490 Evigilans
466 447 574 491 igitur
619 448 653 479 et
686 453 820 476 manum
854 441 1002 475 Adriani
1036 442 1146 474 solam
1179 444 1357 486 accipiens
1399 456 1474 480 cum

92 508 206 542 multis
239 509 440 544 christianis
470 519 592 543 navem
624 506 841 542 conscendit.
890 505 990 544 Quod
1023 506 1183 540 tribunus
1218 506 1365 541 audiens
1399 519 1474 543 cum

92 573 207 607 multis
233 574 400 608 militibus
426 583 500 607 eam
526 584 590 617 per
616 572 792 616 navigium
827 572 1004 604 insecutus
1030 574 1103 612 est,
1140 581 1334 616 exsurgens
1361 577 1475 608 autem

93 642 214 671 ventus
251 639 445 672 contrarius
488 638 604 671 multis
652 646 769 670 eornm
812 634 1003 669 submersis
1042 645 1104 669 eos
1140 636 1257 670 redire
1297 638 1474 682 compulit.

91 700 211 735 Media
237 707 352 737 autem
377 706 478 737 nocte
498 701 669 747 dyabolus
694 703 729 735 in
749 702 866 745 specie
885 700 1042 734 naucleri
1061 710 1136 734 cum
1152 702 1234 735 navi
1254 701 1477 745 phantastica

89 765 158 808 his,
185 768 243 811 qui
269 771 368 802 erant
393 777 467 801 cum
493 766 644 809 Natalia,
671 767 835 811 apparuit
860 769 894 799 et
922 767 1022 810 quasi
1047 775 1131 799 voce
1156 766 1312 800 naucleri
1337 769 1386 801 ait
1411 770 1476 802 iis:

89 830 182 865 unde
206 834 333 866 venitis
359 836 418 866 aut
442 843 510 877 quo
538 833 716 877 pergitis?
763 830 806 864 Et
830 831 900 864 illi:
937 840 979 864 ex
1013 830 1218 864 Nicomedia
1253 834 1408 866 venimus
1444 838 1478 868 et

91 895 430 942 Constantinopolim
455 899 647 943 pergimus.
696 896 827 935 Quibus
853 895 913 929 ille
940 896 1007 928 ait:
1042 896 1186 936 erratis,
1222 895 1266 929 ad
1301 898 1477 932 sinistram

92 962 242 1006 pergite,
268 966 305 996 ut
328 965 456 997 rectius
483 964 669 1008 navigetis.
719 961 790 995 Hoc
816 965 929 994 autem
950 959 1101 1002 dicebat,
1129 964 1167 994 ut
1186 971 1246 995 eos
1268 962 1302 995 in
1328 963 1477 1009 pelagus

91 1027 244 1061 mitteret
276 1031 310 1061 et
341 1029 506 1072 perirent.
556 1027 638 1061 Cum
674 1031 787 1061 autem
825 1026 903 1060 vela
934 1030 1127 1067 mutarent,
1157 1025 1273 1060 subito
1300 1027 1478 1063 Adrianus

92 1092 127 1125 in
154 1092 314 1126 navicula
346 1093 472 1127 sedens
509 1093 641 1128 eisdem
673 1093 838 1136 apparuit
871 1096 905 1125 et
939 1102 1000 1125 eos
1037 1092 1227 1136 navigare,
1267 1094 1355 1126 sicut
1380 1096 1478 1137 prius

90 1162 300 1202 coeperant,
335 1158 530 1200 admonuit,
564 1168 728 1192 asserens
754 1157 941 1201 malignum
969 1158 1127 1201 spiritum
1155 1157 1286 1198 fuisse,
1324 1159 1382 1202 qui
1408 1160 1478 1192 sibi

90 1222 228 1257 locutus
263 1223 398 1266 suerat,
433 1233 638 1268 ponensque
670 1233 708 1256 se
743 1225 824 1256 ante
860 1231 920 1255 eos
954 1222 1191 1265 praecedebat
1221 1221 1301 1256 illos
1329 1228 1363 1257 et
1387 1225 1478 1259 viam

89 1289 134 1323 iis
160 1288 381 1323 ostendebat.
430 1288 572 1322 Natalia
598 1298 680 1322 vero
705 1287 895 1322 Adrianum
924 1287 1138 1331 praecedere
1164 1287 1284 1321 videns
1311 1288 1477 1323 immenso

90 1353 223 1399 gaudio
249 1353 387 1398 repleta
413 1358 467 1387 est
491 1355 631 1398 sicque,
659 1358 842 1397 antequam
869 1353 1109 1395 illucesceret,
1137 1352 1477 1398 Constantinopolim

90 1418 315 1452 advenerunt.
365 1418 447 1452 Cum
472 1423 585 1452 autem
610 1416 750 1451 Natalia
772 1419 806 1451 in
832 1417 979 1460 domum,
1006 1417 1066 1451 ubi
1091 1422 1190 1452 erant
1214 1429 1364 1462 corpora
1385 1429 1477 1454 mar-

89 1484 212 1524 tirum,
244 1484 441 1518 introiisset
472 1488 506 1518 et
538 1493 672 1518 manum
703 1482 849 1516 Adriani
885 1483 929 1517 ad
963 1494 1090 1527 corpus
1127 1485 1305 1527 posuisset
1339 1488 1479 1528 etpost

91 1550 283 1583 orationem
318 1548 561 1590 dormitasset,
595 1547 770 1582 Adrianus
804 1549 837 1582 ei
869 1549 1035 1592 apparuit
1062 1551 1097 1581 et
1130 1548 1287 1581 salutans
1314 1558 1409 1591 cam,
1442 1554 1480 1583 ut

89 1615 126 1647 in
152 1617 327 1648 aeternam
354 1624 474 1658 pacem
500 1624 617 1648 secum
643 1615 787 1654 veniret,
815 1614 1004 1656 praecepit.
1056 1612 1152 1651 Quae
1168 1623 1242 1646 cum
1269 1614 1479 1659 evigilasset

91 1683 126 1714 et
149 1681 315 1713 somnium
341 1679 559 1714 adstantibus
586 1678 782 1719 retulisset,
818 1678 1032 1712 valefaciens
1068 1677 1227 1712 omnihus
1264 1680 1379 1712 emisit
1403 1681 1477 1723 spi-

91 1746 205 1786 ritum,
230 1743 352 1779 fideles
370 1749 484 1780 autem
507 1754 634 1789 corpus
655 1744 731 1788 ejus
760 1745 972 1789 accipientes
994 1744 1097 1789 Juxta
1125 1753 1276 1788 corpora
1298 1745 1476 1779 martirum

90 1809 176 1844 illud
200 1815 402 1855 posuerunt.

505 2127 631 2186 GAP.
666 2126 865 2185 CXXXV.
913 2125 1067 2188 (128.)

164 2231 263 2274 De
295 2224 534 2272 sanctis
565 2220 895 2277 (iol-genio
926 2224 992 2266 et
1025 2222 1406 2267 ¹)Dorotheo.

187 2334 386 2380 Gorgonius
431 2337 465 2367 et
505 2330 704 2366 Dorotheus
745 2328 837 2373 apud
870 2326 1106 2365 Nicomediam
1143 2332 1244 2375 priini
1278 2331 1315 2363 in
1347 2329 1480 2374 palatio

96 2400 316 2446 Dyocletiani
348 2401 514 2443 antiquae
548 2397 692 2430 militiae
726 2396 1016 2442 renuntiantkut
1050 2395 1196 2430 liberius
1231 2405 1350 2440 regem
1384 2404 1481 2427 snum

97 2468 300 2509 sequantur,
333 2467 368 2497 et
401 2463 612 2497 christianos
638 2470 677 2495 se
703 2469 793 2494 voce
818 2459 931 2494 libera
956 2459 1172 2494 confitentur.
1224 2459 1324 2499 Quod
1349 2459 1483 2493 Caesar

98 2528 245 2564 audiens
283 2528 466 2573 plurimum
502 2525 732 2569 anxiabatur,
774 2535 882 2570 aegre
913 2525 1030 2560 serens
1065 2524 1215 2569 perdere
1249 2523 1339 2559 tales
1373 2524 1480 2565 viros,

168 2662 196 2695 1)
215 2661 268 2690 Ed.
286 2664 330 2688 Pr.
349 2659 590 2687 Tliorotlieus
610 2657 690 2690 legit.
