1742 3005
264 121 348 160 404
595 120 690 170 Cap.
721 119 860 156 XCW.
921 119 978 156 De
1010 124 1140 155 saneto
1177 117 1320 155 Alexio.

267 225 402 262 omnia,
438 231 529 267 quae
564 232 679 257 secum
715 222 910 263 detulerat,
945 221 1159 267 pauperibus
1185 221 1364 256 distribuit
1391 222 1425 253 et
1450 219 1656 252 vestimenta

267 290 351 323 vilia
375 286 523 322 induens
549 298 624 322 eum
648 272 798 323 caeteris
825 288 1065 334 pauperibus,
1098 288 1133 320 in
1158 288 1247 320 atrio
1274 286 1338 321 Dei
1363 274 1559 331 genitricis
1576 282 1654 317 Mau

268 356 342 389 riae
370 353 496 388 sedere
521 355 648 399 coepit.
699 353 750 389 De
777 354 979 389 elemosinis
1008 363 1091 388 vero
1119 355 1282 398 quantum
1310 351 1378 385 sibi
1403 349 1566 384 sufficere
1592 358 1657 393 po-

266 422 378 461 terat,
415 418 485 453 sibi
509 419 704 462 retinebat,
741 423 885 454 caetera
918 430 1001 454 vero
1030 419 1111 453 aliis
1140 418 1355 463 pauperibus
1381 416 1563 461 erogabat.
1613 414 1659 448 At

266 496 350 520 vero
392 488 494 530 pater
526 484 569 521 de
603 496 748 521 recessu
784 485 847 520 filii
879 485 1061 530 plurimum
1106 485 1340 530 ingemiscens
1383 492 1447 526 per
1477 483 1658 516 universas

267 550 386 585 mundi
419 554 538 596 partes
576 562 706 596 pueros
741 561 825 586 suos
862 553 976 593 misit,
1016 552 1074 596 qui
1101 561 1176 585 eum
1209 550 1428 595 inquirerent
1461 547 1659 594 diligenter.

269 617 421 657 Quorum
449 627 524 652 cum
549 617 660 663 aliqui
685 617 731 652 ad
759 619 935 653 civitatem
959 616 1131 652 Edessam
1157 617 1349 657 venisseut,
1374 614 1418 648 ab
1447 624 1487 648 eo
1517 613 1661 658 cogniti,

269 682 332 716 sed
356 684 427 727 ipsi
452 693 528 717 eum
553 684 691 718 minime
720 687 977 729 cognoscentes
1011 683 1123 717 eidem
1157 692 1232 716 cum
1259 682 1410 716 caeteris
1445 678 1661 725 pauperibus

270 747 482 781 elemosinas
525 747 743 790 tribuerunt,
783 758 870 793 quas
906 748 1083 792 accipiens
1118 747 1192 781 Deo
1239 748 1375 794 gratias
1408 756 1517 791 agens
1554 745 1661 778 dixit:

270 813 407 857 gratias
431 812 499 846 tibi
523 822 614 858 ago,
643 813 800 855 domine,
836 814 920 858 quia
954 822 975 846 a
1000 813 1113 846 servis
1141 814 1226 846 meis
1254 812 1476 846 elemosinam
1502 812 1663 855 recipere

271 888 324 912 me
349 877 486 916 fecisti.
534 877 681 913 Reversi
715 883 831 914 autem
861 879 961 924 pueri
998 879 1197 913 renuntiant
1221 879 1330 922 patri,
1364 876 1459 922 quod
1493 887 1662 922 nusquam

271 944 388 979 valeat
408 944 577 988 reperiri,
604 948 715 979 mater
738 949 852 979 autem
881 955 945 979 sua
969 955 991 980 a
1015 945 1072 980 die
1097 946 1152 979 sui
1179 954 1344 979 recessus
1374 953 1513 977 saccum
1538 944 1572 976 in
1599 952 1661 987 pa-

273 1010 423 1043 vimento
450 1008 602 1043 cubiculi
635 1011 690 1044 sui
723 1012 870 1053 stravit,
907 1011 968 1045 ubi
994 1012 1168 1057 evigilans
1194 1009 1439 1045 lamentabiles
1465 1019 1570 1043 voces
1599 1007 1662 1042 da-

273 1074 334 1108 bat
359 1074 503 1109 dicens:
536 1073 592 1109 hic
627 1085 767 1120 semper
801 1078 836 1110 in
868 1076 964 1111 luctu
999 1076 1164 1118 manebo,
1202 1076 1312 1110 donec
1339 1075 1444 1110 filium
1471 1085 1581 1110 meum
1606 1085 1659 1108 re-

275 1149 504 1185 cuperavero.
541 1139 681 1184 Sponsa
706 1151 788 1176 vero
808 1141 854 1176 ad
879 1152 1016 1177 socrum
1042 1142 1149 1176 dixit:
1176 1141 1288 1176 donec
1308 1141 1448 1175 audiam
1469 1140 1512 1175 de
1534 1150 1664 1185 sponso

273 1216 350 1240 meo
376 1205 600 1248 dulcissimo,
632 1207 746 1240 instar
774 1208 921 1242 turturis
947 1208 1110 1242 solitaria
1135 1211 1248 1255 tecum
1278 1207 1436 1254 manebo.
1487 1206 1568 1240 Cum
1596 1207 1664 1251 igi-

272 1275 331 1306 tur
354 1270 502 1305 Alexius
527 1272 563 1305 in
588 1273 770 1317 praedicto
798 1275 889 1308 atrio
914 1273 1019 1309 XVII.
1045 1284 1136 1307 anno
1164 1277 1321 1308 maneret
1354 1275 1388 1307 in
1413 1272 1479 1307 Dei
1504 1273 1663 1314 servitio,

272 1338 391 1382 imago
418 1336 559 1372 tandem
585 1337 713 1373 beatae
737 1340 906 1386 virginis,
933 1350 1022 1386 quae
1047 1339 1176 1375 ibidem
1203 1343 1298 1382 erat,
1326 1338 1464 1373 custodi
1490 1338 1664 1373 ecclesiae

274 1402 382 1437 dixit:
417 1402 472 1437 sac
504 1403 651 1440 introire
680 1404 855 1447 hominem
881 1406 965 1450 Dei,
1001 1407 1083 1452 quia
1117 1406 1243 1452 dignus
1270 1409 1324 1440 est
1353 1415 1461 1452 regno
1488 1404 1664 1439 coelorum

275 1473 310 1503 et
335 1469 481 1514 spiritus
508 1469 575 1504 Dei
601 1472 792 1517 requiescit
816 1482 923 1517 super
950 1483 1047 1516 eum,
1083 1483 1161 1507 nam
1193 1474 1306 1507 oratio
1333 1473 1410 1518 ejus
1434 1473 1523 1505 sicut
1547 1472 1662 1505 incen-

275 1546 350 1570 sum
383 1537 419 1570 iu
443 1541 666 1582 conspectum
695 1538 760 1573 Dei
785 1538 982 1574 adscendit.
1033 1539 1117 1574 Cum
1143 1544 1258 1574 autem
1286 1543 1417 1581 custos,
1447 1537 1490 1573 de
1516 1546 1665 1583 quonam

278 1601 481 1646 ¹)dicerct,
508 1603 703 1649 ignoraret,
730 1605 854 1640 iterum
881 1607 913 1640 ei
940 1605 1045 1640 dixit:
1072 1605 1146 1647 ille,
1173 1607 1233 1651 qui
1258 1605 1345 1639 soris
1372 1604 1474 1639 sedet
1499 1604 1533 1637 in
1561 1603 1664 1644 atrio,

273 1670 351 1712 ipse
378 1672 442 1703 est.
492 1667 592 1704 Tunc
629 1674 748 1704 custos
784 1670 933 1706 festinus
969 1673 1054 1706 exiit
1081 1675 1114 1706 et
1141 1673 1254 1717 ipsum
1281 1673 1316 1706 in
1342 1671 1526 1706 ecclesiam
1554 1670 1664 1703 intro—

274 1733 382 1768 duxit.
434 1733 534 1774 Quod
568 1735 695 1770 sactum
731 1736 810 1770 (lum
845 1738 977 1771 cunctis
1012 1738 1250 1772 innotesceret
1284 1741 1318 1772 et
1348 1737 1392 1771 ab
1421 1736 1580 1771 omnibus
1606 1745 1665 1769 ve-

272 1800 391 1833 nerari
416 1801 613 1845 coepisset,
649 1800 835 1835 humanam
867 1802 1017 1847 gloriam
1054 1802 1193 1847 fugiens
1228 1802 1307 1836 inde
1336 1804 1485 1836 recessit
1512 1805 1545 1835 et
1570 1802 1664 1835 Lao-

273 1863 409 1899 diceam
442 1866 538 1899 venit
572 1865 691 1911 ibique
723 1877 845 1901 navem
879 1866 1099 1901 adscendens
1134 1878 1209 1901 cum
1244 1868 1277 1901 in
1315 1867 1490 1901 Thai-sum
1519 1865 1664 1901 Ciliciae

272 1929 379 1964 vellet
403 1941 568 1976 pergere,
603 1931 831 1977 dispensante
858 1932 931 1967 Deo
966 1934 1066 1967 navis
1102 1943 1123 1967 a
1148 1934 1260 1967 ventis
1288 1933 1390 1977 pulsa
1416 1934 1450 1966 in
1474 1932 1663 1967 Romanum

271 2000 409 2040 portum
434 1995 586 2032 devenit.
636 1996 735 2036 Quod
761 2008 907 2032 cernens
931 1998 1079 2033 Alexius
1106 1999 1155 2032 ait
1180 2000 1272 2033 intra
1299 2009 1357 2033 se:
1396 2000 1431 2032 in
1471 1997 1572 2032 domo
1600 2008 1662 2042 pa-

270 2062 335 2094 tris
361 2062 427 2095 mei
453 2062 595 2107 ignotus
624 2063 772 2098 manebo
799 2062 993 2098 nec‘alteri
1020 2075 1190 2099 onerosus
1217 2075 1290 2099 ero.
1340 2063 1476 2099 Patrem
1503 2065 1612 2109 igitur
1643 2073 1664 2097 a

271 2126 404 2171 palatio
440 2127 643 2162 redeuntem
680 2129 901 2165 multitudine
933 2130 1199 2175 obsequentium
1242 2130 1490 2165 circumdatum
1525 2126 1663 2163 obvium

270 2191 394 2226 habuit
421 2203 463 2227 ae
488 2197 569 2238 post
595 2204 670 2228 eum
695 2195 847 2230 clamare
873 2198 1009 2241 coepit:
1042 2207 1143 2231 serve
1168 2196 1254 2239 Dei,
1285 2207 1338 2231 me
1372 2196 1594 2241 peregrinum
1629 2195 1662 2228 in

271 2256 374 2291 domo
398 2261 460 2291 tua
486 2260 618 2303 suscipi
641 2260 771 2304 Jubeas
804 2265 838 2296 et
863 2261 906 2296 de
931 2263 1030 2296 micis
1055 2272 1195 2297 mensae
1219 2265 1301 2296 tuae
1322 2272 1374 2297 me
1392 2264 1516 2296 nutriri
1536 2261 1661 2303 facias,

269 2327 307 2356 ut
331 2323 382 2356 tui
410 2334 549 2369 quoque
579 2326 758 2371 peregrini
785 2325 952 2372 dignetur
976 2327 1135 2362 dominus
1169 2329 1339 2363 misereri.
1390 2327 1489 2368 Quod
1514 2327 1660 2362 audiens

269 2391 371 2431 pater
396 2387 441 2422 ob
470 2399 621 2424 amorem
652 2390 714 2425 filii
740 2393 794 2426 sui
821 2402 895 2426 eum
922 2395 1054 2438 suscipi
1076 2395 1187 2439 jussit
1219 2398 1252 2428 et
1285 2393 1394 2428 locum
1421 2385 1597 2439 propriu'm
1625 2393 1657 2425 in

269 2452 371 2487 domo
407 2464 473 2489 sua
505 2457 686 2490 constitnit
720 2462 753 2492 et
788 2458 901 2493 cibum
940 2458 983 2494 de
1018 2470 1139 2496 mensa
1172 2470 1237 2495 sua
1262 2460 1394 2495 tribuit.
1410 2464 1444 2494 et
1468 2459 1656 2492 ministrum

268 2520 446 2563 proprium
473 2519 672 2567 delegavit,
700 2523 776 2567 ipse
802 2529 914 2560 autem
945 2527 979 2559 in
1007 2525 1228 2560 orationibus
1253 2524 1506 2571 perseverabat
1527 2526 1560 2557 et
1579 2533 1656 2555 ror-

267 2590 331 2622 pus
358 2593 455 2618 suum
478 2586 626 2630 jeJuniis
654 2592 687 2622 ct
717 2589 850 2635 vigiliis
876 2591 1090 2636 macerabat,
1120 2591 1240 2627 famuli
1266 2596 1380 2627 autem
1404 2589 1523 2624 domus
1546 2589 1656 2633 ipsum

262 2669 793 2686 ..κ-.-

332 2724 474 2756 ¹)V91bfl
495 2727 656 2763 diceret,
676 2732 877 2764 ignoraret
897 2735 1007 2763 omittit
1029 2735 1081 2763 tid.
1101 2738 1144 2763 Pr.
