1742 3005
379 83 475 133 Cap.
511 83 703 121 cxcvtl.
762 85 819 122 De
850 90 979 123 sancto
1010 85 1194 139 RupertO.
1268 103 1270 105 >
1396 87 1477 127 887

501 289 626 351 cAP.
663 289 865 352 cxcvn.
900 290 1051 354 (194.)

303 390 421 435 De
478 391 788 435 sancto
845 391 1254 446 Ruperto.

189 496 339 524 Hodierna
363 497 514 525 festivitas
542 496 722 525 sanctissimi
748 507 782 524 ac
809 497 976 525 beatissimi
1000 499 1094 532 patris
1118 500 1211 525 nostri
1232 502 1372 534 Ruperti,
1400 513 1473 536 quar

83 542 149 574 ejus
176 542 263 568 nobis
288 543 317 569 iu
337 543 508 577 paradisum
535 543 693 569 transitum
714 542 924 568 exsultabilem
944 542 1061 575 reddit,
1088 543 1146 577 piis
1172 545 1323 573 mentibus
1349 549 1474 580 mystica

86 586 194 618 gaudia
213 587 344 615 exhibet.
381 590 476 621 Quae,
504 587 574 613 dum
593 595 739 613 annorum
758 595 861 613 cursus
882 587 951 614 inde
971 587 1119 619 volvitur,
1146 588 1176 614 in
1202 590 1312 617 nostris
1331 592 1472 619 cordibu-1

82 640 204 665 semper
228 635 342 658 retenta
368 628 554 663 jucunditate
577 630 748 659 innovatur,
786 634 857 658 Cum
885 631 964 658 enim
991 631 1072 658 dicat
1091 632 1253 667 scriptura:
1282 634 1310 660 in
1331 637 1472 664 memoria

86 680 205 702 aeterna
231 675 286 702 erit
311 676 422 708 justus,
449 675 538 707 digne
561 675 591 702 iu
618 676 792 702 memoriam
818 676 946 703 vertitur
972 676 1142 710 hominum,
1176 679 1227 711 qui
1259 680 1298 706 ad
1331 682 1473 712 gaudium

84 719 191 746 transit
207 719 396 753 angelorum,
416 720 547 754 dumque
566 720 660 748 dicat:
685 720 778 752 gloria
797 720 892 755 patris
911 725 956 748 est
975 720 1055 748 fitius
1074 722 1211 756 sapiens,
1238 730 1366 757 quantae
1386 727 1473 761 hujus

79 768 152 791 sunt
170 763 299 797 gloriae,
324 765 376 798 qui
393 769 437 791 tot
458 764 630 792 barbaricas
648 765 786 792 nationes
805 765 844 791 ad
871 765 1053 797 agnitionem
1073 766 1127 792 Dei
1146 766 1175 793 in
1196 768 1311 795 Christo
1330 773 1400 797 Jesu
1419 782 1473 806 per

82 809 272 842 evangelium
300 809 503 842 regeneravit!
538 812 688 844 Tempore
718 819 848 843 namque
874 810 1030 844 Hyloperti
1063 811 1140 842 regis
1167 815 1361 846 Francorum,
1394 826 1472 843 anno

79 853 198 881 scilicet
223 855 286 887 ejus
313 854 395 886 regni
421 853 571 886 secundo,
600 858 719 880 sanctus
747 853 902 881 consessor
930 854 1036 881 Christi
1063 854 1093 881 in
1122 857 1278 883 wormatia
1305 859 1472 886 habebatur

82 899 261 934 episcopus,
295 899 346 932 qui
371 908 408 926 ex
434 898 525 931 regali
550 898 692 933 prosapia
717 902 895 925 Francorum
921 898 1065 925 nobiliter
1091 904 1173 926 ortus
1200 902 1332 929 nobilior
1357 904 1416 930 lide
1443 910 1471 930 vt

82 948 233 978 potestate
258 942 325 972 fnit.
362 946 429 970 Erat
456 943 534 970 enim
558 946 730 969 mansuetus
757 948 786 969 et
813 948 928 975 castus,
955 943 1084 978 simplex
1110 948 1137 970 et
1157 946 1306 978 prudens,
1333 947 1363 973 in
1383 948 1471 975 lando

81 989 137 1015 Dei
155 989 302 1020 devotus,
326 987 434 1022 plenus
453 988 560 1023 spiritu
578 991 699 1019 sancto,
723 987 870 1021 providus
897 987 926 1014 in
954 988 1095 1020 consilio,
1120 990 1215 1022 justus
1243 990 1272 1016 in
1299 991 1428 1026 judicio,
1454 1004 1470 1020 a

82 1034 195 1061 dextris
221 1037 250 1060 et
276 1042 292 1059 a
319 1031 447 1060 sinistris
472 1033 617 1059 virtutum
642 1032 731 1059 armis
758 1032 904 1064 munitus,
937 1033 1016 1065 gregi
1048 1042 1103 1060 sno
1136 1033 1231 1061 surina
1259 1035 1336 1062 bene
1363 1039 1470 1068 agendi

79 1079 194 1111 sactus,
213 1078 297 1111 quia,
315 1077 400 1110 quod
414 1077 517 1104 verbis
536 1082 687 1109 moneret,
714 1077 770 1103 hoc
790 1085 914 1110 operum
933 1078 1141 1111 praerogativa
1161 1079 1359 1109 confirmavit.
1395 1083 1470 1111 Hinc

81 1123 160 1150 enim
179 1132 211 1150 se
228 1121 437 1155 frequentibus
456 1122 614 1149 exercebat
633 1121 755 1154 vigiliis,
775 1121 845 1148 inde
865 1121 1046 1149 continuatis
1065 1124 1234 1150 macerabat
1254 1125 1373 1158 inediis,
1393 1136 1469 1162 opus

80 1177 166 1195 snum
184 1165 390 1194 misericordia
408 1167 550 1199 ornabat,
576 1177 635 1200 qua
660 1167 816 1193 thesauros
844 1166 1004 1201 dispersit,
1028 1171 1060 1193 ut
1087 1176 1177 1202 saepe
1197 1174 1302 1200 egente
1321 1181 1468 1205 pauperes

79 1213 257 1244 ditesceret,
274 1210 326 1244 qui
344 1220 430 1238 suum
449 1212 547 1239 solum
565 1212 622 1239 hoc
641 1221 706 1239 esse
726 1212 870 1243 credidit,
897 1212 979 1244 quod
998 1212 1096 1238 nudus
1115 1217 1166 1238 aut
1185 1212 1273 1247 inops
1293 1216 1468 1250 accepisset,

79 1261 151 1285 Cum
176 1257 266 1289 igitur
289 1256 578 1290 praecellentissima
604 1256 683 1283 sama
710 1257 797 1290 hujus
815 1256 873 1284 viri
893 1256 923 1283 in
941 1256 1016 1283 fines
1035 1261 1178 1283 terrarum
1198 1258 1337 1291 exiisset,
1364 1271 1468 1294 quam-

77 1302 201 1338 plurimi
225 1301 357 1329 illustres
383 1301 442 1328 viri
467 1310 527 1327 non
553 1300 651 1328 solum
678 1311 694 1328 a
714 1301 839 1334 vicinis,
867 1301 922 1328 sed
940 1301 1031 1328 etiam
1050 1302 1087 1327 ab
1108 1302 1216 1329 exteris
1235 1304 1409 1333 nationibus
1429 1308 1468 1334 ad

77 1350 141 1381 ejus
160 1346 380 1374 sanctissimam
399 1346 603 1372 confluxerant
622 1346 806 1379 doctrinam,
830 1351 861 1373 ut
888 1346 937 1373 vel
961 1346 1043 1373 illius
1063 1347 1265 1375 sacratissimo
1285 1349 1418 1383 alloquio
1438 1352 1468 1378 in

78 1392 198 1420 tristitia
217 1390 377 1425 cujuslibet
396 1390 556 1416 anxietatis
582 1390 820 1417 consolationem
847 1391 1048 1425 susciperent,
1076 1392 1126 1418 vel
1151 1394 1373 1421 ecclesiasticae
1399 1397 1467 1424 reli-

77 1438 174 1470 gionis
192 1437 230 1463 ab
250 1444 286 1463 eo
304 1444 410 1470 puram
428 1435 585 1462 veritatem
606 1435 753 1465 audirent.
790 1436 874 1463 Unde
894 1440 922 1462 et
941 1436 1028 1462 multi
1054 1435 1135 1463 illius
1156 1437 1283 1469 benigna
1303 1439 1467 1468 devotione»

76 1493 93 1510 a
119 1482 234 1516 laqueis
256 1480 352 1507 hostis
377 1479 493 1513 antiqui
519 1479 640 1506 liberati
663 1485 731 1506 sunt
758 1485 786 1507 et
814 1481 879 1508 vias
904 1485 1069 1515 perpetuae
1103 1481 1184 1508 vitae
1211 1483 1465 1516 ingrediebantur.

76 1527 131 1555 sed
148 1526 306 1557 infideles,
332 1525 384 1558 qui
409 1523 528 1559 plurimi
557 1529 639 1551 erant
666 1524 695 1550 in
722 1525 842 1557 regione
863 1525 1069 1557 Wormacensi,
1097 1525 1177 1552 illius
1197 1528 1386 1555 sanctitatem
1405 1540 1463 1556 non

75 1572 206 1599 serentes
232 1570 335 1598 multis
362 1579 430 1597 euin
455 1569 613 1604 suppliciis
640 1568 780 1596 affectum
799 1574 828 1596 et
846 1569 939 1602 virgis
959 1579 1077 1597 caesuin
1097 1580 1113 1596 a
1132 1571 1255 1598 civitate
1275 1582 1340 1599 cuin
1359 1584 1465 1606 magna

75 1619 225 1651 ejecerunt
251 1614 367 1650 injuria.
402 1614 494 1646 Igitur
511 1614 619 1641 eodem
636 1618 771 1649 tempore
790 1615 937 1642 Theodou
956 1615 1017 1642 dux
1037 1618 1219 1642 navarorum
1238 1617 1363 1645 audiens
1384 1620 1464 1646 beati

74 1661 132 1689 viri
151 1660 340 1688 sanctitatem
358 1664 387 1687 et
405 1658 565 1691 miracula,
591 1669 667 1692 quae
685 1660 833 1692 faciebat,
861 1660 1046 1687 desideravit
1072 1660 1158 1686 illum
1184 1660 1289 1688 videre
1316 1668 1345 1689 et
1363 1664 1464 1692 missis

74 1706 272 1742 optimatibus
289 1705 351 1733 suis
369 1704 480 1732 obnixe
499 1713 566 1731 eum
585 1705 775 1738 postulabat,
802 1710 948 1738 quatenus
968 1705 1105 1736 regiones
1129 1708 1314 1734 Bavarorum
1339 1708 1464 1735 visitare

73 1752 245 1784 dignaretur
269 1755 298 1778 et
324 1751 387 1784 ejus
410 1748 583 1777 salutiferae
607 1750 793 1778 credulitatis
820 1749 901 1777 viam
928 1749 1102 1778 insinuaret.
1146 1752 1271 1778 Sanctus
1298 1762 1370 1780 vero
1399 1755 1462 1789 epi-

73 1804 200 1831 scopus.
225 1795 277 1822 ubi
303 1799 404 1822 tantae
430 1793 587 1825 legationis
612 1794 833 1828 postulationes
857 1794 1008 1829 percepit,
1035 1795 1133 1821 sciens
1152 1795 1323 1829 hujusmodi
1343 1807 1462 1826 causam

71 1850 109 1870 ex
134 1840 239 1868 divina
262 1839 489 1874 dispensatione
514 1839 694 1873 procedere,
729 1839 838 1871 gratias
865 1839 992 1866 coelesti
1018 1839 1194 1866 clementiae
1221 1841 1346 1873 agebat,
1380 1844 1462 1876 qnod

70 1886 212 1914 sedentes
237 1885 268 1912 in
291 1885 423 1912 tenebris
449 1888 478 1911 et
504 1884 609 1910 umbra
634 1884 738 1911 mortis
765 1888 900 1910 autorem
934 1884 1015 1910 vitae
1050 1884 1150 1911 lumen
1178 1894 1283 1912 verum
1313 1886 1461 1914 Christum

70 1934 173 1959 Jesum
206 1938 366 1962 agnoscere
402 1933 551 1963 optarent.
593 1932 698 1962 Itaque
723 1938 790 1955 cnm
815 1928 924 1955 iisdem
948 1924 1054 1961 l-egatis
1079 1929 1251 1957 sacerdotes
1278 1940 1349 1958 suos
1375 1932 1462 1965 quasi

70 1974 175 2002 radios
197 1973 271 2001 fidei
295 1973 335 2000 ad
358 1973 489 2001 eundem
513 1973 620 2000 ducem
645 1973 803 2008 praemisit
830 1977 858 2000 et
882 1973 948 2008 ipse
974 1982 1034 2000 non
1060 1973 1150 2006 longo
1182 1975 1327 2010 temporis
1361 1977 1460 2010 spatio

70 2018 250 2053 interposito
269 2021 339 2052 post
358 2025 410 2044 eos
429 2017 459 2044 in
477 2020 661 2045 navarorum
680 2023 788 2045 terram
807 2017 863 2045 iter
881 2018 1061 2050 aggreditur.
1098 2019 1186 2054 Quod
1213 2028 1279 2045 cum
1306 2020 1458 2054 praefatus

71 2063 135 2091 dux
152 2062 313 2093 audiisset,
338 2070 446 2093 magno
464 2061 604 2095 pertusus
623 2062 731 2093 gaudio
751 2071 818 2088 cuin
840 2062 997 2096 procinctu
1022 2070 1178 2096 procerum
1196 2071 1317 2089 suornm
1337 2063 1459 2091 obviam

68 2106 246 2143 properavit
271 2110 302 2133 et
325 2104 358 2132 in
379 2106 453 2132 urbe
479 2105 644 2132 Ratisbona
670 2115 736 2133 cuin
760 2115 875 2132 summa
901 2106 1054 2132 alacritate
1086 2106 1173 2132 illum
1202 2107 1330 2141 excepit.
1373 2111 1458 2135 Tunc

69 2152 185 2180 ibidem
202 2154 322 2178 sanctus
341 2152 490 2184 Rupertus
516 2149 630 2176 indicto
655 2150 766 2184 jejunio
792 2150 974 2177 coelestibus
993 2150 1166 2177 ministeriis
1189 2150 1295 2177 ducem
1314 2151 1457 2179 informa-

68 2197 114 2225 vit
139 2201 168 2224 et
194 2195 227 2223 in
248 2194 308 2222 fide
333 2203 406 2221 vera
429 2194 583 2221 roboravit
610 2199 639 2221 et
668 2194 827 2228 ydolorum
858 2194 989 2222 cultibus
1022 2194 1233 2222 abrenuntiare
1264 2195 1337 2222 fecit
1368 2201 1397 2223 et
1426 2197 1456 2224 in

68 2240 190 2270 nomine
209 2243 330 2268 sanctae
348 2243 379 2266 et
395 2238 570 2266 individuae
589 2238 730 2266 trinitatis
750 2239 930 2273 baptizavit.
967 2240 1118 2275 Baptizati
1142 2244 1210 2266 sunt
1236 2249 1302 2267 cum
1321 2249 1357 2267 eo
1376 2242 1454 2276 opti-

67 2290 164 2315 mates
188 2284 234 2311 sui
251 2288 281 2311 et
305 2283 436 2319 populus
460 2291 520 2310 non
546 2283 682 2311 mod-icus
706 2283 853 2311 nobilium
878 2294 913 2311 ac
938 2284 1115 2317 ignobilium
1135 2285 1332 2311 redemtorem
1351 2287 1454 2314 numdi

66 2329 268 2362 laudantium,
295 2328 347 2362 qui
365 2336 417 2356 eos
435 2327 474 2354 de
492 2327 625 2355 tenebris
642 2328 673 2355 in
692 2328 870 2356 admirabile
888 2329 989 2356 lumen
1007 2338 1093 2356 suum
1110 2338 1220 2356 vocare
1239 2329 1377 2361 (lignatus
1398 2336 1453 2363 est,

67 2377 189 2403 beatum
207 2372 410 2401 consessorem
428 2371 551 2405 Christi,
576 2382 631 2407 per
654 2375 736 2408 cujus
762 2374 857 2400 verba
881 2373 1021 2401 irradiata
1041 2378 1109 2401 sunt
1129 2374 1220 2401 corda
1244 2376 1405 2402 tenebrosa
1424 2381 1454 2404 et

66 2419 234 2449 infidelium
252 2417 365 2444 arentia
381 2421 505 2451 pectora
521 2416 637 2445 sontem
655 2417 736 2445 vitae
755 2417 908 2450 sitiebant,
943 2419 1103 2454 Baptizato
1129 2419 1230 2453 itaque
1256 2414 1331 2447 duce
1349 2425 1378 2447 et
1397 2429 1451 2455 po-

66 2465 156 2500 pulo,
182 2462 234 2497 qui
259 2462 363 2489 divina
386 2462 555 2489 illustrante
578 2463 672 2495 gratia
705 2468 923 2491 sacramentnm
956 2463 1093 2491 salutaris
1122 2463 1235 2490 lavacri
1269 2470 1451 2501 susceperat,

66 2510 241 2537 obsecratus
259 2516 278 2534 a.
295 2506 460 2541 Theodone
478 2511 598 2534 sanctus
616 2509 766 2541 Rupertus
783 2508 856 2535 navi
881 2517 1004 2535 ascensa
1031 2517 1085 2542 per
1110 2508 1230 2534 alveum
1248 2509 1378 2535 Danubii
1397 2509 1449 2536 do—

65 2552 239 2584 scendendo
265 2550 342 2578 vicis
368 2555 398 2577 et
421 2550 554 2577 castellis
579 2551 675 2578 libera
700 2561 776 2579 voce
801 2552 992 2585 evangelium
1018 2551 1125 2579 Christi
1144 2552 1330 2586 praedicavit
1349 2558 1378 2580 et
1396 2563 1451 2589 per

66 2598 207 2626 terminos
231 2597 404 2624 Noricorum
429 2605 522 2629 usque
548 2595 588 2622 ad
611 2594 783 2623 inferiorem
808 2597 990 2624 Pannoniam
1015 2597 1081 2631 ipse
1105 2597 1184 2623 clara
1215 2596 1334 2624 lucerna
1359 2607 1449 2633 super

65 2642 278 2670 candelabriun
302 2641 402 2676 posita
428 2639 530 2668 lumen
554 2638 626 2666 fidei
651 2639 849 2668 ministrando
875 2641 1014 2676 pervenit
1039 2640 1169 2674 indeque
1194 2650 1249 2676 per
1274 2646 1382 2670 terram
1401 2653 1446 2670 re·

66 2695 171 2715 versus
195 2684 438 2714 Lauriacensium
463 2685 567 2712 urbem
590 2684 728 2718 intravit,
754 2684 784 2712 in
808 2694 865 2719 qua
891 2685 1001 2714 inultos
1021 2695 1096 2720 aqua
1115 2686 1305 2722 baptismatis
1323 2696 1444 2721 regene—
