1742 3005
113 113 211 161 Cap.
234 110 423 148 CCXXV.
462 111 520 147 De
547 118 678 147 sancto
696 112 840 162 loseph
860 125 1002 162 sponso
1025 113 1176 163 virginis
1197 115 1355 155 Mariae.
1415 116 1498 154 939

108 214 319 248 generationis.
356 218 424 242 Erat
448 216 527 244 enim
551 220 627 243 teste
654 215 811 248 evangelio
838 215 875 242 de
899 215 989 244 domo
1018 223 1045 245 et
1072 218 1185 245 t'mnitia
1207 218 1322 252 David,
1341 221 1446 250 Matth.
1466 225 1494 248 1:

106 259 236 294 Joseph,
254 259 300 286 fili
317 259 432 292 David,
454 260 517 287 noli
538 260 640 288 timere
659 261 794 295 accipere
813 260 938 288 Mariam
957 263 1128 295 conjugem,
1155 273 1192 290 ex
1210 274 1268 297 qua
1287 264 1377 291 domo
1396 266 1495 293 David

107 304 240 331 Christus
259 307 345 331 Jesus
365 304 563 332 descensurus
582 310 654 333 erat.
691 305 720 333 Si
739 309 839 332 autem
858 306 924 339 quis
943 306 1067 333 modum
1085 308 1276 340 genealogiae
1296 308 1372 335 scire
1389 308 1493 342 vellet,

106 348 271 376 secundnm
296 349 463 376 ,Iohannem
488 353 706 376 Dmnascenum
731 349 895 376 notandum
920 349 1014 383 soret,
1043 352 1125 384 quod
1152 362 1207 386 per
1225 357 1360 380 catenam
1378 354 1493 381 Nathan

105 394 271 429 prophetae
302 393 359 420 filii
382 393 482 421 David
516 394 674 421 descendit
696 394 822 426 Melchi,
850 403 867 420 a
893 403 952 427 quo
971 396 1081 422 Melchi
1100 401 1205 429 quarto
1225 397 1317 429 gradu
1336 397 1494 426 descendit

104 443 135 465 et
153 438 246 465 distat
263 438 294 464 in
312 442 393 465 recta
411 437 489 465 linea
508 438 574 473 ipse
593 439 722 473 Joseph,
742 443 775 465 ut
792 443 876 473 patet
894 442 964 467 Luc.
984 442 1040 471 111,
1061 444 1089 466 et
1108 441 1217 468 Melchi
1236 446 1282 469 est
1300 442 1360 476 ipsi
1378 444 1493 478 ,Ioseph

104 492 178 510 avus
198 484 266 515 avi,
284 483 395 510 Melchi
412 492 485 510 vero
503 483 609 510 habuit
628 482 749 510 tratrem
768 483 888 509 nomine
908 484 1066 518 Panthera,
1087 485 1136 518 qui
1156 486 1257 518 genuit
1276 488 1490 520 Barpnuthera,

103 532 133 555 et
155 527 204 554 hic
230 527 332 560 genuit
356 527 506 559 Joachim,
538 527 589 560 qui
615 527 717 559 genuit
743 527 904 559 gloriosam
929 527 1075 560 virginem
1099 530 1232 556 Mariam.
1276 533 1329 556 Per
1355 536 1490 559 catenam

102 577 203 599 autem
227 571 323 606 ipsius
348 572 517 599 Salomonis
543 572 599 598 filii
624 571 723 598 David
748 572 891 598 naturalis
911 572 1067 600 descendit
1091 574 1230 605 Mathan,
1258 575 1309 607 qui
1333 575 1389 602 suit
1415 587 1490 604 avus

102 617 197 645 sancti
216 617 337 652 Joseph.
373 619 441 651 Ipse
461 621 560 642 nutem
579 616 701 642 Mathau
720 615 826 642 habuit
845 625 982 649 uxorem,
1010 627 1047 644 ex
1066 628 1123 651 qua
1143 619 1243 650 genuit
1261 619 1353 646 Jacob
1373 623 1489 654 patrem

100 663 225 697 Joseph.
259 665 302 688 Ex
320 660 367 688 his
387 660 525 687 omnibus
544 665 646 695 aperte
664 665 848 688 monstratur
871 661 1015 688 nobilitas
1039 666 1099 689 tam
1126 663 1233 690 beatae
1256 663 1381 696 virginis
1401 673 1489 698 quam

100 708 164 741 ejus
182 706 286 741 sponsi
305 705 434 740 Joseph,
453 705 593 738 quoniam
612 704 734 732 suerunt
752 705 924 740 propinqui.
961 708 985 733 Ο
1004 706 1094 738 igitur
1112 717 1200 740 quam
1219 709 1425 736 nobilissimus
1443 714 1489 736 est

98 751 155 778 iste
174 759 319 785 sponsus,
338 750 390 784 qui
408 749 512 783 utique
531 754 576 777 est
594 750 782 784 propinquus
801 750 963 776 multorum
983 756 1170 785 sauctorum,
1197 757 1228 779 ut
1248 754 1392 781 Johannis
1413 754 1490 789 bap-

98 795 185 822 tistae
212 799 243 821 et
267 795 429 821 multorum
456 794 662 829 apostolorum
681 793 797 820 domiui
816 793 910 821 nostri
930 798 999 822 Jesu
1020 796 1135 824 Christi.
1173 798 1342 825 Secundum
1361 798 1487 833 privile-

97 839 178 871 gium
201 837 297 873 ipsius
322 839 426 874 sponsi
452 839 600 871 gloriosae
624 838 750 871 virginis
771 838 882 865 Mariae
909 843 954 866 est
981 841 1173 873 evangelicae
1207 843 1486 876 commendationis,

95 883 237 918 quoniam
255 883 287 909 in
305 888 408 910 sancto
428 883 584 915 evangelio
603 883 668 917 ipse
688 883 798 918 Joseph
819 885 1045 912 commendatur
1069 887 1165 918 justus
1191 885 1295 916 fuisse.
1331 888 1437 915 Matth.
1456 891 1484 914 1:

95 938 162 956 cum
182 933 261 955 esset
279 929 392 963 Joseph
409 930 518 962 justus,
538 928 661 954 nolebat
679 928 850 960 traducere,
878 928 964 961 quia,
992 934 1023 956 ut
1050 935 1197 957 testantur
1223 932 1362 959 doctores
1382 933 1485 959 catho-

94 973 161 1006 lici,
180 972 302 1000 veritati
321 972 547 1000 commendatur
565 982 580 999 a
598 971 731 1007 perfecta
750 972 950 999 virtuositate.
989 974 1149 1008 Praecipue
1177 976 1205 1001 iu
1232 976 1345 1002 talibus
1364 977 1484 1010 scriptis

95 1018 240 1054 accipitur
256 1018 380 1051 justitia,
398 1018 429 1044 in
447 1022 589 1050 quantum
608 1021 655 1044 est
672 1016 768 1043 virtus
787 1016 933 1048 generalis
952 1025 1056 1044 omnes
1070 1018 1200 1046 virtutes
1214 1020 1485 1054 comprehendens.

95 1067 127 1091 ln
150 1063 220 1098 ipso
243 1062 393 1096 siquidem
416 1062 520 1089 videre
545 1060 749 1096 potuissemus
775 1061 902 1088 virtutes
926 1061 1019 1088 ferme
1045 1063 1177 1089 omnium
1198 1064 1433 1098 patriarcharum
1453 1069 1484 1092 et

94 1108 323 1144 prophetarum,
344 1111 373 1134 et
392 1111 470 1134 certe
488 1105 568 1132 haud
588 1105 730 1138 dubium,
750 1106 819 1139 quia
838 1106 869 1133 in
887 1107 954 1141 ipso
975 1112 1037 1134 erat
1056 1107 1230 1134 obedientia
1250 1114 1382 1143 promta,
1407 1119 1483 1142 quae

94 1152 150 1180 suit
170 1152 201 1179 in
220 1152 401 1183 Abraluuuo,
420 1150 605 1177 immolando
624 1150 718 1176 filium
739 1159 824 1177 suum
844 1151 1091 1184 dilectissimum,
1117 1152 1263 1186 patientia
1290 1153 1402 1187 Joseph
1428 1163 1487 1188 pa-

93 1198 256 1229 triarchae,
274 1196 428 1224 humilitas
447 1196 562 1228 David,
581 1195 705 1222 devotio
726 1196 940 1230 prophetarum
960 1201 988 1222 et
1010 1201 1178 1223 sanctorum
1200 1202 1318 1231 patrum
1338 1202 1364 1224 et
1386 1198 1484 1225 devo-

93 1247 189 1269 tarum
214 1241 389 1273 mulierum,
414 1250 451 1267 ex
477 1240 586 1273 quibus
613 1239 796 1266 reddebatur
815 1248 944 1274 sponsus
962 1241 1096 1274 virginis.
1133 1241 1269 1268 Tertium
1287 1242 1480 1277 privilegium

91 1287 244 1319 virgineae
269 1285 441 1317 electionis,
467 1285 594 1317 refulget
619 1293 728 1319 nempe
756 1283 849 1316 gloria
875 1289 903 1311 et
931 1286 1051 1313 aureola
1076 1286 1268 1319 virginitatis.
1310 1286 1376 1314 Fuit
1402 1287 1481 1315 enim

92 1333 205 1360 electus
223 1331 309 1364 virgo
328 1331 534 1364 incorruptus,
561 1338 650 1362 qutun
673 1328 878 1360 virginitatem
899 1336 1027 1358 voverat
1047 1336 1149 1358 mutuo
1170 1341 1318 1358 consensu
1336 1342 1395 1358 una
1415 1342 1481 1359 cum

90 1377 207 1409 virgine
225 1375 394 1403 benedicta.
430 1374 516 1402 Unde
534 1374 731 1407 Hierouyums
750 1378 870 1401 sanctus
890 1380 993 1402 contra
1011 1376 1184 1403 Helvidium
1205 1376 1259 1403 ait:
1286 1381 1367 1409 grata
1387 1377 1482 1408 gratia

94 1427 124 1450 et
142 1421 249 1448 florida
268 1420 325 1447 fuit
342 1420 468 1452 virginis
486 1419 590 1446 matris
609 1423 637 1446 et
656 1419 769 1453 Joseph
789 1419 933 1452 societas,
960 1424 989 1446 et
1015 1420 1089 1447 sicut
1116 1426 1264 1448 amatores
1291 1421 1430 1456 puritatis
1448 1421 1480 1448 in

90 1464 281 1494 matrimonio
306 1464 487 1498 virginitatis
513 1463 634 1491 fuerunt
653 1473 669 1490 a
688 1464 795 1498 spiritu
815 1469 918 1491 saneto
939 1465 1037 1493 electi.
1073 1468 1107 1492 Et
1132 1466 1315 1498 Augustinus
1342 1465 1373 1492 in
1400 1465 1479 1493 libro

91 1512 129 1539 de
148 1510 297 1545 conjugali
316 1511 408 1537 bono:
439 1509 552 1543 Joseph
577 1508 635 1536 nisi
660 1508 745 1541 virgo
771 1507 895 1541 suisset,
921 1509 1006 1541 virgo
1033 1515 1128 1537 mater
1152 1511 1206 1538 Dei
1233 1520 1422 1544 nequaquam
1448 1509 1479 1537 in

91 1565 234 1593 sponsam
259 1554 318 1582 sibi
343 1565 360 1581 a
385 1558 448 1581 Deo
473 1554 543 1580 data
568 1553 693 1586 suisset,
725 1553 799 1581 alias
832 1554 890 1581 hoc
913 1558 1049 1581 saucium
1073 1556 1242 1589 conjugium
1269 1555 1478 1582 claudicasset.

90 1605 235 1639 Quartum
253 1599 310 1627 suit
328 1599 519 1635 privilegium
538 1598 709 1626 dilectionis
728 1603 758 1625 et
776 1603 895 1626 sanctae
922 1599 1168 1628 conversationis.
1204 1600 1270 1627 Fuit
1297 1599 1376 1627 enirn
1402 1599 1480 1627 inter

91 1646 280 1674 benedictam
305 1644 453 1677 virginem
478 1643 603 1671 Mariam
630 1647 659 1670 et
680 1647 815 1670 sanctum
838 1644 952 1678 Joseph
977 1652 1060 1670 amor
1078 1645 1284 1672 sanctissimus
1304 1650 1333 1672 et
1353 1654 1479 1672 conver-

90 1692 166 1720 satio
186 1694 297 1718 sancta.
334 1689 487 1717 Generalis
507 1688 587 1716 enim
605 1688 708 1720 regula
726 1692 785 1721 est,
813 1688 895 1721 quod
913 1698 980 1715 cuin
998 1693 1102 1716 sancto
1121 1694 1241 1717 sanctus
1261 1690 1337 1723 eris,
1363 1694 1393 1716 et
1412 1699 1479 1717 cum

90 1745 218 1772 persona
231 1735 310 1762 mala
322 1739 352 1761 et
363 1743 506 1770 perversa
518 1733 708 1769 perverteris.
739 1732 847 1762 l’sahu.
868 1735 938 1760 Cum
951 1738 1050 1760 autem
1066 1739 1185 1761 sanctus
1199 1735 1312 1769 Joseph
1324 1734 1478 1762 sanctissi-

90 1792 169 1809 mam
195 1779 370 1808 societatem
393 1778 533 1806 habuerit
557 1777 683 1805 Mariam
707 1777 800 1804 filiam
826 1777 896 1810 Dei,
924 1779 1014 1805 flente
1039 1778 1117 1805 enim
1141 1779 1257 1811 virgine
1276 1778 1367 1805 ssebat
1387 1779 1478 1806 etiam

89 1830 209 1855 sanctus
228 1823 350 1859 Joseph,
375 1827 464 1850 eunte
489 1823 520 1850 in
538 1825 707 1857 Aegyptum
731 1822 821 1848 etiam
840 1822 921 1856 ibat,
957 1827 1025 1850 sunt
1045 1823 1135 1850 etiam
1154 1823 1212 1850 alia
1231 1823 1391 1858 privilegia
1411 1823 1479 1849 dul-

89 1870 228 1898 cissimae
245 1867 470 1900 consolationis,
489 1867 642 1899 angelicae
659 1866 909 1900 frequentationis
928 1872 957 1894 et
975 1867 1168 1901 visitationis,
1187 1869 1363 1903 potissimae
1382 1869 1478 1903 impe-

88 1914 224 1944 trationis
243 1917 273 1941 et
291 1911 522 1945 suffragationis.
559 1912 702 1948 Quisquis
722 1920 791 1944 ergo
811 1912 838 1939 ei
857 1911 968 1939 devote
985 1913 1087 1945 servit,
1107 1913 1242 1947 quisquis
1261 1915 1324 1947 ejus
1339 1911 1478 1945 suffragia

88 1959 240 1995 exposcit,
272 1959 386 1992 absque
418 1957 512 1984 <lubio
536 1956 713 1983 exaudietur
739 1957 770 1983 iu
798 1957 860 1984 suis
886 1957 1026 1992 precibus
1053 1958 1135 1993 apud
1161 1958 1317 1986 dominum
1343 1961 1478 1984 nostrum

87 2008 190 2033 Jesluu
208 2003 366 2032 Christum.
400 2004 465 2029 Non
483 2001 564 2028 enim
582 2005 628 2028 est
646 2000 692 2028 fas
712 2010 836 2033 negare,
865 2002 948 2035 quod
973 2002 1048 2037 petit
1074 2008 1198 2038 propter
1218 2003 1362 2030 honorem
1382 2011 1477 2035 suum,

87 2047 229 2082 quoniam
252 2046 310 2074 fuit
336 2051 423 2081 pater
449 2045 616 2081 putativus.
652 2047 677 2072 Ο
702 2044 790 2077 igitur
811 2045 946 2073 virorum
970 2046 1146 2074 felicissime
1173 2052 1203 2074 et
1225 2052 1328 2074 sancte
1355 2048 1478 2081 loseph,

88 2099 242 2125 rogamus,
261 2098 312 2117 ora
331 2098 386 2124 pro
404 2089 493 2117 nobis
511 2099 570 2116 una
589 2098 655 2116 cuin
674 2093 724 2116 tua
743 2086 854 2123 s‘ponsa
871 2089 987 2121 virque
1006 2090 1182 2122 benedicta,
1208 2096 1240 2117 ut
1259 2099 1314 2118 nos
1333 2090 1478 2126 perducat

88 2138 127 2165 :id
146 2134 290 2165 coelestia
307 2142 406 2168 regna.
443 2135 549 2162 Amen.
