1742 3005
266 89 345 127 8:22
404 90 500 138 Cap.
526 84 714 123 CLXXX.
773 84 833 120 De
865 82 1004 118 sanctis
1034 81 1215 118 Barlaam
1244 87 1282 118 et
1313 81 1509 131 Josaphat.

268 192 474 226 turbabatur
509 193 544 223 et
574 189 647 223 Deo
682 199 720 222 se
753 191 861 222 totum
888 187 1172 222 recommendans
1198 187 1349 220 divinam
1375 186 1648 220 consolationem

269 257 401 299 recepit
427 258 460 289 et
485 255 595 288 omnis
621 255 769 288 tentatio
802 253 988 287 abscessit.
1037 251 1168 286 Deinde
1204 250 1374 296 quandam
1401 251 1549 295 puellam
1576 251 1651 295 pul-

271 320 474 353 cherrimam
492 318 671 363 cujusdam
690 319 784 363 regis
804 318 919 359 liliam,
942 317 1004 352 sed
1025 322 1123 362 patre
1141 316 1299 350 orbatam
1319 315 1363 350 ad
1376 317 1563 349 cummisit.
1592 317 1653 350 Cui

271 396 344 419 cum
364 386 416 418 vir
435 384 498 419 Dei
518 383 754 428 praedicaret,
781 383 842 417 illa
864 382 1067 428 respondit:
1098 385 1127 417 si
1149 393 1200 416 me
1221 382 1264 416 ab
1283 381 1462 427 ydolorum
1483 390 1565 429 eura
1584 381 1654 414 sal-

272 461 354 485 vare
379 449 574 490 desideras,
601 450 815 494 conjungere
841 448 921 482 mihi
948 450 1142 493 nuptiarum
1163 447 1301 492 copula,
1329 456 1405 480 nam
1427 450 1461 481 et
1478 445 1656 479 christiani

271 518 439 561 conjugia
473 526 540 549 non
574 513 782 555 abhorrent,
818 514 879 548 sed
906 514 1066 555 laudant,
1104 515 1186 559 quia
1218 512 1444 558 patriarchae
1474 522 1591 546 eorum
1627 515 1661 545 et

274 582 467 626 prophetae
512 585 547 615 et
590 580 712 615 Petrus
758 590 875 614 eorum
919 579 1104 623 apostolus
1140 580 1311 624 conjuges
1348 577 1557 612 habuerunt.
1605 575 1660 610 Ad

275 656 376 691 quam
402 647 479 680 ille:
506 647 674 687 inaniter,
703 645 842 686 mulier,
871 647 940 678 ista
966 645 1050 679 mihi
1074 646 1320 690 prosequeris3
1349 644 1560 688 permittitur
1585 643 1661 686 qui—

275 713 350 747 dem
376 711 579 745 christianis
605 720 732 744 uxores
759 710 896 750 ducere,
923 710 984 743 sed
1010 720 1077 743 non
1098 710 1166 751 his,
1194 711 1251 754 qui
1272 710 1505 754 promiserunt
1521 708 1662 743 Christo

276 778 515 823 virginitatem
536 785 690 810 servare.
740 774 783 809 Et
802 774 884 808 illa:
910 776 956 809 sit
977 777 1037 816 ita,
1063 780 1100 809 ut
1122 776 1194 817 vis;
1222 774 1306 815 sed,
1332 776 1359 808 si
1381 776 1528 808 animam
1553 782 1662 808 meam

276 844 417 877 salvare
449 841 655 882 desideras,
690 851 789 875 unam
824 841 996 874 minimam
1033 841 1236 885 petitionem
1271 838 1354 872 mihi
1387 839 1534 883 pertice,
1579 849 1663 872 con-

278 908 398 943 cumbe
432 917 563 942 mecum
598 911 730 940 tantum
768 906 834 940 hac
866 910 968 941 nocte
1003 910 1036 941 et
1067 906 1233 951 promitto
1270 905 1355 946 tibi,
1401 904 1494 950 quod
1534 914 1666 938 summo

279 973 431 1008 diluculo
450 972 586 1006 ell'iciar
611 971 814 1005 christiana.
852 970 936 1005 Nam
964 973 1006 1013 si,
1033 976 1069 1005 ut
1095 971 1226 1012 dicitis,
1255 970 1421 1017 gaudium
1448 975 1501 1005 est
1529 971 1667 1016 angelis

280 1041 314 1072 in
332 1039 431 1073 coelo
449 1048 555 1082 super
572 1048 639 1071 uno
659 1041 843 1081 peccatore
860 1038 1107 1081 poenitentiam
1130 1040 1271 1082 agente,
1298 1038 1365 1081 ipsi
1387 1038 1501 1071 autori
1519 1047 1666 1071 conver-

280 1106 391 1137 sionis
417 1113 531 1136 nonne
558 1111 686 1147 magna
712 1112 844 1136 merces
877 1102 1053 1137 debetur?
1085 1103 1192 1137 semel
1217 1107 1348 1137 tantum
1376 1102 1458 1136 milii
1484 1103 1669 1147 acquiesce

281 1174 316 1203 et
339 1170 391 1202 sic
416 1179 468 1202 me
494 1169 604 1212 ipsam
631 1167 799 1201 salvabis.
847 1166 912 1201 llla
949 1169 1057 1213 igitur
1086 1169 1205 1201 turrim
1241 1169 1378 1202 animae
1411 1168 1504 1201 illius
1531 1168 1671 1202 sortiter

280 1238 468 1269 concutere
504 1234 631 1276 coepit.
689 1232 789 1272 Quod
829 1233 976 1268 daemon
1011 1233 1131 1267 videns
1167 1235 1274 1268 sociis
1309 1235 1382 1267 suis
1417 1235 1485 1267 ait:
1528 1233 1667 1273 videtis,

283 1299 457 1345 quomodo
488 1299 606 1343 puella
633 1301 702 1333 ista
726 1300 925 1341 concussit,
960 1309 1050 1344 quae
1081 1310 1145 1333 nos
1172 1310 1240 1333 non
1267 1300 1439 1343 potuimus
1464 1303 1671 1339 concutere;

282 1367 399 1400 venite
424 1376 510 1410 ergo
537 1369 570 1398 et
595 1367 629 1399 in
656 1375 730 1399 eum
759 1365 898 1399 sortiter
924 1366 1117 1407 irruamuS‚
1152 1376 1193 1400 ex
1229 1375 1297 1409 quo
1321 1374 1511 1410 congruum
1536 1368 1672 1408 tempus

285 1433 490 1468 invenimus.
538 1433 693 1465 Cernens
721 1433 828 1476 igitur
853 1436 996 1465 sanctus
1021 1432 1183 1475 jtivenis,
1221 1442 1260 1465 se
1293 1435 1361 1465 tam
1398 1431 1537 1465 sortiter
1561 1432 1671 1475 capti-

286 1501 421 1538 vatum,
466 1499 548 1541 quia
591 1501 625 1531 et
662 1498 946 1540 concupiscentia
978 1498 1148 1531 incitabat
1180 1503 1215 1532 et
1254 1497 1350 1532 salus
1387 1499 1488 1531 unius
1524 1497 1673 1541 puellae,

286 1562 439 1606 dyabolo
474 1567 710 1607 suggerente,
746 1564 858 1606 ipsum
884 1564 1141 1605 commovebat,
1175 1563 1335 1609 lacrymis
1365 1564 1499 1597 infusus
1524 1564 1675 1596 orationi

287 1639 325 1662 se
360 1628 467 1662 dedit.
515 1627 550 1661 ln
582 1638 651 1672 qua
686 1629 845 1662 oratione
881 1628 1106 1664 obdormiens
1141 1630 1228 1664 vidit
1258 1640 1297 1664 se
1332 1630 1411 1664 duci
1441 1631 1475 1663 in
1503 1628 1675 1674 quoddam

288 1698 421 1738 pratum
447 1694 585 1728 decoris
611 1692 756 1727 floribus
783 1698 1000 1736 exornatum,
1027 1695 1085 1728 ubi
1112 1696 1199 1729 solia
1221 1695 1382 1729 arborum
1403 1695 1535 1729 dulcem
1556 1705 1675 1729 sonum

290 1759 482 1794 reddebant
499 1770 586 1793 aura
604 1759 751 1803 quadam
768 1763 871 1803 grata
890 1761 1037 1805 agitata,
1057 1765 1090 1794 et
1106 1761 1245 1795 odorem
1265 1762 1443 1795 mii-ilicum
1458 1760 1676 1800 emanabant,

290 1824 347 1857 ubi
384 1825 515 1858 t'ructus
549 1827 625 1859 visu
659 1826 912 1868 speciosissimi
945 1830 979 1859 et
1011 1831 1116 1871 gustu
1152 1827 1431 1867 desiderabiles,
1476 1826 1536 1859 ubi
1573 1825 1677 1859 sedes

290 1890 428 1933 positae
452 1895 551 1923 erant
576 1900 662 1923 auro
690 1895 723 1923 et
755 1891 900 1933 gemmis
932 1890 1145 1934 fabricatae,
1185 1892 1264 1926 lecti
1298 1891 1405 1925 lucidi
1438 1901 1511 1924 cum
1545 1893 1676 1935 pretio-

289 1955 439 1988 sissimis
473 1957 706 1997 ornamentis,
743 1965 855 1999 aquae
890 1956 1155 2000 limpidissimae
1188 1956 1492 2001 praeterfluentes.
1546 1955 1679 1990 Dehinc

291 2023 324 2053 in
353 2021 528 2054 civitatem
565 2023 676 2065 ipsum
710 2020 999 2063 introduxerunt,
1048 2024 1147 2066 eujus
1196 2024 1281 2056 muri
1317 2033 1358 2056 ex
1391 2032 1476 2055 auro
1514 2021 1679 2064 ¹)obrizo

292 2089 409 2127 erant,
457 2086 549 2129 quod
591 2086 751 2120 claritate
784 2085 935 2120 mirabili
976 2087 1200 2133 refulgebat,
1241 2087 1301 2121 ubi
1340 2087 1499 2121 aetherei
1541 2085 1680 2131 quidam

293 2153 467 2185 exercitus
503 2155 684 2185 cantantes
716 2153 908 2194 canticum,
948 2153 1039 2197 quod
1073 2155 1168 2188 auris
1202 2154 1397 2187 mortalium
1433 2158 1501 2186 non
1534 2151 1680 2192 audivit,

292 2216 490 2260 dictumque
516 2221 569 2250 est
594 2219 644 2251 ei:
673 2219 739 2251 iste
772 2223 825 2252 est
851 2217 948 2252 locus
977 2219 1171 2254 beatorum.
1221 2220 1302 2253 Cum
1327 2222 1439 2252 autem
1466 2218 1530 2251 viri
1556 2216 1683 2251 vellent

292 2292 367 2315 eum
406 2281 590 2323 reducere,
630 2283 801 2327 rogabat,
845 2288 881 2317 ut
920 2295 995 2319 eum
1039 2286 1087 2318 ibi
1131 2294 1271 2319 manere
1308 2285 1560 2328 permitterent.
1618 2282 1682 2321 Qui

294 2346 471 2381 dixerunt:
508 2359 581 2381 cum
616 2348 737 2383 labore
771 2349 876 2382 inulto
913 2349 1028 2383 adhuc
1063 2352 1181 2384 venies
1209 2350 1290 2391 huc,
1325 2351 1355 2383 si
1383 2353 1496 2384 tamen
1527 2348 1590 2382 tibi
1618 2349 1681 2382 vim

293 2412 424 2446 inferre
460 2415 606 2455 poteris.
663 2414 797 2448 lleinde
832 2415 875 2448 ad
910 2415 988 2449 loca
1020 2417 1199 2450 teterrima
1233 2418 1344 2461 ipsum
1384 2415 1557 2449 duxeruut
1593 2414 1681 2445 omni

296 2477 464 2512 t'oeditute
497 2478 600 2522 plena
635 2480 832 2525 dictumque
868 2484 937 2514 est:
981 2482 1046 2514 iste
1091 2485 1144 2515 est
1182 2482 1280 2515 locus
1324 2481 1544 2526 injustorum.
1600 2477 1680 2511 Cum

294 2548 406 2576 autem
439 2534 667 2589 evigilasset,
695 2545 916 2589 pulchritudo
942 2546 1036 2580 illius
1063 2547 1202 2591 purllae
1228 2551 1262 2583 et
1287 2551 1501 2582 caeterarum
1526 2546 1682 2578 stercore

367 2687 461 2717 l)l‘,'1l.
484 2691 523 2713 l'r.
547 2689 631 2715 lunii.
661 2701 674 2713 ,ι
690 2699 755 2715 nro
784 2694 818 2715 1-[
845 2690 992 2717 obriso.
