1742 3005
215 103 298 142 454
517 103 612 150 Cap.
643 101 743 138 CIX.
805 101 863 137 De
901 101 1039 137 sanctis
1067 101 1300 137 Maehabeis.

217 210 251 241 in
277 206 424 252 quodam
453 206 530 239 loco
558 207 610 238 sic
631 205 807 238 artissimo
830 203 1068 246 recluserunt,
1100 208 1137 238 ut
1167 209 1261 239 esset
1292 204 1352 238 ilio
1387 202 1605 249 longitudine

218 273 380 312 brevior,
419 270 603 304 latitudine
639 270 843 315 angustior,
876 270 925 302 ita
951 273 988 302 ut
1010 273 1172 303 curvatus
1197 280 1259 303 nee
1285 270 1391 314 pedes
1417 269 1606 305 extendere

218 348 281 371 nee
299 337 390 370 sein
418 336 510 369 latus
536 335 681 370 alterum
708 338 845 369 vertere
874 338 1007 379 posset,
1034 335 1220 379 capiteque
1247 334 1417 378 depresso
1443 335 1605 369 humeros

217 407 348 435 tautum
376 406 409 436 et
426 402 562 435 cubitos
580 411 721 435 movere
743 400 894 434 valebat.
943 399 1188 435 Verumtamen
1212 399 1416 434 Constantio
1442 400 1606 435 defuncto

215 466 376 501 Julianus
402 467 512 502 eidem
539 466 730 501 snt-cedens
757 470 791 500 et
816 465 974 499 omnibus
1000 465 1140 510 plaeere
1166 465 1285 499 volens
1306 465 1409 510 jubet
1428 466 1607 500 exsulatos

218 535 406 578 episcopos
431 533 589 567 revocari
615 536 649 566 et
674 531 822 566 Deorum
848 531 977 576 templa
1002 532 1132 575 aperiri
1157 535 1192 566 et
1217 541 1303 575 paee
1329 531 1409 572 frui,
1435 530 1607 575 sublege,

219 608 287 642 qua
327 600 475 643 quisque
515 597 629 632 vellet.
678 596 720 630 Et
758 599 809 631 sie
843 596 1015 632 Eusebius
1049 596 1129 631 inde
1161 598 1282 631 exiens
1309 596 1352 630 ad
1378 596 1607 630 Athanasium

220 665 313 696 venit
353 668 386 697 et
419 667 549 708 quanta
583 673 709 707 passus
742 664 875 704 fuerat,
918 662 1029 698 eidem
1062 664 1238 707 exposuit.
1286 662 1458 696 Defuncto
1493 666 1607 696 autem

216 728 358 762 ,Iuliano
394 733 427 762 et
459 728 646 762 Joviniano
683 733 852 774 regnante
884 729 1010 772 sopitis
1043 728 1183 762 Arianis
1219 727 1393 762 Eusebius
1427 727 1608 762 Vercellas

217 793 322 827 rediit
347 797 380 827 et
405 804 479 827 eum
507 793 656 838 populus
684 804 757 827 eum
783 803 910 838 magna
935 792 1170 828 exsultatione
1185 794 1350 836 suscepit.
1399 792 1468 826 Sed
1486 795 1608 827 iterum

217 858 364 893 Valente
399 864 568 904 regnante
593 859 715 893 Ariani
742 859 955 904 repullulant
980 862 1013 892 et
1037 856 1181 891 Eusebii
1216 856 1350 891 domum
1378 857 1549 892 vallantes
1575 863 1609 892 et

217 929 316 958 extra
343 924 476 957 domum
505 925 662 967 supinum
690 926 802 968 ipsum
833 924 1012 958 trahentes
1050 922 1226 967 lapidibus
1253 934 1328 958 eum
1361 923 1551 957 obruerunt
1576 927 1610 958 et

217 990 267 1023 sie
292 990 334 1023 ad
362 989 534 1023 dominum
563 990 712 1023 feliciter
736 991 891 1035 migrans
919 991 951 1022 in
978 990 1148 1030 ecclesia,
1176 999 1275 1033 quam
1303 990 1378 1033 ipse
1403 993 1608 1023 construxe-

216 1059 288 1096 rat,
315 1055 472 1099 sepultus
498 1059 561 1088 est.
610 1054 734 1088 Fertur
759 1066 897 1100 quoque
929 1054 1018 1088 hane
1045 1056 1193 1099 gratiam
1229 1064 1314 1088 suae
1341 1055 1472 1088 civitati
1499 1053 1609 1088 Euse-

215 1120 295 1153 bius
320 1130 339 1153 a
365 1120 437 1153 Deo
464 1120 628 1164 precibus
663 1122 892 1164 impetrasse,
925 1125 961 1154 ut
994 1120 1109 1153 nullus
1143 1119 1295 1154 Arianus
1329 1119 1457 1153 ibidem
1492 1121 1609 1154 viVere

217 1190 348 1229 posset.
408 1185 504 1219 Vixit
544 1191 658 1219 autem
700 1184 889 1219 secundum
933 1185 1134 1219 chronicam
1173 1185 1217 1220 ad
1255 1187 1365 1219 minus
1398 1184 1611 1220 LXXXVIII

216 1253 328 1286 annis.
378 1251 512 1286 FloruIt
535 1253 630 1286 circa
653 1261 764 1285 annos
792 1250 921 1284 domini
949 1250 1075 1285 CCCL.

671 1494 807 1556 ΠΛΡ.
852 1494 960 1556 elx.
996 1493 1146 1557 (104.)

448 1596 558 1640 De
598 1594 895 1640 sanctis
931 1595 1383 1641 Machabeis.

305 1702 491 1738 Machabei
518 1704 657 1739 suerunt
682 1709 815 1748 septem
843 1704 970 1739 fratres
998 1715 1072 1738 cum
1098 1709 1207 1739 matre
1233 1703 1428 1739 reverenda
1453 1708 1486 1737 et
1506 1703 1609 1737 Elea-

219 1778 300 1800 zaro
327 1768 534 1810 sacerdote,
568 1771 627 1813 qui
661 1780 723 1813 pro
757 1770 1005 1804 observatione
1041 1769 1133 1815 Iegis
1169 1780 1243 1803 eum
1268 1780 1406 1803 carnem
1434 1770 1609 1812 porcinam

217 1832 350 1866 nollent
377 1833 573 1875 comedere,
602 1834 759 1868 inaudita
786 1834 1037 1878 suppliciorum
1065 1845 1197 1879 genera
1232 1834 1461 1878 pertulerunt,
1488 1844 1612 1867 seeun-

216 1897 294 1931 dum
329 1898 421 1942 quod
456 1900 489 1932 in
524 1898 564 1933 ll.
591 1899 754 1933 Machab.
784 1900 919 1944 plenius
947 1902 1152 1934 continetur.
1202 1899 1243 1933 Et
1269 1899 1478 1940 notandum,
1518 1898 1610 1942 quod

217 1963 371 1997 eeclesia
395 1965 578 1999 orientalis
606 1966 689 1999 sarit
715 1965 805 2000 festa
831 1966 1031 2007 desanctis
1057 1967 1238 2010 utriusque
1263 1965 1483 2005 testamenti,
1519 1964 1611 1997 occi-

217 2029 368 2062 dentalis
402 2034 515 2064 autem
550 2041 617 2064 non
654 2030 739 2064 facit
774 2031 866 2064 festa.
914 2031 955 2065 de
996 2032 1126 2065 sanetis
1162 2032 1290 2065 veteris
1325 2030 1524 2065 testamenti
1558 2039 1612 2070 ee,

221 2096 313 2140 quod
341 2096 385 2130 ad
413 2097 547 2130 inferos
575 2096 842 2138 descenderunt,
872 2102 1115 2141 praeterquam
1145 2096 1188 2131 de
1216 2095 1471 2138 innoeentilms,
1499 2106 1538 2129 ex
1572 2106 1614 2129 eo

221 2161 312 2206 quod
333 2163 365 2195 in
388 2163 475 2205 ipsis
503 2162 653 2208 singulis
683 2164 823 2196 occisus
849 2167 903 2196 est
929 2162 1103 2203 Christus,
1131 2166 1165 2197 et
1191 2161 1234 2195 de
1260 2161 1479 2196 Maeliabeis.
1528 2160 1616 2194 Sunt

220 2232 334 2260 autem
368 2232 518 2272 quatuor
555 2229 729 2269 rationes,
765 2238 872 2273 quare
908 2229 1059 2263 ecclesia
1095 2227 1137 2262 de
1171 2228 1249 2261 istis
1280 2226 1499 2267 Machabeis‚
1532 2225 1616 2259 lieet

219 2292 265 2326 ad
292 2292 424 2326 inseres
451 2292 720 2334 descenderint,
753 2293 982 2327 sollemnizat.
1032 2293 1147 2328 Prima
1173 2298 1226 2327 est
1252 2297 1396 2337 propter
1422 2300 1614 2336 praeroga-

218 2359 323 2391 tivam
358 2359 516 2391 martirii.
569 2359 658 2398 Quia
690 2361 778 2393 enim
813 2359 971 2393 inaudita
1006 2360 1180 2403 supplicia
1206 2361 1295 2393 inter
1320 2362 1460 2392 sanctos
1487 2357 1614 2392 veteris

220 2424 418 2457 testamenti
446 2426 542 2468 passi
568 2428 666 2466 sunt,
703 2424 784 2458 ideo
811 2424 1028 2469 privilegiati
1055 2429 1152 2466 sunt,
1185 2429 1220 2458 ut
1253 2435 1370 2459 eorum
1396 2423 1516 2467 passio
1542 2431 1612 2455 me-

223 2490 288 2522 rito
325 2489 534 2523 celebretur.
584 2489 675 2524 Haec
710 2491 800 2524 ratio
835 2491 975 2534 ponitur
1010 2491 1042 2524 in
1078 2489 1235 2534 hystoria
1277 2488 1514 2529 scholastica,
1556 2497 1612 2520 se-

223 2554 337 2587 cunda
371 2560 425 2588 est
461 2560 605 2599 propter
640 2557 996 2600 repraesentationem
1039 2557 1204 2600 mysterii.
1263 2553 1491 2598 septenarius
1527 2554 1614 2585 enim

224 2629 383 2653 numerus
411 2625 464 2653 est
489 2631 650 2654 numerus
668 2622 918 2655 universitatis.
946 2621 1197 2666 significantur
1223 2630 1308 2663 ergo
1334 2619 1365 2651 iu
1393 2619 1470 2651 istis
1497 2628 1615 2652 omnes

224 2687 342 2727 patres
362 2687 490 2718 veteris
513 2688 708 2719 testamenti
738 2687 943 2721 celebritate
968 2686 1078 2732 digni,
1106 2696 1180 2721 nam
1200 2685 1279 2719 lieet
1298 2683 1340 2718 de
1359 2684 1445 2728 ipsis
1462 2694 1530 2717 non
1545 2683 1615 2717 sol-
