1742 3005
373 77 469 126 Cap.
503 76 564 112 iv.
627 75 682 111 De
715 74 855 112 Sancta
887 74 1002 126 Lucia
1036 76 1190 125 iirgine.
1418 78 1470 115 29

83 181 253 222 manibus,
282 182 507 225 narravitque
534 189 650 213 coram
675 179 848 221 omnibus,
877 179 970 225 quod
997 180 1134 226 qnando
1159 182 1192 215 ln
1221 189 1314 215 mare
1332 180 1467 218 cecidit.

81 250 197 282 statim
223 247 347 282 beatus
374 246 539 281 Nicolaus
566 246 664 279 affuit
691 251 725 280 et
753 256 828 280 eum
854 246 1012 280 illaesum
1038 248 1204 281 servavit.
1254 246 1380 291 Sieque
1406 256 1451 291 pa

81 320 134 347 ter
159 315 234 358 ejus
261 312 374 346 laetus
402 312 545 347 effeetus
572 315 753 356 utrumque
778 311 942 356 scyphum
969 311 1073 345 beato
1099 311 1244 346 Nicolao
1270 311 1409 347 obtulit,
1426 332 1465 337 -ψ-

80 399 124 405 ——
148 383 218 415 12.
246 377 391 417 Quidam
415 379 469 411 vir
495 377 593 411 dives
621 379 751 411 meritis
778 376 872 410 beati
897 377 1033 411 Nicolai
1058 378 1163 412 tilium
1190 377 1333 419 habuit,
1369 387 1468 423 quem

85 444 299 479 Adeodatum
332 445 482 477 voeavit.
554 442 614 476 llic
650 443 777 476 Sancto
815 442 877 476 Dei
912 442 1142 486 capellanum
1169 444 1270 477 domo
1297 453 1361 477 sua
1385 454 1466 477 eon-

81 514 217 545 struens
243 511 333 543 omni
359 519 448 542 anno
476 508 597 542 festum
627 509 702 552 ejus
729 507 933 541 solemniter
958 507 1160 542 celebravit.
1233 508 1319 543 Erat
1354 514 1467 544 autem

81 577 176 609 locus
201 575 259 608 ille
285 576 371 607 situs
393 574 496 618 juxta
522 576 649 606 terram
673 573 927 617 Agarenorum.
976 573 1181 608 Adeodatus
1210 585 1296 620 ergo
1318 574 1466 619 quadam
1496 604 1502 609 .

81 642 155 674 tice
187 639 231 673 ab
263 639 438 684 agarenis
472 639 609 682 eapitur
644 642 677 672 et
712 639 745 672 in
774 640 976 673 servitutem
1003 640 1098 684 regis
1125 650 1244 674 eorum
1268 639 1464 685 deputatur.

81 706 247 750 Sequenti
282 714 372 738 anno
408 703 485 737 dum
522 703 646 737 festum
680 705 789 737 sancti
823 704 959 738 Nicolai
993 709 1093 749 pater
1118 706 1193 749 ejus
1222 705 1347 739 devote
1375 706 1466 740 eelo—

82 771 200 804 brai‘et
233 773 266 804 et
301 779 386 813 puer
422 768 584 813 scyphum
620 770 810 813 pretiosum
838 773 957 804 tenens
983 772 1060 815 regi
1087 772 1293 813 assisteret,
1345 771 1468 806 recolit

80 846 175 870 suam
201 836 397 880 captionem
429 837 462 869 et
487 838 666 879 parentum
695 834 850 869 dolorem
876 839 910 869 et
936 835 1123 881 gaudium,
1175 837 1267 882 quod
1304 838 1339 871 in
1366 837 1466 871 domo

81 912 144 936 sua
173 911 215 936 ea
241 901 296 935 die
323 899 450 942 tiebat,
476 902 660 945 coepitque
688 901 791 934 altius
818 902 1009 946 suspirare.
1060 902 1211 941 Quorum
1237 904 1465 947 suspiriorum

78 977 218 1001 eausam
244 966 322 1000 dum
348 975 409 1000 rex
436 966 536 999 minis
562 967 782 1007 extorsisset,
809 968 857 1000 ait
882 977 961 1001 rex:
1004 966 1171 1012 quidquid
1197 972 1275 1002 tuus
1301 968 1466 1003 Nicotaus

80 1036 186 1079 agat,
236 1036 272 1065 tu
292 1029 347 1064 hie
376 1030 554 1065 nobiseum
582 1031 750 1066 manebis.
812 1030 855 1066 Et
880 1031 996 1066 subito
1022 1032 1113 1067 facto
1143 1037 1245 1068 vento
1272 1034 1465 1069 vehementi

78 1102 254 1143 totamque
279 1096 414 1131 domum
437 1098 653 1132 concutiente
680 1108 766 1141 puer
793 1108 867 1132 cum
895 1096 1027 1143 scypho
1057 1100 1192 1143 rapitur
1215 1104 1249 1134 et
1265 1104 1345 1134 ante
1370 1100 1465 1135 sores

80 1163 270 1205 ecelesiae,
319 1163 377 1197 uhi
402 1166 565 1208 parentes
592 1162 746 1208 agebant
773 1164 974 1205 sollemnia,
1026 1164 1219 1200 collocatur
1245 1169 1279 1200 et
1303 1176 1463 1212 magnum

77 1228 241 1274 gaudium
266 1228 424 1263 omnihus
449 1232 650 1275 generatur.
698 1228 793 1263 Alibi
818 1229 948 1275 legitur
969 1234 1102 1273 tamen,
1147 1231 1239 1276 quod
1265 1232 1465 1277 praedictus

72 1296 213 1339 juvenis
239 1294 303 1328 suit
328 1294 370 1329 de
395 1293 620 1335 Norinandia,
651 1295 708 1338 qui
734 1294 825 1328 ultra
850 1305 944 1330 mare
971 1306 1122 1341 pergens
1147 1306 1168 1330 a
1187 1297 1342 1331 Soldano
1366 1300 1465 1343 eapi-

77 1364 133 1394 tur
157 1363 191 1394 et
222 1361 254 1401 ¹)
281 1359 325 1394 ab
350 1361 426 1405 ipso
457 1369 564 1403 saepe
589 1358 813 1393 verberatur:
862 1362 919 1405 qui
947 1361 1024 1395 dum
1049 1363 1083 1395 in
1108 1361 1198 1396 festo
1224 1364 1335 1396 saneti
1360 1363 1462 1397 Nico-

79 1426 125 1459 lai
153 1424 398 1460 verberaretur
427 1425 462 1469 ’-“)
497 1429 531 1459 et
566 1426 599 1459 in
623 1434 764 1459 earcere
790 1425 944 1460 inclusus
968 1427 1065 1461 fleret
1092 1431 1125 1461 et
1152 1438 1216 1472 pro
1243 1439 1306 1463 sua
1333 1428 1461 1463 libera-

79 1491 171 1523 tione
198 1494 231 1524 et
252 1501 315 1535 pro
341 1490 490 1532 laetitia,
517 1500 617 1535 quam
642 1493 721 1524 tunc
749 1489 878 1525 habere
903 1498 1156 1527 consueverant
1183 1498 1345 1538 parentes
1372 1496 1461 1538 ejula.

79 1554 193 1589 subito
219 1554 430 1589 obdormivit
454 1559 486 1590 et
512 1555 684 1601 evigilans
713 1556 746 1589 in
772 1556 910 1600 capella
934 1559 1044 1602 patris
1070 1560 1123 1593 sui
1145 1568 1182 1594 se
1207 1560 1348 1594 invenit.

650 1799 775 1861 cAP.
822 1798 894 1860 lv.

321 1898 421 1942 De
451 1895 685 1945 Sancta
712 1898 912 1944 Lucia
941 1897 1219 1957 virgine.

164 2006 272 2041 Lucia
297 2007 422 2041 dieitur
446 2017 468 2042 a
491 2007 577 2043 luce.
635 2007 713 2043 Lux
738 2010 827 2043 enim
852 2008 958 2044 habet
981 2010 1270 2056 pulchitudinem
1298 2011 1331 2044 in
1357 2020 1458 2055 asper

74 2072 200 2113 ctione,
230 2074 324 2117 quia,
350 2076 387 2106 ut
415 2072 498 2106 dicit
510 2072 729 2116 Ambrosius,
758 2075 844 2109 lucis
870 2079 995 2110 natura
1020 2076 1108 2110 haec
1134 2080 1198 2111 cst.
1227 2078 1263 2108 ut
1290 2077 1399 2109 omnis
1426 2078 1460 2109 in

75 2140 220 2182 aspectu
255 2138 330 2182 eJ'us
363 2139 482 2183 gratia
514 2139 569 2173 sit.
643 2138 754 2174 Habet
778 2142 880 2174 etiam
910 2141 1127 2176 diffusionem
1153 2143 1227 2176 sine
1254 2143 1459 2186 coinquinw

75 2203 180 2244 tione,
209 2204 367 2247 quiaper
387 2213 614 2249 quaecunque
635 2205 809 2239 immunda
821 2205 947 2240 diffusa
963 2217 1029 2240 non
1042 2209 1305 2253 coinquinatur3
1332 2211 1458 2241 rectum

74 2267 243 2300 incessum
277 2269 351 2303 sine
385 2271 575 2312 curvitate,
631 2270 872 2316 longissimam
906 2271 1031 2306 lineam
1069 2275 1259 2317 pertransit
1286 2275 1360 2307 sine
1389 2283 1458 2305 mo-

76 2339 157 2363 rosa
181 2330 359 2367 dilatione.
405 2333 472 2368 Per
500 2334 564 2369 hoc
589 2336 797 2377 ostenditur,
827 2336 919 2382 quod
949 2336 1053 2371 beata
1078 2339 1178 2382 virgo
1203 2338 1315 2372 Lucia
1339 2337 1460 2370 habuit

74 2394 232 2430 docorem
265 2398 477 2442 virginitatis
515 2401 588 2434 sine
614 2400 734 2445 aliqua
758 2402 1002 2446 corruptione,
1054 2402 1272 2436 diffusionem
1299 2403 1458 2436 Caritatis

157 2541 184 2573 1)
203 2540 278 2567 Alii:
298 2545 387 2567 :inte
407 2551 497 2568 eum.
583 2544 612 2576 2)
631 2542 744 2569 Verba:
765 2546 800 2569 et
820 2543 857 2570 in
876 2552 1030 2571 carcere
1050 2544 1348 2571 -liberatione
1369 2546 1456 2572 omit-

73 2584 107 2610 tit
127 2584 179 2612 Ed.
200 2589 241 2612 Pr.
261 2588 339 2617 1472,
359 2585 443 2612 addit
462 2590 561 2612 tamon
581 2586 770 2617 negationem
789 2595 863 2613 non
883 2593 951 2613 ant«¹
972 2597 1089 2614 vocem:
1109 2598 1185 2623 pro.
1221 2590 1456 2617 Recenfissimw

72 2633 171 2654 :aulem
197 2628 307 2656 deinde
335 2634 415 2656 recte
441 2631 557 2661 legunt:
601 2636 894 2657 consueverant
929 2637 1112 2666 parentes
1138 2636 1236 2668 ejus,
1273 2634 1455 2670 antiquiora

73 2672 213 2700 omittunt
231 2673 310 2700 enini
329 2678 511 2709 parentes
532 2675 613 2707 ejus
633 2680 660 2702 et
680 2675 797 2707 legunt:
835 2682 1108 2705 consueverat.
