1742 3005
0 2516 109 2528 v

413 91 510 141 Cap·
541 89 675 128 XLVI.
732 91 791 129 De
821 98 950 129 sancto
981 91 1180 142 Gregorio.
1410 91 1485 130 191

106 197 209 231 rimas
232 203 362 231 vacuas
385 196 420 230 in
445 194 531 231 urbe
556 195 747 242 reliquerit.
787 195 856 230 Sed
885 196 966 241 quia
989 195 1140 231 ecelesia
1164 195 1228 231 Dei
1251 196 1326 231 sine
1352 198 1487 231 rectore

103 271 181 296 esse
208 271 274 295 non
301 264 462 305 poterat,
511 259 719 308 Gregorium
751 261 833 296 licet
865 263 948 295 totis
986 261 1118 295 viribus
1151 263 1354 298 renitentem
1388 264 1488 309 plebs

102 328 211 362 omnis
239 326 358 373 elegit.
415 326 497 361 Cum
527 337 613 373 ergo
645 325 804 362 benedici
837 325 981 361 deberet
1012 330 1046 361 et
1069 327 1144 361 lues
1171 328 1335 373 populum
1362 328 1488 365 devas-

101 396 214 435 taret,
263 402 453 427 sermonem
479 392 524 426 ad
551 392 712 437 populum
739 392 820 426 fecit
844 396 878 426 et
904 393 1162 436 processionem
1190 393 1321 429 faciens
1346 395 1488 430 litanias

103 459 252 492 instituit
275 462 321 499 et,
348 461 385 492 ut
409 468 526 492 omnes
551 456 658 491 Deum
684 458 850 491 attentius
870 461 1057 491 exorarent
1095 457 1282 492 admonuit.
1319 460 1399 494 Cum
1419 463 1488 506 igi-

103 528 158 557 tur
180 523 287 558 Deum
313 524 422 556 omnis
448 526 685 567 congregatus
713 521 864 566 populus
888 525 1065 563 exoraret,
1092 524 1126 556 in
1152 527 1282 558 tantum
1308 525 1384 560 lues
1410 528 1488 571 ipsa

102 587 286 629 desaeviit,
311 591 348 621 ut
371 588 405 620 in
430 596 499 620 una
521 585 610 620 hora
633 586 789 621 homines
815 586 876 620 XC
902 588 1061 631 spiritum
1084 587 1314 631 exhalarent,
1340 590 1401 625 sed
1428 602 1487 625 ne-

102 661 274 697 quaquam
299 654 453 686 cessavit
478 652 642 696 populum
669 651 876 694 admonere,
909 656 946 686 ut
973 652 1016 686 ab
1042 655 1201 689 oratione
1227 665 1399 701 nunquam
1426 655 1487 691 de-

101 719 285 759 sisterent,
315 716 424 751 douec
447 721 580 762 pestem
604 718 716 762 ipsam
743 716 861 751 divina
887 717 1111 762 propulsaret
1134 720 1326 758 miseratio.
1372 721 1488 757 Finita

102 784 325 827 processione
354 781 476 828 sugere
504 782 632 824 voluit,
672 782 734 816 sed
759 784 934 827 nequivit,
979 785 1061 828 quia
1088 783 1143 819 die
1168 789 1341 830 noctuque
1366 792 1487 831 portas

102 847 198 882 urhis
222 852 367 893 propter
391 858 466 882 eum
491 847 618 893 vigiles
646 847 894 883 observabant.
964 847 1120 883 Tandem
1153 855 1283 884 mutato
1321 852 1441 888 habitu
1466 865 1488 888 a

102 912 306 957 quibusdam
334 911 613 958 negotiatoribus
639 912 806 954 obtinuit,
851 917 885 946 ut
912 915 946 947 in
973 913 1121 958 quodam
1148 914 1242 949 dolio
1269 926 1376 962 super
1400 929 1487 964 qua-

101 977 236 1024 drigam
262 978 303 1012 de
329 977 414 1012 urbe
441 976 657 1012 educeretur.
707 977 771 1017 Qui
798 988 876 1012 mox
900 979 1031 1023 sylvam
1058 982 1224 1024 expetiit,
1259 991 1485 1019 cavernarum

100 1042 249 1077 latibula
280 1043 464 1087 requisivit
496 1040 615 1087 ibique
646 1042 757 1076 tribus
790 1043 912 1078 diebus
945 1043 1057 1079 latuit.
1129 1045 1373 1082 Verumtamen
1407 1050 1484 1084 dum

101 1107 249 1143 sollicite
275 1111 523 1154 quaereretur,
569 1107 728 1142 columna
748 1108 866 1143 lucida
891 1109 1093 1155 perfulgida
1117 1120 1137 1144 a
1161 1111 1259 1145 coelo
1286 1112 1485 1158 dependens

100 1183 206 1219 super
229 1173 362 1217 locum,
400 1174 435 1207 in
461 1183 529 1218 quo
553 1172 737 1226 latitabat,
778 1176 962 1219 apparuit,
1001 1176 1035 1209 in
1063 1185 1131 1220 qua
1155 1176 1314 1211 columna
1338 1180 1486 1225 angelos

100 1238 349 1275 descendentes
385 1243 419 1274 et
451 1238 680 1274 ascendentes
714 1239 853 1284 quidam
877 1239 1033 1274 reclusus
1060 1242 1219 1286 aspexit,
1267 1253 1416 1289 moxque
1441 1246 1484 1280 ab

99 1306 263 1340 universo
290 1306 418 1351 populo
441 1307 597 1350 capitur,
645 1303 796 1339 trahitur
829 1308 863 1340 et
887 1315 1037 1340 summus
1064 1307 1221 1351 pontifex
1247 1314 1481 1347 consecratur.

101 1369 202 1409 Quod
227 1381 312 1405 vero
338 1371 382 1405 ad
409 1370 473 1405 hoc
501 1370 644 1404 honoris
667 1370 800 1405 eulmen
827 1372 954 1406 invitus
982 1373 1192 1414 ascenderit,
1220 1376 1277 1419 qui
1295 1376 1402 1410 verba
1421 1388 1485 1412 sua

102 1434 210 1481 legit,
252 1440 412 1480 patenter
437 1435 599 1470 advertit.
644 1435 732 1470 Nam
756 1438 789 1470 in
815 1438 967 1481 epistola.
991 1438 1035 1471 ad
1059 1438 1206 1473 Nar-sum
1232 1443 1409 1484 patritium
1434 1445 1485 1478 sie

101 1502 170 1534 ait:
218 1500 295 1534 dum
320 1501 621 1546 contemplationis
647 1501 718 1534 alta
743 1501 959 1545 describitis,
1000 1505 1119 1538 ruinae
1145 1515 1243 1539 meae
1267 1506 1349 1541 mibi
1375 1512 1485 1555 gemi-

100 1570 172 1600 tum
195 1568 392 1608 renovatis,
418 1568 499 1613 quia
524 1566 664 1608 audivi,
701 1567 792 1612 quod
817 1569 908 1602 intus
933 1568 1089 1612 perdidi,
1117 1569 1195 1603 dum
1221 1570 1318 1606 foras
1343 1574 1386 1608 ad
1410 1576 1483 1610 cul-

102 1640 177 1665 men
202 1632 383 1677 regiminis
416 1633 604 1667 immeritus
635 1632 811 1667 adscendi.
860 1633 975 1668 Tanto
1000 1638 1115 1669 autem
1141 1646 1192 1670 me
1216 1647 1375 1673 moerore
1402 1651 1481 1684 per-

100 1706 237 1731 cussum
261 1699 480 1742 cognoscite,
525 1701 563 1731 ut
590 1699 647 1732 vix
672 1698 768 1743 loqui
791 1698 971 1733 sufficiam.
1027 1699 1144 1735 Nolite
1169 1712 1255 1748 ergo
1280 1714 1333 1738 me
1359 1716 1485 1741 vocare

100 1761 245 1804 Noemi,
283 1761 319 1796 id
344 1765 398 1796 est
420 1762 618 1807 pulchrum,
658 1763 721 1798 sed
747 1769 868 1799 vocate
897 1775 950 1799 me
976 1764 1098 1807 Mara,
1148 1769 1231 1812 quia
1255 1771 1484 1807 amaritudine

99 1826 223 1872 plenus
244 1837 331 1862 sum.
369 1826 453 1862 Item
477 1828 581 1863 alibi:
605 1829 698 1874 quod
723 1840 775 1864 me
801 1829 846 1864 ad
871 1832 1095 1876 episcopatus
1120 1832 1275 1868 ordinem
1301 1839 1484 1881 cognosci-

99 1896 156 1927 tur
178 1893 402 1938 pervenisse‚
439 1894 470 1927 si
494 1904 548 1929 me
573 1894 744 1941 diligitis,
780 1895 960 1941 plangite,
996 1898 1077 1941 quia
1113 1901 1147 1931 et
1174 1908 1241 1944 ego
1269 1901 1486 1937 incessanter

101 1957 212 1992 defleo
237 1961 342 2003 atque
365 1961 403 1993 ut
424 1957 531 1994 Deum
557 1971 621 2005 pro
647 1971 700 1995 me
725 1962 901 2003 exoretis,
952 1972 1053 2007 rogo.
1108 1961 1145 1996 In
1170 1965 1320 2010 prologo
1347 1977 1486 2012 quoque

101 2032 208 2068 super
230 2022 407 2068 dialogum
431 2025 481 2058 sio
506 2026 574 2058 ait:
609 2036 652 2060 ex
677 2027 860 2061 occasione
884 2036 989 2062 curae
1015 2029 1204 2077 pastoralis
1230 2032 1362 2064 animus
1389 2042 1484 2067 meus

100 2087 332 2123 saecularium
365 2088 538 2124 hominum
572 2092 717 2136 negotIa
746 2092 879 2136 patitur
913 2096 947 2126 et
977 2097 1058 2138 post
1086 2097 1158 2128 tam
1193 2094 1371 2138 pulchram
1399 2107 1484 2132 suae

101 2155 228 2199 quietis
255 2156 404 2199 speciem
428 2157 559 2190 terreni
589 2160 686 2190 actus
721 2157 864 2201 pulvere
898 2157 1070 2193 foedatur.
1138 2159 1319 2205 Perpendo
1352 2162 1484 2208 itaque,

103 2218 184 2263 quid
207 2219 341 2262 tolero,
389 2220 571 2265 perpendo
596 2221 678 2266 quid
704 2224 816 2257 amisi.
864 2223 949 2258 Dum
976 2225 1113 2259 intueor
1137 2225 1243 2267 illud,
1286 2226 1379 2271 quod
1403 2238 1484 2271 per-

103 2282 191 2325 didi,
214 2283 251 2317 iit
273 2283 340 2318 hoc
363 2287 528 2330 gravius,
556 2286 650 2331 quod
673 2292 796 2332 porto,
822 2299 901 2324 ecce
925 2291 1014 2324 enim
1039 2300 1127 2324 nunc
1152 2292 1265 2337 magis
1290 2293 1395 2324 maris
1420 2292 1483 2325 tlu-

100 2347 213 2383 ctihus
246 2350 385 2393 quatior
414 2354 520 2395 atque
547 2353 579 2393 ¹)
613 2353 648 2385 in
673 2355 755 2386 navi
786 2356 909 2388 mentis
934 2357 1153 2399 tempestatis
1178 2355 1294 2389 valide
1319 2355 1482 2399 procellis

101 2412 219 2447 illidor
242 2418 276 2448 et
299 2423 372 2447 cum
398 2416 525 2458 prioris
551 2417 644 2451 vitae
669 2418 808 2459 recolo,
847 2420 949 2463 quasi
972 2423 1054 2463 post
1076 2423 1211 2464 tergum
1236 2419 1348 2452 ductis
1373 2420 1483 2454 oculis

100 2480 176 2513 viso
201 2478 319 2514 littore
349 2480 501 2523 suspiro.
557 2480 628 2515 Sed
653 2484 735 2526 quia
757 2482 898 2517 Romam
923 2482 1036 2516 adhuc
1059 2483 1242 2527 praedicta
1265 2485 1374 2528 pestis
1403 2494 1484 2519 vas-

98 2542 218 2586 tabat,
250 2554 347 2578 more
373 2544 478 2578 solito
504 2547 762 2589 processionem
787 2556 862 2580 cum
887 2547 1019 2581 litaniis
1041 2558 1106 2592 per
1127 2549 1280 2583 civitatis
1305 2551 1482 2584 circuitum

166 2686 194 2718 1)
211 2688 334 2714 necent,
351 2687 430 2714 male
454 2687 562 2715 inani
581 2688 684 2720 legunt
703 2692 731 2715 et
750 2688 842 2723 paulo
864 2693 933 2715 alite
951 2691 1079 2722 magni
1098 2690 1165 2718 loco
1185 2691 1255 2721 adv.
1274 2692 1407 2724 magis.
