1742 3005
371 36 464 85 Cap.
496 34 633 72 LXlll.
698 33 758 70 De
791 39 921 70 sancto
951 32 1064 70 Petro
1096 30 1261 70 martire.
1428 32 1509 71 279

121 141 234 176 sensit
266 141 480 180 contactum,
529 139 618 172 sicut
649 147 789 172 suorum
825 136 1065 172 consessorum
1097 134 1194 170 fideli
1218 135 1418 170 testimonio
1453 139 1507 170 est

121 204 317 251 probatum,
351 208 385 240 et
408 205 491 250 quia
520 213 643 238 servus
677 202 828 237 delicate
861 204 1011 237 nutritus
1046 202 1219 247 proteruit
1249 202 1285 235 in
1320 201 1506 244 dominum,

118 281 256 305 carnem
291 281 388 305 suam
425 270 571 305 assidua
605 268 675 304 cibi
710 273 744 304 et
770 273 874 314 potus
900 270 1071 313 parcitate
1104 268 1295 301 restrinxit.
1343 265 1394 301 Ne
1422 277 1503 302 vero

118 347 183 381 per
206 337 270 370 otii
295 336 466 372 desidiam
489 335 677 370 hostilibus
703 338 845 379 pareret
869 333 1018 374 insidiis,
1046 334 1080 366 in
1100 332 1412 377 justificationibus
1441 331 1504 366 do-

117 390 201 437 mini
226 402 456 437 exercebatur
479 401 634 443 assidue,
661 405 698 434 ut
725 411 766 435 eo
791 401 886 434 circa
909 398 1007 432 licita
1030 398 1187 432 totaliter
1205 403 1376 443 occupato
1392 398 1505 433 locum

117 470 152 502 in
178 470 257 513 ipso
282 468 408 502 illicita
433 478 501 502 non
527 466 698 501 haberent
722 469 756 499 et
781 474 802 498 a
827 463 1071 508 spiritualibus
1100 465 1263 508 nequitiis
1285 468 1378 498 tutus
1400 468 1504 499 esset.

117 533 292 568 Nocturna
311 532 448 578 quidem
473 532 613 566 silentia
635 530 809 564 humanae
829 529 997 573 deputata
1023 530 1131 574 quieti
1156 533 1237 573 post
1261 529 1502 563 dormitionem

114 599 256 634 brevem
291 597 500 632 decurrebat
529 599 565 631 in
597 596 724 631 studiis
760 595 947 630 lectionum
982 599 1017 630 et
1050 596 1162 629 somni
1194 599 1330 640 tempus
1369 594 1503 640 vigiliis

113 663 317 708 occupabat.
363 662 449 698 Dies
475 667 588 697 autem
616 661 841 708 impendebat
868 661 1057 695 commodis
1081 662 1273 695 animarum
1296 661 1351 695 vel
1371 659 1504 695 sedulis

112 728 319 763 imminendo
343 728 666 774 praedicationibus
691 728 745 763 vel
782 727 1039 762 confessionum
1064 727 1265 761 audientiae
1300 725 1496 760 insistendo

112 799 172 829 aut
206 794 460 829 haereticorum
496 794 625 841 dogma
656 794 862 840 pestiferum
900 794 1026 828 validis
1053 792 1248 828 rationibus
1274 790 1501 833 confutando,

111 861 146 893 in
167 860 292 905 quibus
309 861 474 906 specialis
493 863 631 907 gratiae
644 860 734 894 dono
758 861 913 894 noscitur
932 859 1114 893 claruisse.
1142 857 1336 893 Ilevotione
1358 859 1502 901 insuper

109 930 244 972 gratus,
269 925 579 967 humilitatelenis‚
604 926 806 961 obedientia
819 925 990 970 placidus,
1019 924 1238 970 benignitate
1266 925 1396 964 suavis,
1424 924 1499 967 pie-

109 996 182 1027 tate
208 994 443 1037 compatiens,
471 993 641 1037 patientia
665 996 842 1034 constans,
871 993 1017 1025 caritate
1044 989 1271 1035 praestabilis
1298 993 1332 1024 et
1357 991 1391 1023 in
1416 1000 1500 1023 cun-

110 1059 175 1092 ctis
199 1068 331 1092 morum
353 1059 553 1092 maturitate
577 1059 812 1102 compositus,
850 1058 941 1091 alios
967 1056 1123 1102 profusis
1148 1057 1311 1090 virtutum
1337 1055 1501 1089 aromati-

107 1124 173 1158 bus
208 1123 428 1165 attrahebat,
471 1123 610 1158 ferveus
642 1134 780 1169 quoque
815 1128 951 1157 amator
986 1122 1088 1164 fidei,
1130 1120 1242 1154 cultor
1274 1121 1498 1165 praecipuus,

106 1187 350 1237 propugnator
373 1189 501 1224 ardens
528 1191 579 1223 sic
603 1191 717 1223 animo
744 1200 807 1224 suo
834 1189 935 1224 iidem
961 1190 1208 1234 impresserat,
1243 1188 1293 1220 sic
1330 1196 1367 1220 se
1388 1189 1498 1219 totum

109 1257 143 1290 iu
170 1256 265 1290 illius
302 1256 564 1300 mancipaverat
600 1254 825 1299 obsequium,
864 1254 957 1300 quod
992 1265 1150 1300 quaeque
1187 1254 1298 1298 ipsius
1330 1261 1439 1296 opera
1465 1255 1499 1286 et

108 1321 216 1356 verba
251 1322 411 1356 virtutem
447 1319 530 1354 fidei
559 1320 776 1355 redolebant.
824 1320 891 1355 Pro
925 1320 992 1354 hac
1027 1329 1165 1364 quoque
1200 1322 1343 1353 mortem
1378 1316 1496 1351 subire

107 1388 251 1431 cupiens
277 1385 332 1420 hic
355 1385 596 1430 principaliter
619 1395 640 1419 a
664 1385 803 1419 domino
829 1388 972 1420 attentIs
998 1389 1031 1420 et
1053 1385 1186 1419 crebris
1202 1382 1497 1429 postulationibus

107 1452 326 1497 supplicasse
350 1451 540 1496 probatur,
576 1451 669 1496 quod
699 1462 768 1485 non
802 1453 933 1486 sineret
968 1462 1042 1486 eum
1069 1461 1111 1485 ex
1137 1450 1204 1484 hac
1227 1450 1304 1484 luce
1328 1450 1495 1496 migrare,

106 1519 174 1553 uisi
207 1522 319 1551 sumto
344 1528 407 1563 pro
443 1517 503 1553 illo
538 1517 647 1551 calice
684 1518 878 1561 passionis:
915 1528 978 1551 uec
1010 1515 1194 1550 fraudatus
1229 1520 1283 1549 est
1306 1514 1447 1549 tandem
1475 1524 1495 1547 a

105 1584 282 1618 desiderio
311 1594 386 1618 suo.
411 1603 457 1608 -κ
479 1603 525 1608 —-
546 1603 591 1608 -——
629 1587 674 1621 2.
698 1582 821 1618 Multis
856 1593 939 1617 vero
968 1584 1002 1616 iu
1028 1584 1099 1616 vita
1127 1591 1192 1615 sua
1217 1580 1395 1615 miraculis
1420 1580 1493 1614 cla—

106 1652 193 1692 ruit,
225 1660 305 1684 nam
327 1660 401 1684 cum
425 1649 518 1694 apud
542 1648 780 1684 Mediolanum
807 1648 987 1694 quemdam
1012 1650 1215 1693 episcopum
1240 1647 1495 1681 haereticorum

106 1727 127 1750 a
157 1715 318 1750 fidelibus
351 1719 488 1760 captum
521 1714 644 1750 beatus
678 1714 801 1749 Petrus
838 1715 1054 1749 examinaret
1089 1718 1124 1749 et
1156 1713 1251 1747 multi
1278 1713 1435 1757 episcopi
1459 1716 1493 1745 et

105 1782 266 1827 religiosi
291 1785 325 1816 et
346 1782 498 1815 maxima
521 1791 604 1825 pars
628 1782 780 1815 civitatis
805 1780 887 1814 illuc
911 1781 1155 1823 convenisset,
1193 1784 1228 1814 et
1252 1778 1327 1813 dies
1352 1781 1423 1811 tuni
1451 1787 1493 1811 ex

104 1846 370 1892 praedicatione
393 1851 464 1882 tum
490 1847 746 1882 examinatione
769 1848 805 1880 in
830 1846 972 1892 longum
993 1850 1172 1891 protracta
1205 1845 1331 1879 suisset
1364 1849 1398 1877 et
1419 1852 1491 1876 ma-

104 1913 216 1947 ximus
240 1917 360 1947 aestus
384 1918 528 1948 cunctos
552 1912 752 1958 affligeret,
784 1913 872 1947 dixit
896 1911 1146 1947 haeresiarcha
1171 1920 1287 1945 coram
1313 1908 1493 1943 omnibus:

105 1989 125 2012 o
152 1978 255 2013 Petre
278 1988 466 2022 perverse,
492 1980 523 2012 si
545 1982 584 2013 tu
608 1989 646 2013 es
674 1980 724 2012 ita
750 1983 904 2021 sanctus,
932 1980 1021 2012 sicut
1045 1977 1104 2011 hic
1129 1977 1256 2012 stultus
1282 1975 1431 2020 populus
1458 1978 1492 2007 te

105 2054 184 2079 esse
210 2043 372 2086 affirmat,
400 2053 462 2077 cur
487 2054 563 2078 eum
586 2048 687 2078 aestu
712 2045 800 2078 mori
823 2045 996 2088 permittis
1023 2048 1058 2078 et
1081 2053 1150 2077 non
1174 2051 1282 2086 rogas
1307 2040 1492 2078 dominum,

105 2115 142 2145 ut
163 2110 289 2145 nubem
313 2110 464 2156 aliquam
489 2110 707 2153 interponat,
743 2113 782 2142 ut
815 2119 885 2143 non
910 2109 1080 2142 moriatur
1105 2107 1163 2141 hie
1189 2106 1315 2140 stultus
1340 2103 1492 2149 populus

103 2180 200 2210 tanto
225 2180 337 2211 aestu.
386 2174 441 2210 Ad
467 2185 567 2220 quem
590 2174 714 2209 Petrus
739 2174 938 2219 respondit:
973 2174 1004 2207 si
1030 2173 1083 2207 vis
1110 2172 1333 2217 promittere,
1366 2174 1401 2204 te
1427 2168 1490 2203 ab—

104 2245 312 2286 negaturum
336 2241 501 2276 haeresiu
522 2244 617 2274 tuam
643 2244 677 2275 et
702 2240 803 2275 tidem
829 2239 1038 2274 catholicam
1072 2241 1311 2283 recepturum,
1355 2234 1492 2281 rogabo

63 2318 65 2320 ·
104 2307 278 2341 dominum
303 2310 337 2341 et
361 2306 485 2349 saciet,
518 2306 611 2351 quod
636 2305 766 2340 dixisti.
816 2305 917 2341 Tunc
944 2306 1100 2340 fautores
1124 2304 1382 2338 haereticorum
1411 2310 1493 2333 con-

106 2372 296 2406 clamantes
331 2369 602 2406 haeresiarchae
635 2371 815 2406 dixerunt:
857 2372 1037 2416 promitte,
1073 2370 1247 2414 promitte.
1297 2364 1496 2401 Credebant

106 2439 216 2481 euim,
252 2435 346 2483 quod
370 2435 446 2470 fieri
471 2446 540 2470 non
564 2440 705 2480 posset,
742 2436 834 2482 quod
857 2435 981 2470 Petrus
1015 2444 1053 2469 se
1085 2434 1255 2467 facturum
1279 2441 1395 2466 coram
1423 2442 1495 2465 om-

104 2504 206 2538 nibus
231 2501 435 2548 spopondit,
462 2505 497 2535 et
522 2502 670 2536 maxime
695 2511 770 2535 cum
793 2501 890 2535 nulla
913 2500 968 2534 rel
993 2500 1133 2533 minima
1156 2497 1330 2532 nubecula
1353 2498 1388 2530 in
1414 2500 1495 2531 aere

105 2572 304 2614 appareret.
354 2567 526 2602 Catholici
558 2570 673 2601 autem
707 2576 813 2611 super
843 2566 1077 2611 promissione
1110 2563 1207 2598 beati
1238 2563 1334 2598 Petri
1357 2563 1492 2597 tristari

55 2670 58 2673 ,
105 2637 318 2680 coeperunt,
353 2635 538 2676 timentes,
580 2643 623 2668 ne
658 2631 743 2668 tides
768 2631 942 2667 catholica
968 2642 1011 2667 ex
1035 2629 1101 2666 hoc
1124 2629 1319 2665 confusioni
1344 2631 1490 2674 pateret.
