1742 3005
230 91 311 129 464
369 92 463 141 Cap.
489 90 609 126 CXtt.
643 90 699 126 De
721 90 938 125 inventione
959 91 1075 126 sancti
1097 90 1227 140 Steph.
1249 92 1539 141 protomartiris.

230 207 297 242 ego
320 196 411 231 novi,
442 199 475 228 et
500 196 661 238 impetum
688 193 819 227 taciens
845 194 1043 238 amplexata
1068 199 1121 230 est
1145 205 1270 240 corpus
1296 198 1407 230 sancti
1432 195 1613 240 Stephani.

231 262 287 294 Sic
315 271 399 304 ergo
427 260 502 293 dum
531 269 657 303 corpus
686 260 749 292 viri
774 262 873 302 putat
896 260 1070 303 accipere,
1094 270 1179 293 casu
1205 271 1330 304 corpus
1356 262 1613 305 protomartiris

229 327 375 368 accepit.
425 324 506 358 Cum
532 328 644 358 autem
668 325 781 357 navim
807 334 881 357 cum
909 334 1057 368 corpore
1088 324 1369 367 conscendisset,
1402 326 1517 370 hymni
1550 337 1612 360 au-

228 391 369 424 diuntur
393 389 563 435 angelici,
590 390 678 423 odor
705 389 893 434 effragrat,
920 388 1071 423 clamant
1095 389 1303 430 daemones,
1337 400 1476 424 saevam
1502 394 1594 425 susci

226 461 301 490 tant
323 459 565 499 tempestatem
593 455 768 489 dicentes:
805 465 868 489 vae
895 455 1017 496 nobis,
1054 456 1138 499 quia
1165 456 1391 499 protomartir
1415 455 1614 500 Stephanus

225 523 353 555 transit
377 521 452 554 diro
479 530 541 553 nos
568 519 758 554 verberans
785 521 877 564 igne.
928 519 1009 553 Cum
1035 530 1120 565 ergo
1146 524 1272 554 nautae
1295 519 1515 566 naufragium
1541 520 1613 554 sor-

227 586 420 628 midarent‚
455 585 652 630 Stephanus
688 587 871 619 invocatur
905 589 938 618 et
975 587 1138 618 continuo
1173 586 1336 629 apparuit
1369 585 1508 620 dicens:
1545 596 1612 631 ego

226 662 321 692 sum,
356 651 464 685 nolite
499 652 631 684 timere.
683 651 875 695 Statimque
909 650 1146 695 tranquillitas
1180 660 1306 695 magna
1331 649 1521 685 subsecuta
1549 657 1613 685 est.

227 716 325 749 Tunc
357 715 498 749 auditae
532 719 611 749 suut
646 725 749 749 voces
785 715 987 749 daemonum
1022 716 1259 749 clamantium:
1299 717 1402 760 impie
1437 718 1612 761 princepS,

224 791 350 814 navem
388 780 563 822 accende,
606 782 688 825 quia
726 780 951 814 adversarius
991 785 1111 814 noster
1149 780 1347 824 Stephanus
1389 786 1442 815 est
1483 783 1516 814 in
1558 791 1610 815 ea.

226 846 324 880 Tunc
350 847 510 890 princeps
537 845 741 880 daemonum
768 845 797 880 V
823 846 1029 887 daemones,
1058 847 1114 891 qui
1139 855 1258 879 navem
1286 845 1522 885 incenderent,
1550 847 1612 880 mi-

224 913 282 953 sit,
309 912 370 945 sed
398 911 545 956 angelus
572 910 702 944 domini
727 913 761 944 in
786 910 993 955 profundum
1020 921 1080 945 eos
1107 911 1283 952 demersit,
1308 914 1342 944 et
1366 921 1440 944 cum
1464 910 1611 945 Chalce-

225 977 348 1011 donem
375 979 572 1019 venissent,
609 976 797 1011 daemones
833 975 1047 1010 clamabant:
1085 986 1206 1010 servus
1238 975 1302 1010 Dei
1338 977 1449 1018 veuit,
1485 977 1544 1021 qui
1568 975 1611 1009 ab

223 1044 352 1087 iniquis
389 1042 566 1086 lapidatus
600 1046 653 1076 est
688 1041 843 1076 Judaeis.
895 1042 1232 1086 Constantinopolim
1275 1043 1383 1087 igitur
1422 1041 1612 1075 incolumes

222 1112 457 1152 pervenerunt
496 1111 531 1141 et
575 1108 608 1140 iu
657 1106 806 1152 quadam
844 1107 998 1142 ecclesia
1033 1117 1162 1151 corpus
1196 1109 1305 1141 sancti
1335 1106 1504 1151 Stephani
1537 1117 1612 1141 cum

223 1183 351 1217 magna
376 1174 571 1206 reverentia
590 1172 830 1206 condiderunt.
878 1171 973 1206 Haec
992 1171 1224 1217 Augustinus.
1272 1172 1478 1217 Conjunctio
1499 1176 1612 1206 autem

222 1240 381 1283 corporis
417 1239 530 1271 sancti
566 1237 735 1282 Stephani
768 1247 842 1271 cum
877 1247 1025 1282 corpore
1057 1239 1168 1271 sancti
1192 1238 1373 1271 Laurentii
1400 1237 1466 1272 hoc
1490 1237 1613 1273 ordine

224 1304 318 1338 sacta
354 1304 429 1338 suit.
480 1304 636 1350 Contigit
671 1305 759 1338 enim
794 1303 986 1338 Eudoxiam
1022 1302 1126 1336 tiliam
1164 1302 1360 1337 Theodosii
1391 1304 1612 1347 imperatoris

223 1381 244 1404 a
270 1370 438 1404 daemone
463 1370 622 1414 graviter
646 1370 808 1403 cruciari.
858 1368 957 1408 Quod
983 1378 1059 1402 cum
1080 1369 1169 1413 patri
1190 1378 1253 1401 suo
1275 1367 1612 1413 Constantinopolim

221 1437 409 1470 constituto
446 1435 636 1468 intimatum
670 1433 817 1476 suisset,
847 1433 950 1479 jubet
982 1423 1084 1468 filiam
1111 1433 1449 1478 Constantinopolim
1473 1433 1612 1474 adduci,

222 1506 259 1535 ut
284 1501 500 1534 sacrosancti
527 1501 785 1544 protomartiris
810 1499 981 1544 Stephani
1009 1499 1168 1544 reliquiis
1193 1502 1410 1544 tangeretur.
1458 1498 1612 1533 Daemon

212 1571 336 1601 -autem
363 1567 396 1599 in
421 1574 463 1599 ea
489 1564 682 1598 clamabat:
714 1566 779 1599 nisi
819 1565 1018 1610 Stephanus
1050 1564 1191 1599 Romam
1228 1566 1364 1607 veniat,
1400 1574 1467 1598 non
1493 1563 1611 1605 exibo,

222 1633 383 1677 quoniam
409 1632 459 1664 sic
487 1634 541 1664 est
564 1631 718 1675 apostoli
745 1631 921 1665 voluntas.
972 1630 1071 1670 Quod
1098 1641 1171 1664 cum
1195 1632 1384 1676 imperator
1403 1628 1611 1671 audivisset,

221 1708 242 1731 a
276 1698 371 1731 clero
409 1701 443 1731 et
479 1696 609 1741 populo
637 1696 1026 1740 Constantinopolitano
1061 1696 1231 1739 obtinuit,
1268 1702 1305 1731 ut
1339 1706 1467 1740 corpus
1499 1695 1613 1729 sancti

221 1762 390 1806 Stephani
417 1761 581 1796 Romanis
609 1761 751 1795 daretur
778 1765 811 1795 et
838 1762 905 1805 ipsi
931 1760 1026 1795 beati
1045 1760 1226 1796 Laurentii
1250 1772 1376 1806 corpus
1398 1762 1610 1805 acciperent.

222 1827 323 1861 Tunc
356 1829 546 1871 imperator
582 1825 729 1871 Pelagio
763 1835 875 1870 papae
901 1836 1007 1870 super
1031 1825 1097 1859 hoc
1122 1828 1282 1870 scripsit,
1319 1836 1411 1870 papa
1446 1836 1527 1860 vero
1567 1825 1609 1859 de

219 1892 368 1926 consilio
406 1891 634 1925 cardinalium
669 1892 890 1935 imperatoris
924 1892 1085 1935 petitioni
1121 1892 1309 1925 consensit.
1357 1890 1460 1925 Missi
1502 1892 1611 1936 igitur

221 1956 556 2000 Constantinopolim
577 1955 776 1990 cardinales
797 1966 923 2000 corpus
953 1958 1063 1990 sancti
1088 1956 1258 2000 Stephani
1284 1955 1424 1990 Romam
1450 1955 1611 1990 deserunt

221 2028 252 2056 et
287 2022 412 2055 Graeci
448 2032 509 2065 pro
543 2020 750 2065 accipiendo
787 2032 936 2071 corpore
974 2023 1083 2055 sancti
1119 2022 1300 2055 Laurentii
1342 2027 1608 2066 prosequuntur.

220 2088 361 2132 Capuae
397 2088 505 2131 igitur
539 2097 665 2130 corpus
695 2086 867 2131 Stephani
894 2087 1061 2130 recipitur
1087 2090 1120 2120 et
1145 2085 1325 2120 brachium
1350 2088 1427 2132 ejus
1453 2085 1609 2120 dextrum

220 2164 240 2186 a
267 2153 442 2197 Capuanis
468 2152 602 2186 devotis
629 2151 792 2196 precibus
817 2151 994 2185 obtinetur
1027 2155 1062 2185 et
1091 2153 1360 2196 metropolitana
1392 2152 1543 2187 ecclesia
1577 2153 1609 2185 in

219 2219 296 2262 ejus
323 2217 486 2252 honorem
515 2218 719 2252 fabricatur.
771 2216 852 2251 Cum
878 2220 989 2250 autem
1010 2215 1151 2251 Romam
1179 2218 1356 2252 venissent
1374 2222 1411 2252 et
1438 2218 1470 2250 in
1496 2217 1608 2251 eccle-

220 2285 309 2317 siam
336 2284 446 2317 sancti
473 2282 564 2316 Petri
591 2283 635 2316 ad
663 2283 799 2316 vincula
828 2293 954 2326 corpus
983 2281 1122 2316 deferre
1149 2281 1298 2324 vellent,
1339 2289 1497 2317 vectores
1523 2281 1607 2316 sub-

219 2351 347 2383 sistunt
372 2358 436 2383 nec
462 2348 553 2381 ultra
578 2348 770 2392 procedere
797 2352 965 2392 possunt,
1001 2347 1148 2381 daemon
1185 2352 1299 2381 autem
1335 2349 1369 2381 in
1395 2347 1513 2392 puella
1536 2347 1607 2381 cla-

218 2414 351 2448 mabat:
387 2414 517 2447 frustra
555 2414 748 2454 laboratis,
785 2414 866 2458 quia
901 2424 968 2446 non
1004 2412 1078 2455 hic,
1113 2412 1175 2446 sed
1211 2411 1305 2456 apud
1336 2412 1475 2448 fratrem
1510 2423 1606 2447 suum

217 2479 440 2513 Laurentium
474 2479 591 2513 sedem
626 2479 746 2524 elegit.
796 2477 880 2511 llluc
913 2479 1022 2523 igitur
1057 2487 1184 2521 corpus
1223 2477 1379 2511 defertur
1403 2482 1437 2512 et
1459 2476 1502 2511 ad
1529 2477 1605 2520 ejus

217 2546 343 2576 tactum
371 2543 488 2587 puella
512 2554 533 2577 a
558 2543 726 2578 daemone
752 2543 932 2577 liberatur.
982 2542 1027 2576 At
1052 2543 1262 2577 Laurentius
1287 2542 1449 2576 adventui
1483 2541 1604 2574 fratris

216 2608 270 2639 sui
298 2609 395 2650 quasi
424 2608 674 2653 congratulans
700 2612 733 2642 et
759 2608 919 2641 arridens
948 2608 979 2640 in
1011 2607 1156 2641 alteram
1184 2610 1315 2650 partem
1342 2604 1518 2648 sepulchri
1544 2616 1601 2638 se-

215 2672 321 2704 cessit
348 2675 381 2704 ct
406 2672 623 2707 medietatem
648 2673 742 2707 illius
770 2682 910 2707 vacuam
940 2672 1039 2706 fratri
1066 2671 1217 2715 reliquit.
1265 2668 1390 2703 Graeci
1420 2680 1502 2705 vero
1526 2669 1604 2704 dum
