<?xml version="1.0" encoding="UTF-8"?>
<!DOCTYPE html PUBLIC "-//W3C//DTD XHTML 1.0 Transitional//EN"
    "http://www.w3.org/TR/xhtml1/DTD/xhtml1-transitional.dtd">
<html xmlns="http://www.w3.org/1999/xhtml" xml:lang="en" lang="en">
 <head>
  <title>
</title>
<meta http-equiv="Content-Type" content="text/html;charset=utf-8" />
  <meta name='ocr-system' content='tesseract 3.04.00' />
  <meta name='ocr-capabilities' content='ocr_page ocr_carea ocr_par ocr_line ocrx_word'/>
</head>
<body>
  <div class='ocr_page' id='page_1' title='image "./legendaaureavulg00jacouoft_0151.png"; bbox 0 0 1742 3005; ppageno 0'>
   <div class='ocr_carea' id='block_1_1' title="bbox 418 116 1474 169">
    <p class='ocr_par' dir='ltr' id='par_1_1' title="bbox 418 116 1474 169">
     <span class='ocr_line' id='line_1_1' title="bbox 418 116 1474 169; baseline -0.003 -13"><span class='ocrx_word' id='word_1_1' title='bbox 418 120 513 169; x_wconf 78' lang='lat' dir='ltr'>Cap.</span> <span class='ocrx_word' id='word_1_2' title='bbox 545 118 676 155; x_wconf 82' lang='lat' dir='ltr'><strong>XXIX.</strong></span> <span class='ocrx_word' id='word_1_3' title='bbox 735 118 793 154; x_wconf 84' lang='lat' dir='ltr'>De</span> <span class='ocrx_word' id='word_1_4' title='bbox 822 122 951 154; x_wconf 82' lang='lat' dir='ltr'>sancta</span> <span class='ocrx_word' id='word_1_5' title='bbox 983 116 1113 154; x_wconf 83' lang='lat' dir='ltr'>Paula.</span> <span class='ocrx_word' id='word_1_6' title='bbox 1398 117 1474 153; x_wconf 64' lang='lat'>135&gt;</span> 
     </span>
    </p>
   </div>
   <div class='ocr_carea' id='block_1_2' title="bbox 78 220 1474 1246">
    <p class='ocr_par' dir='ltr' id='par_1_2' title="bbox 78 220 1474 1246">
     <span class='ocr_line' id='line_1_2' title="bbox 85 220 1469 270; baseline -0.004 -10"><span class='ocrx_word' id='word_1_7' title='bbox 85 226 224 261; x_wconf 68' lang='lat' dir='ltr'>Christi,</span> <span class='ocrx_word' id='word_1_8' title='bbox 287 223 523 270; x_wconf 80' lang='lat' dir='ltr'>Augustinus:</span> <span class='ocrx_word' id='word_1_9' title='bbox 571 222 714 258; x_wconf 86' lang='lat' dir='ltr'>Paulum</span> <span class='ocrx_word' id='word_1_10' title='bbox 739 221 816 257; x_wconf 86' lang='lat' dir='ltr'>dieo</span> <span class='ocrx_word' id='word_1_11' title='bbox 844 232 959 257; x_wconf 87' lang='lat' dir='ltr'>verum</span> <span class='ocrx_word' id='word_1_12' title='bbox 986 220 1151 256; x_wconf 76' lang='lat' dir='ltr'>athletam</span> <span class='ocrx_word' id='word_1_13' title='bbox 1177 221 1307 257; x_wconf 83' lang='lat' dir='ltr'>Clu-isti</span> <span class='ocrx_word' id='word_1_14' title='bbox 1336 222 1469 256; x_wconf 83' lang='lat' dir='ltr'>doctum</span> 
     </span>
     <span class='ocr_line' id='line_1_3' title="bbox 86 287 1470 333; baseline -0.003 -7"><span class='ocrx_word' id='word_1_15' title='bbox 86 290 131 326; x_wconf 83' lang='lat' dir='ltr'>ab</span> <span class='ocrx_word' id='word_1_16' title='bbox 157 291 241 332; x_wconf 88' lang='lat' dir='ltr'>illo,</span> <span class='ocrx_word' id='word_1_17' title='bbox 278 293 414 324; x_wconf 88' lang='lat' dir='ltr'>unctum</span> <span class='ocrx_word' id='word_1_18' title='bbox 440 288 482 324; x_wconf 89' lang='lat' dir='ltr'>de</span> <span class='ocrx_word' id='word_1_19' title='bbox 509 288 591 332; x_wconf 86' lang='lat' dir='ltr'>illo,</span> <span class='ocrx_word' id='word_1_20' title='bbox 641 288 838 322; x_wconf 79' lang='lat' dir='ltr'>crucifixum</span> <span class='ocrx_word' id='word_1_21' title='bbox 873 299 947 323; x_wconf 84' lang='lat' dir='ltr'>cum</span> <span class='ocrx_word' id='word_1_22' title='bbox 973 287 1033 321; x_wconf 89' lang='lat' dir='ltr'>illo</span> <span class='ocrx_word' id='word_1_23' title='bbox 1061 291 1094 322; x_wconf 83' lang='lat' dir='ltr'>et</span> <span class='ocrx_word' id='word_1_24' title='bbox 1117 287 1310 333; x_wconf 88' lang='lat' dir='ltr'>gloriosum</span> <span class='ocrx_word' id='word_1_25' title='bbox 1337 289 1370 329; x_wconf 89' lang='lat' dir='ltr'>in</span> <span class='ocrx_word' id='word_1_26' title='bbox 1398 287 1470 323; x_wconf 80' lang='lat' dir='ltr'>illu,</span> 
     </span>
     <span class='ocr_line' id='line_1_4' title="bbox 84 352 1470 399; baseline -0.002 -8"><span class='ocrx_word' id='word_1_27' title='bbox 84 356 149 392; x_wconf 87' lang='lat' dir='ltr'>Est</span> <span class='ocrx_word' id='word_1_28' title='bbox 172 358 207 390; x_wconf 91' lang='lat' dir='ltr'>in</span> <span class='ocrx_word' id='word_1_29' title='bbox 230 365 334 390; x_wconf 84' lang='lat' dir='ltr'>carne</span> <span class='ocrx_word' id='word_1_30' title='bbox 361 358 580 397; x_wconf 79' lang='lat' dir='ltr'>maceratus,</span> <span class='ocrx_word' id='word_1_31' title='bbox 631 358 665 388; x_wconf 91' lang='lat' dir='ltr'>ut</span> <span class='ocrx_word' id='word_1_32' title='bbox 692 356 772 399; x_wconf 87' lang='lat' dir='ltr'>ipsa</span> <span class='ocrx_word' id='word_1_33' title='bbox 798 364 880 388; x_wconf 86' lang='lat' dir='ltr'>caro</span> <span class='ocrx_word' id='word_1_34' title='bbox 906 353 1113 397; x_wconf 81' lang='lat' dir='ltr'>disponatur</span> <span class='ocrx_word' id='word_1_35' title='bbox 1137 352 1181 387; x_wconf 89' lang='lat' dir='ltr'>ad</span> <span class='ocrx_word' id='word_1_36' title='bbox 1207 353 1320 388; x_wconf 87' lang='lat' dir='ltr'>bonae</span> <span class='ocrx_word' id='word_1_37' title='bbox 1346 364 1470 399; x_wconf 55' lang='lat' dir='ltr'>opera</span> 
     </span>
     <span class='ocr_line' id='line_1_5' title="bbox 84 406 1473 465; baseline -0.001 -9"><span class='ocrx_word' id='word_1_38' title='bbox 84 423 189 457; x_wconf 87' lang='lat' dir='ltr'>tionis</span> <span class='ocrx_word' id='word_1_39' title='bbox 224 421 401 456; x_wconf 82' lang='lat' dir='ltr'>effectum:</span> <span class='ocrx_word' id='word_1_40' title='bbox 449 421 577 465; x_wconf 89' lang='lat' dir='ltr'>optime</span> <span class='ocrx_word' id='word_1_41' title='bbox 617 421 706 454; x_wconf 89' lang='lat' dir='ltr'>enim</span> <span class='ocrx_word' id='word_1_42' title='bbox 741 419 904 462; x_wconf 78' lang='lat' dir='ltr'><strong>deinceps</strong></span> <span class='ocrx_word' id='word_1_43' title='bbox 939 428 1066 462; x_wconf 86' lang='lat' dir='ltr'>corpus</span> <span class='ocrx_word' id='word_1_44' title='bbox 1092 419 1167 463; x_wconf 84' lang='lat' dir='ltr'>ejus</span> <span class='ocrx_word' id='word_1_45' title='bbox 1192 406 1234 452; x_wconf 86' lang='lat' dir='ltr'>ad</span> <span class='ocrx_word' id='word_1_46' title='bbox 1262 430 1361 454; x_wconf 89' lang='lat' dir='ltr'>omne</span> <span class='ocrx_word' id='word_1_47' title='bbox 1386 430 1473 464; x_wconf 78' lang='lat' dir='ltr'>opus</span> 
     </span>
     <span class='ocr_line' id='line_1_6' title="bbox 87 483 1474 532; baseline -0.001 -10"><span class='ocrx_word' id='word_1_48' title='bbox 87 488 211 522; x_wconf 87' lang='lat' dir='ltr'>bonum</span> <span class='ocrx_word' id='word_1_49' title='bbox 239 486 446 532; x_wconf 88' lang='lat' dir='ltr'>dispositum</span> <span class='ocrx_word' id='word_1_50' title='bbox 473 490 549 527; x_wconf 72' lang='lat' dir='ltr'>est,</span> <span class='ocrx_word' id='word_1_51' title='bbox 600 494 676 518; x_wconf 90' lang='lat' dir='ltr'>nam</span> <span class='ocrx_word' id='word_1_52' title='bbox 702 485 835 518; x_wconf 89' lang='lat' dir='ltr'>esurire</span> <span class='ocrx_word' id='word_1_53' title='bbox 860 487 894 518; x_wconf 89' lang='lat' dir='ltr'>et</span> <span class='ocrx_word' id='word_1_54' title='bbox 923 483 1101 518; x_wconf 84' lang='lat' dir='ltr'>abundare</span> <span class='ocrx_word' id='word_1_55' title='bbox 1128 483 1262 518; x_wconf 84' lang='lat' dir='ltr'>sciebat</span> <span class='ocrx_word' id='word_1_56' title='bbox 1288 489 1323 518; x_wconf 80' lang='lat' dir='ltr'>et</span> <span class='ocrx_word' id='word_1_57' title='bbox 1348 484 1474 530; x_wconf 83' lang='lat' dir='ltr'>ubique</span> 
     </span>
     <span class='ocr_line' id='line_1_7' title="bbox 87 549 1471 590; baseline -0.004 -1"><span class='ocrx_word' id='word_1_58' title='bbox 87 558 121 590; x_wconf 87' lang='lat' dir='ltr'>et</span> <span class='ocrx_word' id='word_1_59' title='bbox 145 557 178 588; x_wconf 87' lang='lat' dir='ltr'>in</span> <span class='ocrx_word' id='word_1_60' title='bbox 204 552 362 587; x_wconf 89' lang='lat' dir='ltr'>omnibus</span> <span class='ocrx_word' id='word_1_61' title='bbox 397 552 572 585; x_wconf 90' lang='lat' dir='ltr'>institutus</span> <span class='ocrx_word' id='word_1_62' title='bbox 608 554 684 585; x_wconf 87' lang='lat' dir='ltr'>erat</span> <span class='ocrx_word' id='word_1_63' title='bbox 713 553 746 584; x_wconf 86' lang='lat' dir='ltr'>et</span> <span class='ocrx_word' id='word_1_64' title='bbox 781 550 895 582; x_wconf 81' lang='lat' dir='ltr'>omnia</span> <span class='ocrx_word' id='word_1_65' title='bbox 921 549 1073 583; x_wconf 83' lang='lat' dir='ltr'>adversa</span> <span class='ocrx_word' id='word_1_66' title='bbox 1097 549 1246 584; x_wconf 76' lang='lat' dir='ltr'>libenter</span> <span class='ocrx_word' id='word_1_67' title='bbox 1270 550 1471 584; x_wconf 78' lang='lat' dir='ltr'>sufferebat.</span> 
     </span>
     <span class='ocr_line' id='line_1_8' title="bbox 87 614 1471 664; baseline -0.004 -10"><span class='ocrx_word' id='word_1_68' title='bbox 87 619 374 664; x_wconf 73' lang='lat' dir='ltr'>{lm-ysostomus:</span> <span class='ocrx_word' id='word_1_69' title='bbox 422 620 589 661; x_wconf 80' lang='lat' dir='ltr'>tyrannos</span> <span class='ocrx_word' id='word_1_70' title='bbox 624 625 664 650; x_wconf 83' lang='lat' dir='ltr'>ac</span> <span class='ocrx_word' id='word_1_71' title='bbox 690 614 839 660; x_wconf 86' lang='lat' dir='ltr'>populos</span> <span class='ocrx_word' id='word_1_72' title='bbox 867 615 1042 658; x_wconf 81' lang='lat' dir='ltr'>spirantes</span> <span class='ocrx_word' id='word_1_73' title='bbox 1071 615 1221 650; x_wconf 80' lang='lat' dir='ltr'>furorem</span> <span class='ocrx_word' id='word_1_74' title='bbox 1251 615 1343 650; x_wconf 79' lang='lat' dir='ltr'>velut</span> <span class='ocrx_word' id='word_1_75' title='bbox 1367 626 1471 660; x_wconf 77' lang='lat' dir='ltr'>quos--</span> 
     </span>
     <span class='ocr_line' id='line_1_9' title="bbox 87 680 1472 726; baseline -0.003 -8"><span class='ocrx_word' id='word_1_76' title='bbox 87 684 164 719; x_wconf 86' lang='lat' dir='ltr'>dam</span> <span class='ocrx_word' id='word_1_77' title='bbox 190 693 268 718; x_wconf 89' lang='lat' dir='ltr'>esse</span> <span class='ocrx_word' id='word_1_78' title='bbox 291 682 420 718; x_wconf 81' lang='lat' dir='ltr'>culices</span> <span class='ocrx_word' id='word_1_79' title='bbox 446 680 674 724; x_wconf 83' lang='lat' dir='ltr'>aestimabat⁷</span> <span class='ocrx_word' id='word_1_80' title='bbox 713 683 856 714; x_wconf 88' lang='lat' dir='ltr'>mortem</span> <span class='ocrx_word' id='word_1_81' title='bbox 886 690 967 714; x_wconf 83' lang='lat' dir='ltr'>vero</span> <span class='ocrx_word' id='word_1_82' title='bbox 995 685 1099 726; x_wconf 82' lang='lat' dir='ltr'>atque</span> <span class='ocrx_word' id='word_1_83' title='bbox 1125 682 1299 716; x_wconf 83' lang='lat' dir='ltr'>cruciatus</span> <span class='ocrx_word' id='word_1_84' title='bbox 1321 685 1354 716; x_wconf 91' lang='lat' dir='ltr'>et</span> <span class='ocrx_word' id='word_1_85' title='bbox 1379 680 1472 715; x_wconf 89' lang='lat' dir='ltr'>mille</span> 
     </span>
     <span class='ocr_line' id='line_1_10' title="bbox 86 746 1474 794; baseline -0.002 -10"><span class='ocrx_word' id='word_1_86' title='bbox 86 749 270 794; x_wconf 84' lang='lat' dir='ltr'>supplicia,</span> <span class='ocrx_word' id='word_1_87' title='bbox 295 749 397 794; x_wconf 88' lang='lat' dir='ltr'>quasi</span> <span class='ocrx_word' id='word_1_88' title='bbox 421 746 537 782; x_wconf 89' lang='lat' dir='ltr'>ludum</span> <span class='ocrx_word' id='word_1_89' title='bbox 564 747 712 792; x_wconf 82' lang='lat' dir='ltr'>putabat</span> <span class='ocrx_word' id='word_1_90' title='bbox 736 756 815 782; x_wconf 90' lang='lat' dir='ltr'>esse</span> <span class='ocrx_word' id='word_1_91' title='bbox 843 756 1040 790; x_wconf 88' lang='lat' dir='ltr'>puerorum.</span> <span class='ocrx_word' id='word_1_92' title='bbox 1089 747 1181 782; x_wconf 84' lang='lat' dir='ltr'>llaec</span> <span class='ocrx_word' id='word_1_93' title='bbox 1207 747 1474 792; x_wconf 79' lang='lat' dir='ltr'>amplexabatur</span> 
     </span>
     <span class='ocr_line' id='line_1_11' title="bbox 85 812 1471 860; baseline -0.002 -10"><span class='ocrx_word' id='word_1_94' title='bbox 85 815 234 850; x_wconf 78' lang='lat' dir='ltr'>libenter</span> <span class='ocrx_word' id='word_1_95' title='bbox 257 818 292 850; x_wconf 85' lang='lat' dir='ltr'>et</span> <span class='ocrx_word' id='word_1_96' title='bbox 316 815 430 860; x_wconf 86' lang='lat' dir='ltr'>magis</span> <span class='ocrx_word' id='word_1_97' title='bbox 445 812 678 848; x_wconf 76' lang='lat' dir='ltr'>decorabatur</span> <span class='ocrx_word' id='word_1_98' title='bbox 701 816 826 847; x_wconf 78' lang='lat' dir='ltr'>catena</span> <span class='ocrx_word' id='word_1_99' title='bbox 854 813 987 847; x_wconf 83' lang='lat' dir='ltr'>vinctus</span> <span class='ocrx_word' id='word_1_100' title='bbox 1012 823 1114 858; x_wconf 85' lang='lat' dir='ltr'>quam</span> <span class='ocrx_word' id='word_1_101' title='bbox 1139 813 1343 858; x_wconf 75' lang='lat' dir='ltr'>dyademate</span> <span class='ocrx_word' id='word_1_102' title='bbox 1370 824 1471 847; x_wconf 83' lang='lat' dir='ltr'>coro-</span> 
     </span>
     <span class='ocr_line' id='line_1_12' title="bbox 84 878 1474 925; baseline -0.003 -10"><span class='ocrx_word' id='word_1_103' title='bbox 84 885 206 923; x_wconf 85' lang='lat' dir='ltr'>natus,</span> <span class='ocrx_word' id='word_1_104' title='bbox 259 889 300 915; x_wconf 84' lang='lat' dir='ltr'>ac</span> <span class='ocrx_word' id='word_1_105' title='bbox 322 879 486 914; x_wconf 87' lang='lat' dir='ltr'>libentius</span> <span class='ocrx_word' id='word_1_106' title='bbox 512 878 705 925; x_wconf 84' lang='lat' dir='ltr'>recipiebat</span> <span class='ocrx_word' id='word_1_107' title='bbox 730 879 875 913; x_wconf 83' lang='lat' dir='ltr'>vulnera</span> <span class='ocrx_word' id='word_1_108' title='bbox 900 889 1001 923; x_wconf 88' lang='lat' dir='ltr'>quam</span> <span class='ocrx_word' id='word_1_109' title='bbox 1028 879 1088 913; x_wconf 87' lang='lat' dir='ltr'>alii</span> <span class='ocrx_word' id='word_1_110' title='bbox 1113 888 1265 913; x_wconf 87' lang='lat' dir='ltr'>munera.</span> <span class='ocrx_word' id='word_1_111' title='bbox 1314 878 1378 914; x_wconf 84' lang='lat' dir='ltr'>Vel</span> <span class='ocrx_word' id='word_1_112' title='bbox 1406 880 1474 912; x_wconf 89' lang='lat' dir='ltr'>ista</span> 
     </span>
     <span class='ocr_line' id='line_1_13' title="bbox 82 945 1468 990; baseline -0.003 -9"><span class='ocrx_word' id='word_1_113' title='bbox 82 948 151 981; x_wconf 85' lang='lat' dir='ltr'>tria</span> <span class='ocrx_word' id='word_1_114' title='bbox 175 946 335 981; x_wconf 87' lang='lat' dir='ltr'>dicuntur</span> <span class='ocrx_word' id='word_1_115' title='bbox 360 945 469 980; x_wconf 90' lang='lat' dir='ltr'>suisse</span> <span class='ocrx_word' id='word_1_116' title='bbox 497 947 530 979; x_wconf 91' lang='lat' dir='ltr'>in</span> <span class='ocrx_word' id='word_1_117' title='bbox 555 956 597 980; x_wconf 88' lang='lat' dir='ltr'>eo</span> <span class='ocrx_word' id='word_1_118' title='bbox 621 949 742 979; x_wconf 85' lang='lat' dir='ltr'>contra</span> <span class='ocrx_word' id='word_1_119' title='bbox 767 945 854 986; x_wconf 87' lang='lat' dir='ltr'>tria,</span> <span class='ocrx_word' id='word_1_120' title='bbox 903 955 993 990; x_wconf 84' lang='lat' dir='ltr'>quae</span> <span class='ocrx_word' id='word_1_121' title='bbox 1030 945 1168 980; x_wconf 83' lang='lat' dir='ltr'>fuerunt</span> <span class='ocrx_word' id='word_1_122' title='bbox 1200 946 1233 978; x_wconf 89' lang='lat' dir='ltr'>in</span> <span class='ocrx_word' id='word_1_123' title='bbox 1269 945 1379 989; x_wconf 87' lang='lat' dir='ltr'>primo</span> <span class='ocrx_word' id='word_1_124' title='bbox 1409 954 1468 989; x_wconf 87' lang='lat' dir='ltr'>pa-</span> 
     </span>
     <span class='ocr_line' id='line_1_14' title="bbox 82 1009 1469 1056; baseline -0.003 -9"><span class='ocrx_word' id='word_1_125' title='bbox 82 1015 190 1047; x_wconf 87' lang='lat' dir='ltr'>rente.</span> <span class='ocrx_word' id='word_1_126' title='bbox 238 1010 276 1046; x_wconf 92' lang='lat' dir='ltr'>In</span> <span class='ocrx_word' id='word_1_127' title='bbox 300 1011 378 1056; x_wconf 87' lang='lat' dir='ltr'>ipso</span> <span class='ocrx_word' id='word_1_128' title='bbox 404 1012 492 1045; x_wconf 89' lang='lat' dir='ltr'>enim</span> <span class='ocrx_word' id='word_1_129' title='bbox 522 1011 586 1045; x_wconf 79' lang='lat' dir='ltr'>suit</span> <span class='ocrx_word' id='word_1_130' title='bbox 618 1016 739 1045; x_wconf 86' lang='lat' dir='ltr'>contra</span> <span class='ocrx_word' id='word_1_131' title='bbox 764 1010 869 1045; x_wconf 90' lang='lat' dir='ltr'>Deum</span> <span class='ocrx_word' id='word_1_132' title='bbox 897 1013 1026 1045; x_wconf 78' lang='lat' dir='ltr'>erectio</span> <span class='ocrx_word' id='word_1_133' title='bbox 1050 1015 1084 1046; x_wconf 92' lang='lat' dir='ltr'>et</span> <span class='ocrx_word' id='word_1_134' title='bbox 1109 1022 1126 1046; x_wconf 92' lang='lat' dir='ltr'>e</span> <span class='ocrx_word' id='word_1_135' title='bbox 1152 1014 1274 1045; x_wconf 85' lang='lat' dir='ltr'>contra</span> <span class='ocrx_word' id='word_1_136' title='bbox 1299 1012 1333 1044; x_wconf 89' lang='lat' dir='ltr'>in</span> <span class='ocrx_word' id='word_1_137' title='bbox 1361 1009 1469 1044; x_wconf 77' lang='lat' dir='ltr'>Paule</span> 
     </span>
     <span class='ocr_line' id='line_1_15' title="bbox 81 1075 1468 1122; baseline -0.002 -10"><span class='ocrx_word' id='word_1_138' title='bbox 81 1076 126 1112; x_wconf 80' lang='lat' dir='ltr'>ad</span> <span class='ocrx_word' id='word_1_139' title='bbox 148 1081 277 1112; x_wconf 86' lang='lat' dir='ltr'>terram</span> <span class='ocrx_word' id='word_1_140' title='bbox 302 1078 514 1122; x_wconf 71' lang='lat' dir='ltr'>prostratio,</span> <span class='ocrx_word' id='word_1_141' title='bbox 542 1078 671 1121; x_wconf 87' lang='lat' dir='ltr'>inipso</span> <span class='ocrx_word' id='word_1_142' title='bbox 697 1077 872 1111; x_wconf 86' lang='lat' dir='ltr'>oculorum</span> <span class='ocrx_word' id='word_1_143' title='bbox 898 1078 1035 1122; x_wconf 84' lang='lat' dir='ltr'>apertio</span> <span class='ocrx_word' id='word_1_144' title='bbox 1061 1081 1094 1112; x_wconf 93' lang='lat' dir='ltr'>et</span> <span class='ocrx_word' id='word_1_145' title='bbox 1117 1087 1135 1112; x_wconf 91' lang='lat' dir='ltr'>e</span> <span class='ocrx_word' id='word_1_146' title='bbox 1159 1080 1281 1111; x_wconf 75' lang='lat' dir='ltr'>contra</span> <span class='ocrx_word' id='word_1_147' title='bbox 1306 1078 1339 1110; x_wconf 93' lang='lat' dir='ltr'>in</span> <span class='ocrx_word' id='word_1_148' title='bbox 1361 1075 1468 1110; x_wconf 83' lang='lat' dir='ltr'>Paule</span> 
     </span>
     <span class='ocr_line' id='line_1_16' title="bbox 80 1142 1464 1188; baseline -0.001 -10"><span class='ocrx_word' id='word_1_149' title='bbox 80 1143 256 1178; x_wconf 76' lang='lat' dir='ltr'>oculorum</span> <span class='ocrx_word' id='word_1_150' title='bbox 283 1142 508 1186; x_wconf 77' lang='lat' dir='ltr'>obcaecatio,</span> <span class='ocrx_word' id='word_1_151' title='bbox 558 1144 593 1177; x_wconf 89' lang='lat' dir='ltr'>in</span> <span class='ocrx_word' id='word_1_152' title='bbox 618 1144 696 1188; x_wconf 86' lang='lat' dir='ltr'>ipso</span> <span class='ocrx_word' id='word_1_153' title='bbox 722 1144 811 1178; x_wconf 92' lang='lat' dir='ltr'>enim</span> <span class='ocrx_word' id='word_1_154' title='bbox 839 1142 902 1177; x_wconf 84' lang='lat' dir='ltr'>snit</span> <span class='ocrx_word' id='word_1_155' title='bbox 927 1143 1147 1178; x_wconf 85' lang='lat' dir='ltr'>manducatio</span> <span class='ocrx_word' id='word_1_156' title='bbox 1172 1142 1238 1177; x_wconf 85' lang='lat' dir='ltr'>cibi</span> <span class='ocrx_word' id='word_1_157' title='bbox 1267 1143 1361 1178; x_wconf 80' lang='lat' dir='ltr'>vetiti</span> <span class='ocrx_word' id='word_1_158' title='bbox 1388 1145 1419 1177; x_wconf 89' lang='lat' dir='ltr'>et</span> <span class='ocrx_word' id='word_1_159' title='bbox 1448 1154 1464 1176; x_wconf 86' lang='lat' dir='ltr'>e</span> 
     </span>
     <span class='ocr_line' id='line_1_17' title="bbox 78 1208 843 1246; baseline 0.001 -3"><span class='ocrx_word' id='word_1_160' title='bbox 78 1211 200 1244; x_wconf 74' lang='lat' dir='ltr'>contra</span> <span class='ocrx_word' id='word_1_161' title='bbox 225 1210 259 1243; x_wconf 90' lang='lat' dir='ltr'>in</span> <span class='ocrx_word' id='word_1_162' title='bbox 284 1208 393 1245; x_wconf 90' lang='lat' dir='ltr'>Paulo</span> <span class='ocrx_word' id='word_1_163' title='bbox 419 1208 629 1246; x_wconf 82' lang='lat' dir='ltr'>abstinentia</span> <span class='ocrx_word' id='word_1_164' title='bbox 653 1208 722 1243; x_wconf 88' lang='lat' dir='ltr'>cibi</span> <span class='ocrx_word' id='word_1_165' title='bbox 747 1208 843 1244; x_wconf 76' lang='lat' dir='ltr'>liciti.</span> 
     </span>
    </p>
   </div>
   <div class='ocr_carea' id='block_1_3' title="bbox 572 1525 976 1588">
    <p class='ocr_par' dir='ltr' id='par_1_3' title="bbox 572 1525 976 1588">
     <span class='ocr_line' id='line_1_18' title="bbox 572 1525 976 1588; baseline 0.005 -2"><span class='ocrx_word' id='word_1_166' title='bbox 572 1525 698 1587; x_wconf 75' lang='lat' dir='ltr'><strong>GAP.</strong></span> <span class='ocrx_word' id='word_1_167' title='bbox 745 1525 900 1588; x_wconf 83' lang='lat' dir='ltr'>XXIX.</span> <span class='ocrx_word' id='word_1_168' title='bbox 933 1529 976 1588; x_wconf 88' lang='lat'>¹)</span> 
     </span>
    </p>
   </div>
   <div class='ocr_carea' id='block_1_4' title="bbox 469 1625 1073 1672">
    <p class='ocr_par' dir='ltr' id='par_1_4' title="bbox 469 1625 1073 1672">
     <span class='ocr_line' id='line_1_19' title="bbox 469 1625 1073 1672; baseline 0 0"><span class='ocrx_word' id='word_1_169' title='bbox 469 1627 567 1672; x_wconf 79' lang='lat' dir='ltr'>De</span> <span class='ocrx_word' id='word_1_170' title='bbox 599 1627 821 1672; x_wconf 83' lang='lat' dir='ltr'>saneta</span> <span class='ocrx_word' id='word_1_171' title='bbox 850 1625 1073 1672; x_wconf 83' lang='lat' dir='ltr'>Paula.</span> 
     </span>
    </p>
   </div>
   <div class='ocr_carea' id='block_1_5' title="bbox 81 1734 1505 2636">
    <p class='ocr_par' dir='ltr' id='par_1_5' title="bbox 81 1734 1505 2636">
     <span class='ocr_line' id='line_1_20' title="bbox 170 1734 1462 1781; baseline -0.004 -8"><span class='ocrx_word' id='word_1_172' title='bbox 170 1739 209 1773; x_wconf 89' lang='lat'>1.</span> <span class='ocrx_word' id='word_1_173' title='bbox 234 1734 345 1770; x_wconf 86' lang='lat' dir='ltr'>Paula</span> <span class='ocrx_word' id='word_1_174' title='bbox 370 1734 434 1769; x_wconf 84' lang='lat' dir='ltr'>snit</span> <span class='ocrx_word' id='word_1_175' title='bbox 458 1734 676 1770; x_wconf 88' lang='lat' dir='ltr'>nobilissima</span> <span class='ocrx_word' id='word_1_176' title='bbox 698 1739 858 1771; x_wconf 84' lang='lat' dir='ltr'>matrona</span> <span class='ocrx_word' id='word_1_177' title='bbox 872 1736 1115 1778; x_wconf 86' lang='lat' dir='ltr'>Romanorum,</span> <span class='ocrx_word' id='word_1_178' title='bbox 1140 1737 1238 1781; x_wconf 84' lang='lat' dir='ltr'>cujus</span> <span class='ocrx_word' id='word_1_179' title='bbox 1263 1737 1365 1771; x_wconf 76' lang='lat' dir='ltr'>vitam</span> <span class='ocrx_word' id='word_1_180' title='bbox 1386 1734 1462 1769; x_wconf 67' lang='lat' dir='ltr'>bea</span> 
     </span>
     <span class='ocr_line' id='line_1_21' title="bbox 81 1801 1470 1847; baseline -0.002 -10"><span class='ocrx_word' id='word_1_181' title='bbox 81 1806 136 1837; x_wconf 90' lang='lat' dir='ltr'>tus</span> <span class='ocrx_word' id='word_1_182' title='bbox 163 1802 388 1847; x_wconf 83' lang='lat' dir='ltr'>Hieronymus</span> <span class='ocrx_word' id='word_1_183' title='bbox 415 1802 610 1846; x_wconf 85' lang='lat' dir='ltr'>composuit</span> <span class='ocrx_word' id='word_1_184' title='bbox 634 1803 668 1835; x_wconf 93' lang='lat' dir='ltr'>in</span> <span class='ocrx_word' id='word_1_185' title='bbox 692 1801 778 1837; x_wconf 86' lang='lat' dir='ltr'>haee</span> <span class='ocrx_word' id='word_1_186' title='bbox 812 1802 939 1837; x_wconf 75' lang='lat' dir='ltr'>verba:</span> <span class='ocrx_word' id='word_1_187' title='bbox 991 1803 1019 1836; x_wconf 90' lang='lat' dir='ltr'>si</span> <span class='ocrx_word' id='word_1_188' title='bbox 1054 1806 1177 1836; x_wconf 54' lang='lat' dir='ltr'>(uincta</span> <span class='ocrx_word' id='word_1_189' title='bbox 1211 1803 1370 1847; x_wconf 73' lang='lat' dir='ltr'>corporis</span> <span class='ocrx_word' id='word_1_190' title='bbox 1404 1803 1470 1835; x_wconf 88' lang='lat' dir='ltr'>mei</span> 
     </span>
     <span class='ocr_line' id='line_1_22' title="bbox 81 1867 1470 1914; baseline -0.001 -12"><span class='ocrx_word' id='word_1_191' title='bbox 81 1867 234 1903; x_wconf 87' lang='lat' dir='ltr'>membra</span> <span class='ocrx_word' id='word_1_192' title='bbox 269 1870 488 1903; x_wconf 82' lang='lat' dir='ltr'>verterentur</span> <span class='ocrx_word' id='word_1_193' title='bbox 523 1868 557 1900; x_wconf 88' lang='lat' dir='ltr'>in</span> <span class='ocrx_word' id='word_1_194' title='bbox 588 1867 728 1914; x_wconf 80' lang='lat' dir='ltr'>linguas</span> <span class='ocrx_word' id='word_1_195' title='bbox 764 1872 798 1903; x_wconf 90' lang='lat' dir='ltr'>et</span> <span class='ocrx_word' id='word_1_196' title='bbox 823 1879 940 1903; x_wconf 87' lang='lat' dir='ltr'>omnes</span> <span class='ocrx_word' id='word_1_197' title='bbox 966 1872 1061 1903; x_wconf 86' lang='lat' dir='ltr'>artes</span> <span class='ocrx_word' id='word_1_198' title='bbox 1086 1868 1236 1902; x_wconf 84' lang='lat' dir='ltr'>humana</span> <span class='ocrx_word' id='word_1_199' title='bbox 1261 1878 1345 1903; x_wconf 83' lang='lat' dir='ltr'>voce</span> <span class='ocrx_word' id='word_1_200' title='bbox 1371 1878 1470 1902; x_wconf 86' lang='lat' dir='ltr'>reso-</span> 
     </span>
     <span class='ocr_line' id='line_1_23' title="bbox 82 1932 1468 1979; baseline -0.001 -11"><span class='ocrx_word' id='word_1_201' title='bbox 82 1937 228 1976; x_wconf 84' lang='lat' dir='ltr'>narent,</span> <span class='ocrx_word' id='word_1_202' title='bbox 255 1932 340 1968; x_wconf 89' lang='lat' dir='ltr'>nihil</span> <span class='ocrx_word' id='word_1_203' title='bbox 365 1933 505 1979; x_wconf 90' lang='lat' dir='ltr'>dignum</span> <span class='ocrx_word' id='word_1_204' title='bbox 533 1937 677 1968; x_wconf 82' lang='lat' dir='ltr'>sanctae</span> <span class='ocrx_word' id='word_1_205' title='bbox 701 1943 742 1968; x_wconf 88' lang='lat' dir='ltr'>ac</span> <span class='ocrx_word' id='word_1_206' title='bbox 768 1933 978 1969; x_wconf 82' lang='lat' dir='ltr'>venerabilis</span> <span class='ocrx_word' id='word_1_207' title='bbox 1007 1934 1138 1969; x_wconf 84' lang='lat' dir='ltr'>Paulae</span> <span class='ocrx_word' id='word_1_208' title='bbox 1164 1933 1349 1968; x_wconf 86' lang='lat' dir='ltr'>virtutibus</span> <span class='ocrx_word' id='word_1_209' title='bbox 1374 1932 1468 1967; x_wconf 84' lang='lat' dir='ltr'>dice-</span> 
     </span>
     <span class='ocr_line' id='line_1_24' title="bbox 82 1998 1467 2045; baseline -0.001 -12"><span class='ocrx_word' id='word_1_210' title='bbox 82 2009 164 2034; x_wconf 85' lang='lat' dir='ltr'>rem.</span> <span class='ocrx_word' id='word_1_211' title='bbox 213 1998 349 2033; x_wconf 88' lang='lat' dir='ltr'>Nobilis</span> <span class='ocrx_word' id='word_1_212' title='bbox 374 2008 524 2044; x_wconf 78' lang='lat' dir='ltr'>genere,</span> <span class='ocrx_word' id='word_1_213' title='bbox 560 1998 621 2033; x_wconf 90' lang='lat' dir='ltr'>sed</span> <span class='ocrx_word' id='word_1_214' title='bbox 647 1999 754 2034; x_wconf 89' lang='lat' dir='ltr'>multo</span> <span class='ocrx_word' id='word_1_215' title='bbox 779 1999 933 2034; x_wconf 85' lang='lat' dir='ltr'>nobilior</span> <span class='ocrx_word' id='word_1_216' title='bbox 958 2002 1166 2043; x_wconf 82' lang='lat' dir='ltr'>sanctitate,</span> <span class='ocrx_word' id='word_1_217' title='bbox 1206 2004 1330 2045; x_wconf 82' lang='lat' dir='ltr'>petens</span> <span class='ocrx_word' id='word_1_218' title='bbox 1357 2009 1467 2044; x_wconf 85' lang='lat' dir='ltr'>quon-</span> 
     </span>
     <span class='ocr_line' id='line_1_25' title="bbox 83 2063 1467 2112; baseline -0.001 -13"><span class='ocrx_word' id='word_1_219' title='bbox 83 2064 162 2099; x_wconf 86' lang='lat' dir='ltr'>dam</span> <span class='ocrx_word' id='word_1_220' title='bbox 188 2064 333 2107; x_wconf 77' lang='lat' dir='ltr'>divitiis,</span> <span class='ocrx_word' id='word_1_221' title='bbox 361 2063 423 2099; x_wconf 88' lang='lat' dir='ltr'>sed</span> <span class='ocrx_word' id='word_1_222' title='bbox 448 2074 536 2098; x_wconf 86' lang='lat' dir='ltr'>nuuc</span> <span class='ocrx_word' id='word_1_223' title='bbox 564 2063 693 2099; x_wconf 82' lang='lat' dir='ltr'>Christi</span> <span class='ocrx_word' id='word_1_224' title='bbox 717 2069 925 2110; x_wconf 85' lang='lat' dir='ltr'>paupertate</span> <span class='ocrx_word' id='word_1_225' title='bbox 949 2068 1134 2112; x_wconf 85' lang='lat' dir='ltr'>insignior,</span> <span class='ocrx_word' id='word_1_226' title='bbox 1160 2070 1271 2101; x_wconf 87' lang='lat' dir='ltr'>testor</span> <span class='ocrx_word' id='word_1_227' title='bbox 1295 2070 1329 2099; x_wconf 88' lang='lat' dir='ltr'>et</span> <span class='ocrx_word' id='word_1_228' title='bbox 1349 2065 1467 2100; x_wconf 70' lang='lat' dir='ltr'>,lesum</span> 
     </span>
     <span class='ocr_line' id='line_1_26' title="bbox 82 2130 1467 2178; baseline -0.002 -12"><span class='ocrx_word' id='word_1_229' title='bbox 82 2134 116 2167; x_wconf 89' lang='lat' dir='ltr'>ct</span> <span class='ocrx_word' id='word_1_230' title='bbox 139 2134 277 2166; x_wconf 85' lang='lat' dir='ltr'>sanctos</span> <span class='ocrx_word' id='word_1_231' title='bbox 303 2130 449 2177; x_wconf 85' lang='lat' dir='ltr'>angelos</span> <span class='ocrx_word' id='word_1_232' title='bbox 475 2132 551 2175; x_wconf 82' lang='lat' dir='ltr'>eJus</span> <span class='ocrx_word' id='word_1_233' title='bbox 576 2131 759 2176; x_wconf 83' lang='lat' dir='ltr'>ipsumque</span> <span class='ocrx_word' id='word_1_234' title='bbox 785 2132 962 2176; x_wconf 87' lang='lat' dir='ltr'>proprium</span> <span class='ocrx_word' id='word_1_235' title='bbox 982 2132 1142 2178; x_wconf 83' lang='lat' dir='ltr'>angelum</span> <span class='ocrx_word' id='word_1_236' title='bbox 1161 2133 1251 2177; x_wconf 79' lang='lat' dir='ltr'>eJus,</span> <span class='ocrx_word' id='word_1_237' title='bbox 1275 2132 1334 2177; x_wconf 85' lang='lat' dir='ltr'>qui</span> <span class='ocrx_word' id='word_1_238' title='bbox 1349 2133 1467 2164; x_wconf 85' lang='lat' dir='ltr'>eustos</span> 
     </span>
     <span class='ocr_line' id='line_1_27' title="bbox 81 2196 1466 2244; baseline -0.001 -12"><span class='ocrx_word' id='word_1_239' title='bbox 81 2197 146 2232; x_wconf 79' lang='lat' dir='ltr'>fuit</span> <span class='ocrx_word' id='word_1_240' title='bbox 168 2200 203 2233; x_wconf 89' lang='lat' dir='ltr'>et</span> <span class='ocrx_word' id='word_1_241' title='bbox 225 2207 340 2232; x_wconf 81' lang='lat' dir='ltr'>comes</span> <span class='ocrx_word' id='word_1_242' title='bbox 366 2196 583 2231; x_wconf 85' lang='lat' dir='ltr'>admirabilis</span> <span class='ocrx_word' id='word_1_243' title='bbox 612 2196 782 2240; x_wconf 77' lang='lat' dir='ltr'>feminae,</span> <span class='ocrx_word' id='word_1_244' title='bbox 827 2208 880 2232; x_wconf 91' lang='lat' dir='ltr'>me</span> <span class='ocrx_word' id='word_1_245' title='bbox 904 2197 989 2232; x_wconf 87' lang='lat' dir='ltr'>nihil</span> <span class='ocrx_word' id='word_1_246' title='bbox 1012 2199 1046 2231; x_wconf 92' lang='lat' dir='ltr'>in</span> <span class='ocrx_word' id='word_1_247' title='bbox 1072 2199 1242 2244; x_wconf 77' lang='lat' dir='ltr'>gratiam,</span> <span class='ocrx_word' id='word_1_248' title='bbox 1277 2197 1326 2232; x_wconf 90' lang='lat' dir='ltr'>nil</span> <span class='ocrx_word' id='word_1_249' title='bbox 1351 2196 1466 2231; x_wconf 85' lang='lat' dir='ltr'>dicere</span> 
     </span>
     <span class='ocr_line' id='line_1_28' title="bbox 81 2261 1466 2309; baseline -0.001 -14"><span class='ocrx_word' id='word_1_250' title='bbox 81 2272 176 2296; x_wconf 89' lang='lat' dir='ltr'>more</span> <span class='ocrx_word' id='word_1_251' title='bbox 199 2261 434 2306; x_wconf 84' lang='lat' dir='ltr'>laudantium,</span> <span class='ocrx_word' id='word_1_252' title='bbox 482 2263 615 2298; x_wconf 81' lang='lat' dir='ltr'>scilieet</span> <span class='ocrx_word' id='word_1_253' title='bbox 647 2263 739 2309; x_wconf 89' lang='lat' dir='ltr'>qnod</span> <span class='ocrx_word' id='word_1_254' title='bbox 765 2262 918 2298; x_wconf 86' lang='lat' dir='ltr'>dicturus</span> <span class='ocrx_word' id='word_1_255' title='bbox 945 2275 1019 2299; x_wconf 92' lang='lat' dir='ltr'>sum</span> <span class='ocrx_word' id='word_1_256' title='bbox 1044 2275 1107 2309; x_wconf 88' lang='lat' dir='ltr'>pro</span> <span class='ocrx_word' id='word_1_257' title='bbox 1132 2264 1330 2299; x_wconf 85' lang='lat' dir='ltr'>testimonio</span> <span class='ocrx_word' id='word_1_258' title='bbox 1355 2263 1466 2296; x_wconf 84' lang='lat' dir='ltr'>minus</span> 
     </span>
     <span class='ocr_line' id='line_1_29' title="bbox 81 2328 1464 2375; baseline -0.003 -13"><span class='ocrx_word' id='word_1_259' title='bbox 81 2329 158 2372; x_wconf 87' lang='lat' dir='ltr'>ejus</span> <span class='ocrx_word' id='word_1_260' title='bbox 184 2337 262 2362; x_wconf 87' lang='lat' dir='ltr'>esse</span> <span class='ocrx_word' id='word_1_261' title='bbox 288 2329 431 2363; x_wconf 75' lang='lat' dir='ltr'>meritis,</span> <span class='ocrx_word' id='word_1_262' title='bbox 490 2328 573 2364; x_wconf 82' lang='lat' dir='ltr'>Vult</span> <span class='ocrx_word' id='word_1_263' title='bbox 596 2329 707 2364; x_wconf 82' lang='lat' dir='ltr'>lector</span> <span class='ocrx_word' id='word_1_264' title='bbox 732 2329 886 2365; x_wconf 78' lang='lat' dir='ltr'>breviter</span> <span class='ocrx_word' id='word_1_265' title='bbox 914 2331 990 2375; x_wconf 82' lang='lat' dir='ltr'>ejus</span> <span class='ocrx_word' id='word_1_266' title='bbox 1015 2332 1106 2365; x_wconf 81' lang='lat' dir='ltr'>seire</span> <span class='ocrx_word' id='word_1_267' title='bbox 1133 2332 1298 2371; x_wconf 75' lang='lat' dir='ltr'>virtutes,</span> <span class='ocrx_word' id='word_1_268' title='bbox 1346 2336 1464 2360; x_wconf 72' lang='lat' dir='ltr'>omnes</span> 
     </span>
     <span class='ocr_line' id='line_1_30' title="bbox 81 2391 1505 2440; baseline -0.001 -13"><span class='ocrx_word' id='word_1_269' title='bbox 81 2402 165 2427; x_wconf 89' lang='lat' dir='ltr'>suos</span> <span class='ocrx_word' id='word_1_270' title='bbox 187 2401 362 2437; x_wconf 84' lang='lat' dir='ltr'>pauperes</span> <span class='ocrx_word' id='word_1_271' title='bbox 395 2396 586 2438; x_wconf 86' lang='lat' dir='ltr'>pauperior</span> <span class='ocrx_word' id='word_1_272' title='bbox 604 2396 689 2440; x_wconf 13' lang='lat' dir='ltr'>&#39;ipsa</span> <span class='ocrx_word' id='word_1_273' title='bbox 716 2394 845 2429; x_wconf 90' lang='lat' dir='ltr'>dimisit</span> <span class='ocrx_word' id='word_1_274' title='bbox 872 2401 907 2430; x_wconf 86' lang='lat' dir='ltr'>et</span> <span class='ocrx_word' id='word_1_275' title='bbox 931 2397 1020 2429; x_wconf 81' lang='lat' dir='ltr'>sieut</span> <span class='ocrx_word' id='word_1_276' title='bbox 1046 2398 1136 2430; x_wconf 89' lang='lat' dir='ltr'>inter</span> <span class='ocrx_word' id='word_1_277' title='bbox 1160 2394 1284 2428; x_wconf 86' lang='lat' dir='ltr'>multas</span> <span class='ocrx_word' id='word_1_278' title='bbox 1310 2401 1464 2438; x_wconf 82' lang='lat' dir='ltr'>gemmas</span> <span class='ocrx_word' id='word_1_279' title='bbox 1503 2391 1505 2393; x_wconf 82' lang='grc'><strong>’</strong></span> 
     </span>
     <span class='ocr_line' id='line_1_31' title="bbox 81 2457 1464 2505; baseline -0.001 -13"><span class='ocrx_word' id='word_1_280' title='bbox 81 2458 336 2503; x_wconf 79' lang='lat' dir='ltr'>pretiosissima</span> <span class='ocrx_word' id='word_1_281' title='bbox 371 2468 509 2503; x_wconf 87' lang='lat' dir='ltr'>gemma</span> <span class='ocrx_word' id='word_1_282' title='bbox 541 2461 645 2494; x_wconf 83' lang='lat' dir='ltr'>micat</span> <span class='ocrx_word' id='word_1_283' title='bbox 677 2463 711 2495; x_wconf 89' lang='lat' dir='ltr'>et</span> <span class='ocrx_word' id='word_1_284' title='bbox 743 2461 833 2494; x_wconf 88' lang='lat' dir='ltr'>sieut</span> <span class='ocrx_word' id='word_1_285' title='bbox 867 2459 976 2505; x_wconf 85' lang='lat' dir='ltr'>jubar</span> <span class='ocrx_word' id='word_1_286' title='bbox 1008 2460 1094 2494; x_wconf 88' lang='lat' dir='ltr'>solis</span> <span class='ocrx_word' id='word_1_287' title='bbox 1129 2469 1259 2505; x_wconf 83' lang='lat' dir='ltr'>parvos</span> <span class='ocrx_word' id='word_1_288' title='bbox 1292 2457 1464 2504; x_wconf 82' lang='lat' dir='ltr'>igniculos</span> 
     </span>
     <span class='ocr_line' id='line_1_32' title="bbox 82 2523 1463 2568; baseline 0 -10"><span class='ocrx_word' id='word_1_289' title='bbox 82 2523 261 2559; x_wconf 86' lang='lat' dir='ltr'>stellarum</span> <span class='ocrx_word' id='word_1_290' title='bbox 286 2523 402 2558; x_wconf 89' lang='lat' dir='ltr'>obruit</span> <span class='ocrx_word' id='word_1_291' title='bbox 427 2526 462 2558; x_wconf 90' lang='lat' dir='ltr'>et</span> <span class='ocrx_word' id='word_1_292' title='bbox 487 2523 672 2568; x_wconf 82' lang='lat' dir='ltr'>obscurat,</span> <span class='ocrx_word' id='word_1_293' title='bbox 706 2526 757 2559; x_wconf 84' lang='lat' dir='ltr'>ita</span> <span class='ocrx_word' id='word_1_294' title='bbox 780 2528 979 2559; x_wconf 80' lang='lat' dir='ltr'>cunctorum</span> <span class='ocrx_word' id='word_1_295' title='bbox 1010 2526 1156 2560; x_wconf 75' lang='lat' dir='ltr'>virtutes</span> <span class='ocrx_word' id='word_1_296' title='bbox 1182 2535 1246 2559; x_wconf 85' lang='lat' dir='ltr'>sua</span> <span class='ocrx_word' id='word_1_297' title='bbox 1271 2524 1463 2559; x_wconf 76' lang='lat' dir='ltr'>bumilitate</span> 
     </span>
     <span class='ocr_line' id='line_1_33' title="bbox 81 2588 1461 2636; baseline 0.001 -13"><span class='ocrx_word' id='word_1_298' title='bbox 81 2591 259 2634; x_wconf 85' lang='lat' dir='ltr'>superavit</span> <span class='ocrx_word' id='word_1_299' title='bbox 285 2590 492 2635; x_wconf 81' lang='lat' dir='ltr'>minimaque</span> <span class='ocrx_word' id='word_1_300' title='bbox 521 2589 586 2624; x_wconf 83' lang='lat' dir='ltr'>suit</span> <span class='ocrx_word' id='word_1_301' title='bbox 608 2590 697 2625; x_wconf 86' lang='lat' dir='ltr'>inter</span> <span class='ocrx_word' id='word_1_302' title='bbox 722 2600 862 2631; x_wconf 83' lang='lat' dir='ltr'>omnes,</span> <span class='ocrx_word' id='word_1_303' title='bbox 892 2593 925 2624; x_wconf 87' lang='lat' dir='ltr'>ut</span> <span class='ocrx_word' id='word_1_304' title='bbox 949 2592 1094 2625; x_wconf 86' lang='lat' dir='ltr'>omnium</span> <span class='ocrx_word' id='word_1_305' title='bbox 1122 2592 1233 2636; x_wconf 76' lang='lat' dir='ltr'>major</span> <span class='ocrx_word' id='word_1_306' title='bbox 1259 2595 1361 2626; x_wconf 72' lang='lat' dir='ltr'>esset,</span> <span class='ocrx_word' id='word_1_307' title='bbox 1420 2588 1461 2624; x_wconf 70' lang='lat' dir='ltr'>lit</span> 
     </span>
    </p>
   </div>
   <div class='ocr_carea' id='block_1_6' title="bbox 148 2734 1041 2771">
    <p class='ocr_par' dir='ltr' id='par_1_6' title="bbox 148 2734 1041 2771">
     <span class='ocr_line' id='line_1_34' title="bbox 148 2734 1041 2771; baseline 0 -10"><span class='ocrx_word' id='word_1_308' title='bbox 148 2734 175 2767; x_wconf 80' lang='lat'>1)</span> <span class='ocrx_word' id='word_1_309' title='bbox 196 2737 305 2762; x_wconf 82' lang='lat' dir='ltr'>Totum</span> <span class='ocrx_word' id='word_1_310' title='bbox 324 2735 380 2762; x_wconf 83' lang='lat' dir='ltr'>boc</span> <span class='ocrx_word' id='word_1_311' title='bbox 401 2741 488 2771; x_wconf 75' lang='lat' dir='ltr'>caput</span> <span class='ocrx_word' id='word_1_312' title='bbox 510 2735 590 2763; x_wconf 60' lang='lat' dir='ltr'>dees·</span> <span class='ocrx_word' id='word_1_313' title='bbox 614 2736 640 2762; x_wconf 80' lang='lat' dir='ltr'>in</span> <span class='ocrx_word' id='word_1_314' title='bbox 662 2735 713 2762; x_wconf 67' lang='lat' dir='ltr'>hl.</span> <span class='ocrx_word' id='word_1_315' title='bbox 735 2735 827 2761; x_wconf 70' lang='lat' dir='ltr'>l&#39;riw.</span> <span class='ocrx_word' id='word_1_316' title='bbox 849 2736 953 2763; x_wconf 51' lang='lat' dir='ltr'>llimd.</span> <span class='ocrx_word' id='word_1_317' title='bbox 974 2738 1041 2763; x_wconf 67' lang='lat'><em>147¹}</em></span> 
     </span>
    </p>
   </div>
  </div>
 </body>
</html>
