1742 3005
400 57 496 106 Cap.
527 55 700 92 XXXlll.
760 56 818 92 De
850 54 1179 105 quinquagesima.
1402 57 1478 94 149

92 174 154 199 sex
178 162 353 205 misteria,
391 172 454 206 per
479 171 568 207 quae
592 160 694 196 homo
722 159 873 195 decimus
896 164 949 195 est
977 159 1171 202 redemtus,
1209 170 1297 205 quae
1320 165 1400 195 sunt
1426 164 1476 196 in-

91 229 267 271 carnatio,
293 229 477 270 nativitas,
506 228 647 272 passio,
682 226 864 261 descensio
889 224 934 260 ad
959 225 1115 268 inferos,
1149 226 1359 260 resurrectio
1383 231 1417 261 et
1443 229 1475 261 in

90 293 221 328 coelum
256 294 437 336 ascensio,
482 296 516 328 et
548 291 766 337 protenditur
790 292 1012 337 sexagesima
1036 301 1145 335 usque
1172 289 1216 324 ad
1242 294 1400 336 quartam
1426 292 1476 327 fe-

91 360 176 393 riam
211 363 292 404 post
325 358 475 404 paseha,
526 360 560 392 in
595 367 663 403 qua
696 360 873 391 cantatur:
923 357 1037 390 venite
1061 354 1235 389 benedicti
1258 358 1370 400 patris
1396 359 1473 394 mei,

91 425 174 468 quia
199 424 270 466 illi,
298 426 354 469 qui
381 425 413 458 in
440 423 604 469 operibus
629 421 889 456 misericordiae
913 431 951 455 se
978 423 1160 462 exercent,
1197 421 1339 455 audient
1362 422 1474 456 istud:

93 491 205 524 ienite
228 489 401 524 benedicti
428 490 485 533 (ut
507 490 583 532 ipse
607 486 765 521 Christus
789 486 978 530 testatur),
1006 484 1064 519 ubi
1088 489 1168 518 tunc
1193 495 1345 529 sponsae
1366 488 1476 531 Janua

90 556 267 600 aperietur
290 559 324 589 et
349 554 509 599 amplexu
536 553 656 597 sponsi
680 551 823 586 fruetur.
892 550 929 585 In
956 550 1108 595 epistola
1132 550 1231 585 Pauli
1256 550 1472 591 admonetur.

90 624 126 654 ut
149 623 260 655 instar
290 619 390 654 Pauli
421 618 678 652 tribulationem
713 616 755 652 de
787 616 949 651 absentia
976 616 1095 660 sponsi
1123 617 1297 659 patienter
1319 616 1472 654 tolleret,

89 687 122 719 in
142 684 341 730 evangelio,
366 687 403 718 ut
421 684 640 718 seminationi
660 681 828 717 bonorum
849 692 990 727 operum
1010 682 1309 726 semper-insistat,
1336 685 1369 715 et
1383 692 1470 726 quae

87 751 188 796 quasi
215 749 407 794 desperans
431 748 661 783 clamaverat:
693 748 991 783 circumdederunt
1019 758 1070 781 me
1098 753 1183 788 etta,
1219 756 1307 780 nunc
1333 757 1472 791 quoque

86 815 130 850 ad
154 826 192 851 se
215 815 354 850 rediens
382 816 470 860 petit
500 815 534 848 in
559 814 673 848 officio
700 816 735 848 in
760 813 1042 848 trilmlationihus
1069 812 1231 858 adjuvari
1256 815 1290 846 et
1315 811 1359 845 ab
1385 813 1471 856 ipsis

85 883 175 926 eripi
203 880 339 916 dicens:
365 890 516 925 exsurge
542 879 678 914 domine
704 884 768 914 etc.
798 884 831 914 et
855 880 953 924 ponit
977 878 1026 911 ibi
1047 878 1174 922 triplex
1188 887 1349 923 exsurge¹
1387 877 1469 917 Qui>

86 947 163 981 dam
187 947 275 981 enim
303 949 383 980 sunt
406 947 439 979 in
467 945 636 987 ecclesia,
687 946 746 990 qui
772 945 816 979 ab
850 944 1009 978 adversis
1042 946 1263 988 premuntur,
1314 942 1376 977 sed
1402 953 1476 975 non·

85 1012 312 1057 dejiciuntur;
338 1010 489 1056 quidam,
517 1012 575 1056 qui
599 1014 812 1056 premuntur,
839 1014 874 1045 et
897 1009 1128 1056 dejiciuntur,
1157 1008 1296 1054 quidam
1322 1010 1380 1053 qui
1407 1019 1468 1042 net⁴

81 1080 294 1123 premuntur,
321 1086 384 1111 nee
410 1076 631 1122 dejiciuntur,
657 1080 770 1111 tamen
797 1077 879 1121 quia
904 1076 1055 1110 adversa
1081 1086 1149 1109 non
1174 1074 1348 1114 tolerant,
1376 1075 1464 1117 peria

81 1142 193 1177 culum
217 1146 289 1185 est,
323 1152 365 1177 ne
390 1152 562 1187 prospera
588 1143 686 1187 ipsos
713 1142 887 1187 frangant.
962 1141 1096 1175 Clamat
1118 1150 1204 1185 ergo
1231 1138 1400 1179 ecelesia,
1432 1144 1465 1172 ut

82 1211 265 1253 exsurgat:
299 1212 463 1253 quantum
488 1208 531 1242 ad
558 1209 708 1252 primos,
737 1209 834 1252 ipsos
861 1206 1093 1240 confortando
1110 1234 1117 1248 ,
1144 1215 1218 1239 eum
1240 1204 1390 1238 dormire
1419 1206 1465 1238 ti>

82 1273 248 1316 deantur,
273 1275 369 1318 ipsos
395 1284 462 1307 non
485 1272 666 1317 eripiendo
691 1273 830 1315 clamat,
859 1276 895 1306 ut
922 1266 1111 1316 exsurgat,
1151 1273 1315 1314 quantum
1341 1269 1385 1303 ad
1411 1280 1463 1303 se-

81 1341 226 1383 cundos,
252 1342 350 1385 ipsos
372 1337 623 1380 convertendo,
648 1347 670 1371 a
697 1336 821 1382 quibus
851 1336 986 1381 videtur
1011 1336 1133 1370 faciem
1158 1336 1343 1377 avertisse,
1370 1336 1466 1379 ipsos

83 1404 335 1451 quadammodo
369 1403 571 1449 repellendo
604 1402 751 1444 clamat,
793 1406 829 1436 ut
854 1405 1042 1447 exsurgat;
1084 1406 1246 1447 quantum
1275 1400 1319 1435 ad
1344 1402 1465 1436 tertios

80 1474 112 1505 in
139 1472 319 1516 prosperis
343 1468 542 1515 adjuvando
566 1473 599 1503 et
624 1467 817 1503 liberando.

579 1786 704 1848 GAP.
760 1785 963 1853 xxxin.

418 1888 517 1932 De
560 1884 1121 1944 quinquagesima.

171 1994 467 2039 Quinquagesima
493 1994 596 2029 durat
619 2004 640 2029 a
665 1995 858 2037 dominica,
900 1997 934 2030 in
960 2006 1028 2042 qua
1054 1999 1234 2031 cantatur:
1283 1998 1359 2030 esto
1385 1995 1465 2029 milii

82 2062 115 2093 in
130 2060 237 2111 Deum
252 2062 482 2104 protectorem
497 2063 560 2094 ete.
580 2063 614 2095 et
631 2063 836 2095 terminatur
862 2063 895 2094 in
923 2064 1001 2107 ipso
1027 2061 1082 2096 die
1110 2060 1274 2106 paschae.
1306 2060 1467 2095 Instituta

81 2129 134 2160 est
157 2128 270 2159 autem
294 2128 438 2169 propter
461 2125 713 2170 suppletionem
741 2131 776 2161 et
800 2131 945 2172 propter
964 2128 1253 2173 significationem
1275 2130 1309 2160 et
1324 2129 1467 2170 propter

79 2191 445 2235 repraesentationem.
492 2189 642 2235 Propter
667 2192 940 2237 suppletionem,
990 2194 1153 2237 quoniam
1177 2202 1252 2226 eum
1279 2191 1466 2225 debeamus

83 2255 145 2288 XL
178 2254 300 2289 diebus
335 2256 498 2302 jejunare
532 2257 575 2291 ad
614 2257 873 2293 similitudinem
909 2257 1037 2292 Christi
1069 2261 1102 2292 et
1126 2268 1194 2291 non
1220 2260 1299 2292 sunt
1323 2256 1372 2289 ibi
1397 2256 1463 2289 nisi

82 2319 230 2355 XXXVI
256 2319 331 2354 dies
350 2322 583 2367 jejunabiles,
619 2324 703 2368 quia
730 2324 764 2357 in
790 2323 970 2357 dominicis
994 2334 1063 2357 non
1083 2324 1265 2367 jejunatur
1287 2319 1462 2367 generali-

81 2390 154 2428 ter,
186 2389 255 2419 tum
285 2390 428 2430 propter
445 2387 614 2422 laetitiam
632 2391 666 2422 et
682 2389 913 2422 reverentiam
932 2388 1218 2428 resurrectionis,
1253 2389 1323 2419 tum
1348 2394 1462 2419 exem-

81 2452 139 2497 plo
166 2450 308 2492 Christi,
336 2452 393 2495 qui
418 2453 495 2496 ipsa
519 2452 575 2487 die
598 2453 865 2487 resurrectionis
890 2452 944 2486 his
967 2451 1137 2493 comedit,
1165 2451 1298 2485 scilicet
1325 2449 1462 2495 quando

82 2518 225 2551 intravit
248 2516 292 2550 ad
319 2516 509 2561 discipulos
529 2518 648 2561 Januis
674 2509 803 2551 clausis
829 2520 864 2551 et
888 2516 936 2562 ibi
962 2516 1161 2551 obtulerunt
1185 2517 1214 2550 ei
1241 2519 1374 2561 partem
1390 2516 1462 2561 pis-

79 2584 128 2617 cis
147 2583 221 2617 assi
246 2588 280 2617 et
309 2582 421 2616 savum
447 2581 571 2623 mellis,
596 2586 629 2616 et
653 2583 773 2616 iterum
800 2592 873 2616 eum
899 2581 1079 2626 discipulis
1105 2581 1265 2616 euntibus
1288 2580 1463 2616 inEmaus

79 2647 261 2682 secundum
288 2647 466 2693 quosdam.
535 2646 616 2682 [deo
642 2658 704 2691 pro
733 2647 952 2693 suppletione
978 2646 1223 2682 dominicarum
1250 2647 1359 2682 additi
1385 2651 1463 2682 sunt
