1742 3005
222 82 267 113 Γ
333 85 431 136 Cap.
471 84 584 124 CLll.
641 87 701 125 De
730 93 861 125 sancta
892 88 1028 127 Thaisi
1057 90 1272 129 meretrice.
1411 91 1494 131 679

107 191 199 226 Deus
228 194 374 236 peccata
409 201 483 227 sua.
530 191 574 227 Et
607 195 752 228 narrata
783 202 892 228 causa
916 198 1058 230 sanctus
1090 195 1263 231 Antonius
1288 198 1495 232 convocatis

106 255 291 301 discipulis
324 258 397 292 suis
434 259 617 303 praecepit
649 259 713 301 iis,
749 261 787 292 ut
820 257 883 293 illa
909 263 1013 295 nocte
1043 261 1231 307 vigilantes
1265 263 1302 296 in
1333 263 1495 298 oratione

103 321 354 366 persisterent,
391 323 596 369 singillatim
628 324 766 369 utique,
800 327 972 368 quatenus
1007 325 1113 359 alicui
1148 336 1191 361 ex
1215 325 1270 361 his
1298 326 1495 364 declararet

101 386 195 422 Deus
227 396 389 432 causam,
425 399 489 434 pro
523 399 592 435 qua
627 389 740 424 abbas
771 388 955 424 Pafuntius
992 395 1146 426 venerat.
1196 391 1279 426 Cum
1305 393 1415 438 igitur
1438 394 1494 428 in-

100 457 283 488 cessanter
313 457 494 498 orassent,
540 454 651 489 abbas
684 454 814 489 Paulus
853 455 966 499 major
997 455 1191 499 discipulus
1227 455 1372 491 Antonii
1406 457 1494 493 vidit

101 517 218 552 subito
249 520 284 552 in
316 518 415 553 coelo
447 519 572 553 lectum
603 519 771 563 pretiosis
801 518 958 553 vestibus
984 523 1161 562 ornatum,
1194 531 1294 565 quem
1318 525 1391 556 tres
1421 524 1491 557 vir-

99 584 201 630 gines
235 583 332 618 clara
366 583 456 618 facie
489 582 748 618 custodiebant.
799 583 891 618 Tres
925 585 1017 620 istae
1042 585 1198 631 virgines
1224 584 1364 620 suerunt
1388 587 1491 621 timor

98 658 233 694 poenae
269 648 427 691 suturae,
462 657 552 693 quae
586 649 698 694 ipsam
732 649 869 683 amalo
896 651 1063 693 retraxit,
1096 650 1211 695 pudor
1243 651 1369 696 culpae
1394 661 1488 686 com-

95 714 248 756 missae,
281 723 370 759 quae
407 715 439 749 ei
471 715 605 749 veniam
634 717 848 759 promeruit,
884 725 982 750 amor
1009 716 1196 761 j11stitiae,
1235 717 1295 761 qni
1329 727 1404 752 eam
1439 717 1486 752 ad

94 788 246 824 superna
278 781 486 816 transvexit.
535 779 687 825 Cumque
724 779 853 815 Paulus
885 781 956 815 illis
1001 781 1154 824 diceret,
1196 783 1347 827 gratiam
1389 782 1485 818 illam

91 847 223 879 tantam
248 855 327 880 esse
354 845 517 888 Antonii,
546 856 613 880 vox
640 845 757 880 divina
782 846 986 891 respondit:
1022 856 1090 879 non
1117 851 1171 881 est
1198 848 1310 891 patris
1336 849 1387 881 tui
1411 848 1484 882 An-

91 911 198 953 tonii,
219 910 284 945 sed
310 910 492 945 Thaisidis
518 912 725 946 meretricis.
777 911 875 951 Quod
903 921 977 945 cum
1008 910 1120 945 abbas
1145 911 1275 946 Paulus
1300 922 1400 947 mane
1426 924 1481 948 re-

90 975 251 1019 tulisset,
284 977 428 1022 cognita
459 976 523 1011 Dei
556 975 734 1011 voluntate
768 975 880 1010 abbas
914 975 1096 1010 Pasunnus
1130 986 1204 1011 cum
1240 978 1371 1023 gaudio
1407 978 1480 1013 dis-

90 1042 197 1076 cessit
235 1045 268 1076 et
300 1052 381 1076 mox
413 1041 592 1086 profectus
628 1041 673 1075 ad
707 1043 955 1076 monasterium
989 1043 1115 1076 ostium
1144 1042 1254 1077 cellae
1281 1042 1478 1088 dissipavit.

88 1105 154 1140 Illa
190 1116 274 1141 vero
311 1105 484 1152 rogabat,
532 1109 569 1141 ut
610 1105 722 1140 adhuc
768 1110 924 1141 maneret
958 1107 1103 1142 inclusa.
1152 1107 1247 1142 Dixit
1278 1112 1392 1142 autem
1426 1109 1479 1143 ei:

87 1170 277 1217 egredere,
304 1173 467 1217 quoniam
490 1173 624 1206 remisit
648 1171 711 1206 tibi
739 1171 832 1206 Deus
854 1175 998 1216 peccata
1017 1176 1089 1207 tua.
1137 1171 1179 1206 Et
1197 1172 1257 1207 illa
1277 1173 1477 1218 respondit:

85 1240 198 1272 testor
220 1236 349 1281 Deum,
376 1239 471 1283 quia,
499 1248 541 1272 ex
568 1248 636 1283 quo
662 1237 728 1272 huc
753 1239 916 1284 ingressa
941 1248 1035 1280 sum,
1069 1248 1111 1272 ex
1140 1237 1297 1272 omnibus
1320 1240 1477 1282 peccafis

83 1301 155 1338 feci
189 1303 285 1338 velut
317 1304 489 1338 sarcInam
524 1307 558 1338 et
589 1305 695 1338 statui
721 1307 801 1338 ante
830 1303 952 1337 oculos
982 1314 1098 1345 meos,
1134 1307 1169 1338 et
1194 1304 1284 1337 sicut
1308 1314 1376 1338 non
1403 1303 1476 1339 dis-

86 1367 180 1403 cedit
204 1367 380 1403 anhelitus
404 1368 447 1404 de
472 1368 615 1402 naribus
641 1369 746 1411 meis,
780 1370 830 1402 sic
862 1380 930 1402 non
963 1368 1201 1404 discesserunt
1227 1373 1373 1413 peccata
1399 1379 1476 1404 mea

85 1433 130 1468 ab
164 1433 276 1468 oculis
311 1435 418 1476 meis,
453 1433 518 1468 sed
553 1432 677 1467 flebam
711 1443 850 1478 semper
881 1433 943 1468 illa
973 1434 1214 1470 considerans
1266 1434 1329 1469 Cui
1361 1434 1474 1469 abbas

84 1498 266 1533 Pal'untius
300 1498 408 1532 dixit:
440 1508 509 1532 non
541 1503 686 1544 propter
718 1500 967 1543 poenitentiam
1001 1503 1094 1533 tuam
1129 1501 1263 1535 remisit
1290 1500 1355 1534 tibi
1380 1500 1474 1535 Deus

84 1567 232 1608 peccata
263 1567 344 1607 tua,
391 1563 455 1598 sed
501 1565 583 1610 quia
624 1565 782 1599 timorem
817 1574 956 1609 semper
989 1563 1145 1598 habuisti
1182 1566 1217 1598 in
1252 1566 1382 1600 animo,
1429 1564 1474 1599 Et

85 1640 159 1665 cum
200 1629 282 1665 inde
327 1629 422 1664 illam
465 1629 667 1672 eduxisset,
708 1628 772 1664 XV
813 1628 888 1663 dies
933 1631 1134 1674 supervixit
1169 1634 1203 1664 et
1242 1632 1406 1675 pausavit
1438 1632 1472 1665 in

82 1705 183 1740 pace.
230 1694 350 1730 Abbas
384 1705 522 1741 quoque
555 1694 681 1730 Effrem
718 1694 822 1728 aliam
853 1697 1068 1730 meretricem
1103 1695 1208 1729 simili
1249 1706 1329 1730 vere
1367 1695 1471 1730 modo

83 1765 288 1797 convertere
308 1760 427 1796 voluit.
475 1760 562 1795 Nam
577 1771 651 1795 cum
672 1759 733 1794 illa
751 1761 914 1795 meretrix
932 1764 1086 1795 sanctum
1106 1760 1232 1795 Effrem
1254 1760 1299 1795 ad
1322 1770 1470 1806 peccan-

81 1826 160 1861 dum
185 1826 344 1862 alliceret
369 1825 609 1872 impudenter,
646 1825 735 1860 dixit
766 1827 799 1859 ei
831 1824 977 1861 Effrem:
1011 1837 1159 1872 sequere
1193 1837 1258 1861 me.
1308 1825 1383 1866 Qua
1412 1836 1469 1861 se·

81 1896 209 1938 querite
243 1902 319 1927 cum
360 1891 406 1926 ad
446 1891 617 1938 quendam
659 1891 796 1934 locum,
837 1891 897 1926 ubi
937 1895 1012 1927 erat
1052 1891 1237 1927 multitudo
1281 1891 1469 1935 hominum,

81 1959 257 2001 venisset,
291 1958 378 1993 dixit
403 1959 455 1994 ei:
488 1957 573 1993 sede
600 1956 688 2000 huc,
715 1961 753 1991 ut
778 1959 1004 1993 commiscear
1027 1962 1153 1995 tecum.
1199 1957 1242 1993 Et
1265 1959 1345 1994 illa:
1380 1970 1467 2005 quo-

80 2022 183 2056 modo
211 2033 353 2067 possum
377 2024 443 2058 hoc
468 2023 609 2066 facere,
646 2026 746 2057 tanta
780 2023 997 2059 multitudine
1033 2023 1091 2058 hic
1125 2025 1267 2059 stante?
1314 2023 1359 2058 Et
1391 2024 1469 2059 ille:

81 2089 112 2122 si
146 2087 303 2122 homines
337 2087 539 2130 erubescis,
572 2097 685 2121 nonne
721 2089 834 2132 magis
869 2090 960 2122 tuum
992 2088 1099 2122 debes
1134 2088 1343 2123 erubescere
1368 2099 1467 2123 erea—

79 2156 201 2197 torem,
227 2152 287 2200 qui
305 2152 439 2189 revelat
455 2150 591 2186 occulta
612 2150 862 2187 tenebrarum?
910 2150 974 2186 Illa
1000 2156 1113 2188 autem
1134 2152 1281 2187 confusa
1307 2154 1466 2189 recessit.
