1742 3005
99 126 198 176 Cap.
222 124 464 164 cLXXXtX.
515 124 580 163 De‘
591 126 841 177 conceptione
863 127 998 164 beatae
1013 126 1157 164 Mariae
1177 126 1346 176 virginis,
1404 125 1484 165 873

90 275 384 322 Sequuntur
416 277 668 315 miracula
702 280 766 315 «le
792 279 1129 325 conceptione
1152 278 1483 317 beatissimae

558 335 772 380 virginis
794 336 1013 373 Mariae·

191 408 240 436 Ad
258 408 500 437 informationem
519 410 648 444 denique
668 410 754 443 hujus
773 410 910 436 veritatis
930 410 968 435 de
988 409 1185 444 conceptione
1212 410 1405 439 beatissimae
1423 413 1484 439 vir-

91 451 168 483 ginis
187 454 337 485 genitricis
355 455 410 481 Dei
428 455 621 482 inveniuntur
639 455 726 490 plura
744 455 855 488 scripta
874 453 1017 480 miracula
1045 453 1076 480 in
1095 454 1189 486 libro,
1216 455 1267 487 qui
1294 455 1404 482 dicitur
1431 457 1485 483 de-

90 496 256 525 fensorium
280 498 420 532 virginis,
450 508 585 534 appenso
619 498 732 525 catenis
764 498 795 524 in
825 497 962 531 pluribus
993 498 1124 524 librariis
1154 498 1271 531 fuitque
1298 500 1483 533 compositus

91 541 170 568 circa
189 552 299 570 annum
317 543 432 570 domini
449 546 608 571 MCCCXC.
644 543 701 569 Ubi
721 542 762 569 sic
781 543 935 569 scribitur:
957 543 1086 577 Quidam
1106 542 1318 569 baccalaureus
1338 543 1484 570 formatus

91 585 130 612 de
149 587 254 614 ordine
275 588 498 615 Carmelitarum
517 588 547 614 in
566 587 695 620 quadam
714 586 919 620 disputatione
945 586 1023 613 iacta
1044 587 1163 614 Parisiis
1189 587 1220 613 in
1245 586 1356 613 scholis
1375 587 1427 613 nni
1447 587 1485 613 de

91 631 198 658 ordine
215 632 457 666 praedicatorum
474 632 591 665 retulit,
610 631 763 665 quomodo
782 635 918 665 tempore
937 631 1166 658 cancellariatus
1186 630 1318 662 magistri
1340 631 1484 658 Johannis

92 675 131 702 de
154 676 276 709 Tolete,
302 686 369 703 cum
390 676 422 702 in
448 677 606 711 provincia
632 676 796 707 Bohemiae
822 675 852 701 in
880 675 1003 702 civitate
1030 675 1221 702 Cracoviensi
1248 675 1370 708 quidam
1393 675 1486 703 frater

90 720 332 754 praedicatorum
350 720 382 748 in
399 721 564 748 ambitione
583 720 787 755 praedicasset
806 720 921 754 populo
940 719 1088 752 virginem
1116 720 1278 752 gloriosam
1303 720 1332 746 in
1358 726 1485 755 peccato

91 764 229 797 originali
248 770 433 800 conceptam,
453 766 554 793 subito
574 765 684 792 corruit
705 770 734 792 et
752 769 888 799 portatus
908 764 947 791 ad
966 765 1064 791 locum
1085 764 1280 791 habitationis
1301 774 1371 791 suae
1390 765 1483 800 paulo

91 813 161 844 post
187 809 274 839 obiit.
310 814 390 837 Haec
416 812 571 837 asserebat
598 809 798 837 referentibus
824 809 898 836 viris
924 809 1153 835 honorabilibus
1179 809 1329 841 magistris
1349 810 1379 836 in
1398 811 1485 837 theo-

90 853 187 887 logia,
211 854 327 881 scilicet
352 855 490 882 Heinrico
514 854 552 881 de
572 854 677 881 Hassia
701 859 731 881 et
748 854 891 886 magistro
911 854 1049 880 Heinrico
1069 854 1106 880 de
1126 858 1203 880 ltuta
1224 859 1252 881 et
1271 854 1413 885 magistro
1434 858 1486 882 Jo-

91 897 189 924 hanno.
208 898 246 925 de
264 899 390 926 Bolonia
410 900 533 926 doctore
553 900 583 926 in
602 899 749 926 medicina
770 904 798 925 et
818 899 1013 925 baccalaureo
1032 898 1063 924 in
1090 898 1256 930 tlwologia,
1283 898 1333 930 qui
1360 899 1434 925 haec
1453 908 1485 926 se

91 942 207 969 vidisse
235 947 265 969 et
290 943 462 971 interfuisse
486 944 637 971 dicebant.
674 947 716 969 Ex
749 943 794 970 his
829 943 977 969 conclusit
1012 942 1110 969 dictus
1143 942 1373 974 baccalaureus,
1404 943 1486 975 quod

92 987 252 1020 credebat,
284 987 374 1016 istam
406 988 579 1023 opinionem
610 988 648 1014 de
682 988 819 1019 originali
844 989 874 1014 in
902 988 1017 1019 virgine
1043 991 1111 1022 post
1141 991 1221 1013 tanta
1248 987 1392 1013 miracula
1419 996 1486 1013 esse

92 1028 293 1060 sufficientem
318 1033 349 1059 in
372 1032 442 1062 fide.
477 1037 553 1059 Item
580 1032 764 1059 venerabilis
792 1032 899 1060 doctor
917 1032 1057 1059 Gir-oldus
1085 1032 1121 1058 de
1141 1030 1276 1058 riscariis
1297 1030 1411 1057 ordinis
1430 1030 1487 1057 mi-

92 1086 198 1104 norum
216 1075 302 1111 hujus
320 1077 389 1112 piae
408 1077 610 1111 conclusionis
629 1076 818 1104 adversarius
838 1077 1001 1109 exsistens,
1028 1086 1095 1103 cum
1121 1075 1214 1102 semel
1239 1075 1270 1101 ir.
1290 1084 1427 1102 sermone
1447 1076 1485 1102 de

93 1121 290 1156 conceptione
310 1126 412 1148 contra
431 1131 544 1149 sacram
562 1122 710 1154 virginem
728 1121 842 1149 diutius
860 1122 1082 1156 praedicasset,
1102 1120 1187 1146 smito
1207 1128 1344 1147 sermone
1363 1120 1487 1146 missam

93 1174 177 1193 suam
197 1165 394 1193 devotissime
413 1166 568 1194 celebrans
588 1167 759 1194 elevatione
779 1167 912 1202 corporis
934 1166 1042 1193 Christi
1060 1165 1149 1197 iacta,
1169 1164 1274 1191 eadem
1290 1164 1408 1196 virgine
1427 1164 1486 1191 sibi

92 1210 334 1245 praesentialiter
353 1216 527 1246 apparente,
552 1217 706 1246 correptus
724 1212 781 1239 suit
809 1217 837 1239 et
863 1212 1022 1247 speciebus
1051 1210 1137 1244 panis
1164 1210 1202 1236 ab
1237 1208 1325 1235 altari
1359 1209 1487 1236 sublatis

92 1255 190 1289 inquit
208 1255 311 1288 virgo:
331 1266 389 1289 qua
407 1256 506 1283 fronte
525 1265 633 1291 corpus
653 1256 691 1283 de
709 1266 757 1283 me
776 1261 906 1284 sumtum
926 1266 1042 1284 sumere
1060 1255 1124 1287 vis,
1145 1254 1235 1280 frater
1254 1253 1371 1286 inique,
1399 1263 1488 1286 (piam

93 1301 184 1328 hodie
202 1305 264 1328 tam
282 1301 384 1327 verbis
404 1310 492 1334 quam
510 1300 598 1328 sactis
617 1301 788 1328 voluntarie
814 1300 991 1328 maculasti!
1028 1304 1099 1334 Ipso
1127 1303 1226 1325 antem
1252 1298 1367 1330 magnis
1394 1299 1486 1330 gemi-

93 1344 177 1372 tibus
194 1349 317 1380 petente
335 1345 457 1372 veniam
476 1346 654 1373 eucharistia
673 1346 733 1373 sibi
751 1346 871 1373 reddita
889 1346 962 1378 suit,
988 1345 1112 1372 missam
1137 1343 1236 1370 smixit
1263 1348 1291 1370 et
1313 1343 1488 1370 immediate

95 1389 262 1418 ascendens
280 1389 446 1425 pulpitum,
465 1391 548 1424 quod
566 1391 595 1417 in
613 1391 711 1426 primo
731 1400 868 1418 sermone
887 1395 990 1417 contra
1008 1389 1154 1421 virginem
1173 1389 1304 1421 dixerat,
1331 1388 1489 1415 revocavit

95 1439 126 1461 et
151 1434 328 1461 miraculum
351 1426 483 1462 reserens
509 1435 548 1462 ad
573 1436 694 1468 longum
713 1436 784 1462 fecit
803 1444 987 1467 sermonem,
1015 1435 1091 1462 sicut
1115 1443 1169 1466 ego
1189 1434 1254 1468 ipse
1274 1432 1367 1459 habui
1385 1443 1401 1459 a
1420 1433 1488 1467 plu-

93 1479 178 1507 ribus
197 1479 257 1507 fide
276 1479 385 1512 dignis.
420 1483 496 1506 Item
514 1480 545 1507 in
565 1480 687 1507 civitate
707 1480 820 1513 Ydoni,
848 1491 915 1507 cum
939 1479 1061 1513 quidam
1086 1478 1179 1505 frater
1198 1478 1311 1504 ordinis
1331 1478 1487 1512 praedica-

93 1529 194 1552 torum
219 1524 403 1552 wiennensis
429 1524 559 1551 nationis
584 1525 621 1552 de
647 1525 771 1552 materia
798 1524 1004 1560 conceptionis
1031 1532 1129 1550 coram
1150 1522 1268 1549 odonio
1289 1523 1488 1557 Campanensi

95 1568 210 1596 ordinis
229 1569 335 1596 beatae
353 1569 466 1596 Mariae
484 1570 668 1604 respondere
687 1571 811 1597 deberet
828 1578 936 1602 magno
962 1569 1076 1603 populo
1104 1572 1282 1600 congregato
1308 1567 1340 1594 in
1359 1567 1487 1594 ecclesia

95 1613 260 1641 cathedrali
277 1614 491 1641 monachorum
510 1615 607 1642 dictae
635 1615 783 1648 civitatis,
809 1619 839 1642 et
865 1624 930 1640 cum
956 1614 1139 1648 positionem
1167 1621 1251 1639 suam
1277 1613 1375 1639 dictus
1394 1612 1489 1639 frater

95 1659 196 1686 dicere
213 1658 317 1691 vellet,
335 1668 352 1685 a
369 1662 433 1686 Deo
452 1659 630 1688 mirabiliter
650 1665 745 1687 tactus
771 1659 856 1693 quasi
875 1663 972 1686 mutus
993 1662 1023 1684 et
1042 1666 1144 1684 amens
1164 1656 1260 1684 factus
1280 1661 1336 1686 est.
1371 1660 1489 1691 Depor-

94 1708 175 1732 tatus
209 1708 310 1730 autem
340 1712 392 1739 pei
425 1703 532 1732 fratres
564 1714 634 1732 suos
668 1706 708 1732 ad
734 1706 832 1732 locum
859 1704 1010 1736 religionis
1038 1713 1139 1730 eorum
1168 1707 1275 1729 octava
1307 1701 1355 1727 die
1382 1701 1489 1727 eadem

96 1748 227 1776 amentia
246 1748 418 1775 continuata
436 1754 570 1777 mortuus
589 1755 644 1782 cst,
663 1751 739 1777 sicut
758 1749 850 1777 habui
864 1750 901 1776 ab
916 1749 986 1781 illis,
1006 1749 1058 1781 qui
1073 1746 1313 1782 praesentialiter
1331 1744 1491 1772 ass'uerunt.

96 1797 172 1821 Item
191 1793 222 1820 in
239 1792 320 1820 Villa
337 1793 426 1820 Brine
445 1794 683 1822 Lemoniscensis
704 1796 885 1828 dfoeceseos
911 1794 1033 1827 quidam
1057 1793 1152 1819 lector
1179 1792 1216 1818 de
1243 1790 1348 1817 ordine
1368 1790 1490 1824 praedi—

97 1843 231 1866 catorum
255 1837 346 1865 istum
371 1838 529 1865 articulum
555 1840 761 1874 conceptionis
788 1841 829 1866 ita
855 1839 995 1866 odiosum
1018 1839 1147 1870 habens,
1183 1841 1215 1863 ut
1250 1846 1403 1869 nunquam
1428 1844 1489 1862 ser-

97 1892 217 1911 monem
234 1875 356 1915 saceret,
375 1882 447 1916 quin
465 1883 612 1915 virginem
632 1889 809 1919 conceptam
828 1884 856 1911 in
877 1883 1015 1916 originali
1033 1888 1158 1918 peccato
1178 1882 1291 1909 diceret
1310 1885 1339 1907 et
1350 1880 1490 1906 fundaret

97 1927 129 1955 in
147 1936 201 1955 suo
221 1933 381 1962 conventu,
401 1929 534 1962 quodam
552 1928 600 1955 die
621 1929 769 1962 sollemni,
791 1929 821 1956 in
841 1937 900 1962 qno
920 1938 1090 1956 sermonem
1110 1928 1147 1955 de
1168 1927 1249 1954 dicta
1267 1924 1391 1952 materia
1409 1924 1491 1956 fecit,

97 1973 165 2009 ipso
184 1973 263 2000 inter
279 1972 386 2001 fratres
413 1982 485 2001 suos
510 1982 618 2006 magno
645 1974 760 2008 populo
788 1978 945 2008 praesente
969 1973 1008 2000 ad
1032 1972 1169 1999 divinum
1195 1970 1329 1998 officium
1354 1973 1491 2000 exeunte,

99 2018 223 2052 quidam
240 2018 330 2053 lupus
355 2028 373 2045 a
397 2018 484 2046 silvis
509 2018 635 2045 veniens
659 2028 753 2052 usque
777 2019 815 2045 ad
834 2022 1016 2045 conventum
1034 2017 1126 2044 istum
1145 2020 1258 2043 secrete
1278 2013 1424 2040 accedens
1445 2013 1491 2038 di-

99 2062 200 2090 missis
219 2062 322 2096 parvis
341 2066 370 2089 et
389 2063 504 2094 magnis
521 2071 616 2095 usque
636 2063 674 2088 ad
693 2063 815 2089 chorum
834 2062 991 2088 adscendit
1010 2065 1040 2087 et
1059 2061 1173 2086 dictum
1192 2060 1313 2086 fratrem
1326 2066 1380 2091 per
1393 2061 1493 2088 guttur

101 2107 247 2142 arripiens
266 2105 434 2138 interfecit,
460 2106 536 2133 sicut
554 2105 674 2132 Parisiis
701 2110 730 2132 et
748 2106 779 2132 in
798 2106 863 2139 ipsa
885 2110 961 2131 terra
983 2105 1062 2131 clara
1080 2103 1160 2130 sama
1179 2108 1207 2129 et
1228 2102 1351 2136 publica
1369 2105 1494 2127 attesta-

100 2158 157 2181 tur.
193 2156 273 2179 Haec
291 2151 324 2178 in
343 2151 424 2178 dicto
443 2150 530 2183 libro,
550 2150 632 2183 quod
651 2150 855 2176 defensor-ium
873 2148 1000 2180 virginis
1020 2148 1140 2180 dicitur,
1159 2147 1278 2181 plenius
1294 2146 1494 2173 continentur.

101 2197 182 2225 lllud
200 2202 299 2224 autem
318 2196 395 2223 inter
415 2195 472 2222 alia
492 2194 634 2222 miracula
652 2194 758 2221 merito
777 2194 945 2221 mirandum
964 2193 1062 2225 venit,
1083 2193 1164 2226 quod
1183 2191 1305 2224 quidem
1324 2188 1496 2217 Alexander

102 2243 140 2270 de
159 2242 231 2270 Ales
250 2242 357 2269 doctor
374 2241 405 2268 in
424 2240 575 2272 theologia
593 2239 814 2266 famosissimus
834 2238 893 2265 sibi
912 2238 1058 2265 accidisse
1077 2237 1167 2263 refert
1186 2236 1216 2262 in
1234 2236 1313 2262 libro
1333 2235 1370 2260 ab
1388 2234 1496 2260 eodem

103 2287 286 2323 composito,
304 2286 356 2320 qui
375 2285 483 2312 dicitur
501 2284 638 2317 Mariale,
657 2284 813 2311 continens
833 2293 884 2310 sex
903 2283 997 2310 libros
1015 2282 1168 2316 partiales,
1193 2281 1224 2307 in
1244 2280 1355 2313 quibus
1375 2279 1497 2305 diversa

103 2332 236 2367 capitula
254 2336 332 2360 sunt.
369 2333 455 2366 Cujus
475 2330 603 2366 primum
623 2329 787 2364 capitulum
805 2328 976 2355 intitulatur
994 2328 1032 2354 de
1051 2326 1225 2359 genealogia
1243 2326 1350 2351 beatae
1370 2322 1497 2354 virginis

104 2381 134 2404 et
152 2376 271 2411 incipit:
297 2380 400 2403 sancta
419 2380 447 2402 et
469 2374 722 2410 superlaudabilis
742 2382 860 2408 semper
878 2374 964 2405 virgo
983 2372 1038 2399 Dei
1057 2370 1185 2404 genitrix
1203 2369 1297 2396 Maria
1316 2369 1352 2394 ab
1374 2371 1497 2394 aeterno

104 2420 238 2456 provisa.
273 2424 354 2447 Inter
372 2420 431 2447 alia
450 2425 550 2446 autem
566 2419 644 2446 libro
663 2423 713 2447 111.
733 2419 820 2453 hujus
840 2417 1004 2445 voluminis
1024 2417 1122 2451 capite
1143 2415 1265 2447 ultimo,
1293 2412 1375 2446 quod
1392 2412 1497 2438 intitu—

104 2467 184 2494 latur
202 2465 240 2492 (18
260 2464 456 2499 conceptione
474 2465 588 2491 beatae.
600 2462 725 2496 virginis
745 2468 773 2489 et
793 2463 915 2498 incipit:
941 2462 994 2489 fiat
1020 2462 1088 2493 lux,
1115 2465 1185 2495 post
1213 2457 1441 2493 responsionem
1461 2455 1499 2482 ad

106 2510 256 2545 quand-'un
275 2510 477 2537 invectionem
497 2509 675 2541 dicentium,
704 2508 851 2540 virginem
879 2511 1055 2541 conceptam
1072 2506 1137 2532 sore
1160 2504 1266 2538 copula
1287 2500 1429 2533 maritali,
1457 2500 1500 2527 sic

107 2556 232 2584 dicitur:
258 2564 356 2582 nonne
374 2554 522 2589 possibile
541 2558 604 2585 est,
630 2557 662 2579 ut
680 2553 751 2579 talis
771 2553 848 2579 actio
869 2552 907 2578 ad
925 2550 1154 2585 inspirationem
1174 2548 1296 2583 spiritus
1317 2545 1412 2573 sancti
1430 2554 1499 2579 per-

107 2607 223 2637 petrata
243 2606 272 2628 et
291 2599 416 2635 speciali
433 2603 593 2634 praecepto
608 2597 758 2632 completa
772 2598 886 2630 absque
900 2596 981 2623 omni
995 2599 1117 2630 peccato
1133 2596 1306 2620 exerceatur
1319 2598 1325 2617 z
1363 2589 1502 2622 Sequitur

109 2651 178 2682 post
195 2656 308 2681 pauca:
327 2653 381 2677 ego
402 2644 484 2678 ipse,
504 2643 554 2677 qui
572 2643 646 2669 haec
666 2642 776 2674 scribo,
796 2642 865 2667 dum
887 2640 1008 2675 publice
1027 2640 1154 2671 legerem
1175 2637 1203 2664 in
1224 2636 1388 2668 theologia,
1410 2635 1501 2662 veho·-

109 2695 225 2723 menter
242 2690 341 2718 erravi
360 2688 536 2720 asserendo,
557 2687 638 2720 quod
658 2687 722 2713 dies
743 2685 947 2720 conceptionis
967 2686 1075 2711 beatae
1093 2683 1205 2710 Mariae
1226 2680 1423 2708 celebrandus
1444 2689 1502 2705 nou

111 2740 199 2766 esset.
235 2735 320 2764 Unde
340 2739 367 2762 et
389 2733 525 2768 quolibet
544 2740 621 2760 anno
642 2731 692 2759 illa
714 2731 763 2758 die
784 2731 882 2763 legem
910 2730 1121 2761 decreveram,
1148 2728 1225 2755 sicut
1252 2732 1280 2755 et
1307 2726 1337 2753 iu
1363 2724 1505 2761 profestis

1148 2781 1228 2817 55*
