1742 3005
353 115 448 165 Cap.
481 114 578 154 LIV.
635 115 694 154 De
725 117 1002 156 resurrectione
1031 116 1187 155 domini.
1383 114 1463 157 237

79 219 328 262 interpretatur
351 220 630 265 transmigratio,
664 220 821 256 Christus
849 232 934 268 ergo
961 222 1100 268 qnando
1125 225 1289 265 surrexit,
1314 224 1348 258 in
1369 222 1465 259 Gali-

79 283 189 318 laeam
217 285 424 328 praecessit,
450 287 533 330 quia
553 285 595 320 dc
611 288 753 321 miseria
776 287 821 321 ad
840 288 1003 333 gloriam,
1030 288 1072 323 de
1089 290 1313 333 corruptione
1339 289 1383 324 ad
1410 292 1464 325 in-

78 351 337 394 corruptionem
371 352 552 393 transivit3
600 351 673 387 Leo
707 363 823 398 papa:
855 358 935 397 post
963 355 1161 397 passionem
1189 353 1318 389 Christi
1353 357 1466 401 ruptis

80 415 225 450 vinculis
245 417 366 450 mortis
382 417 562 451 infirmitas
583 418 616 451 in
646 419 818 459 virtutem,
837 418 1034 452 mortalitas
1052 420 1085 451 in
1102 422 1359 464 aeternitatem,
1383 431 1464 455 con-

77 483 220 516 tumelia
232 483 374 516 transiit
394 483 427 516 in
445 482 603 527 gloriam.
634 482 758 516 Tertio
777 482 920 524 utiliter,
941 485 1023 527 quia
1048 488 1150 528 capta
1164 485 1309 528 praeda,
1335 486 1464 522 Jerem.

77 546 158 581 1111:
183 547 366 582 adscendit
390 547 445 581 leo
467 546 508 580 de
533 546 637 580 cubili
658 557 721 580 suo
748 550 781 581 et
806 548 939 591 praedo
967 550 1120 593 gentium
1147 559 1184 583 se
1210 549 1354 585 levavit.
1381 551 1466 586 Item

75 612 245 647 Johann.:
266 622 340 646 cum
356 611 531 645 exaltatus
550 612 660 653 suer0,
690 615 819 646 aterra
846 614 960 646 omnia
983 612 1119 647 traham
1141 613 1185 647 ad
1207 625 1258 649 me
1282 617 1406 660 ipsum,
1428 616 1464 649 id

78 682 150 713 est:
176 687 249 712 cum
269 677 442 711 exaltatus
466 677 565 711 suero
592 681 734 718 atei-ra,
757 678 903 710 animam
925 678 1058 712 scilicet
1083 678 1263 714 educendo
1291 681 1333 716 de
1360 681 1465 715 limbo

77 747 112 778 et
134 753 261 788 corpus
287 742 328 777 de
354 741 539 787 sepulchro
566 744 680 775 onmia
705 742 840 776 traham
867 747 930 777 ete.
980 744 1112 783 Quarto
1137 744 1356 783 mirabiliter,
1384 749 1467 792 quia

76 812 274 843 remanente
308 807 428 842 clauso
468 807 665 852 sepulchro.
716 808 811 841 Sicut
843 810 931 842 enim
966 811 1157 844 exsistente
1189 810 1310 845 clauso
1344 814 1465 846 matris

75 879 174 909 utero
202 876 311 909 exivit
337 877 371 908 et
393 872 437 907 ad
458 873 648 917 discipulos
668 874 787 917 januis
813 874 943 908 clausis
970 876 1123 915 intravit,
1151 877 1200 909 sic
1222 878 1378 910 nimirum
1405 888 1466 912 ex-

77 942 222 975 sistente
246 939 366 974 clauso
392 938 577 983 sepulchro
603 938 683 972 inde
710 940 805 972 exire
831 940 955 982 potuit.
993 937 1235 984 lfndelegitur
1250 943 1282 974 in
1308 941 1467 986 hystoria.

75 1005 306 1047 scholastica,
342 1004 435 1050 quod
461 1003 597 1038 cuidam
630 1003 798 1038 monacho
826 1006 939 1037 sancti
969 1004 1198 1048 ¹)Laurentii
1226 1010 1325 1040 extra
1350 1018 1465 1041 muros

77 1081 166 1105 anno
182 1069 225 1104 ab
241 1071 482 1104 incarnatione
509 1069 639 1104 domini
665 1069 848 1104 millesimo
873 1069 957 1103 cxl.
985 1072 1124 1104 miranti
1150 1071 1192 1104 de
1219 1072 1359 1117 cingulo
1387 1082 1464 1113 suo,

78 1147 145 1182 quo
162 1137 336 1170 accinctus
360 1140 447 1178 erat,
472 1134 626 1169 insoluto
650 1136 809 1179 projecto
829 1140 909 1170 ante
930 1135 1023 1169 illum
1046 1146 1112 1169 vox
1134 1137 1166 1169 in
1181 1141 1261 1171 aere
1283 1142 1335 1171 est
1352 1138 1464 1172 sacta:

77 1203 128 1236 sic
153 1203 267 1247 potuit
290 1201 447 1236 Christus
472 1201 592 1235 clauso
621 1202 717 1234 exire
733 1200 930 1245 sepulchro.
969 1202 1094 1241 Quinto
1113 1203 1295 1244 veraciter,
1325 1204 1407 1247 quia
1431 1205 1466 1236 in

77 1277 224 1312 corpore
249 1277 331 1302 vero
354 1271 389 1301 et
406 1267 562 1311 proprio.
598 1265 666 1301 Sex
689 1270 803 1300 autem
828 1266 938 1300 modis
956 1278 993 1301 se
1016 1278 1096 1302 vere
1120 1270 1357 1302 resurrexisse
1382 1279 1466 1312 pro-

77 1331 188 1375 bavit,
209 1333 319 1377 primo
341 1342 405 1376 per
431 1331 607 1377 angelum,
634 1332 693 1376 qui
721 1342 789 1365 non
815 1333 997 1370 mentitur,
1026 1332 1178 1366 secundo
1215 1343 1278 1376 per
1301 1333 1465 1378 frequen—

78 1402 146 1432 tem
177 1398 442 1442 apparitionem.
493 1397 529 1440 2)
545 1395 612 1430 Per
638 1395 724 1429 haee
761 1395 829 1429 duo
855 1396 1007 1430 ostendit
1033 1407 1071 1431 se
1108 1408 1189 1431 vere
1215 1400 1466 1433 resurrexisse.

80 1462 202 1497 Tertio
224 1472 287 1506 per
311 1462 568 1502 comestionem,
589 1471 652 1505 per
677 1460 769 1506 quod
798 1461 972 1505 probavit,
1000 1462 1093 1507 quod
1119 1474 1187 1496 non
1207 1466 1282 1496 arte
1308 1465 1464 1508 magica:

79 1532 203 1572 quarto
226 1537 290 1571 per
313 1527 571 1571 palpationem,
606 1536 669 1570 per
694 1526 785 1570 quod
818 1527 982 1570 probavit
1006 1528 1098 1572 quod
1124 1529 1158 1561 in
1183 1539 1266 1562 vero
1294 1539 1466 1573 corpore·‚

80 1594 199 1638 quinto
239 1603 302 1637 per
333 1593 530 1626 cicatricum
576 1592 832 1633 ostensionem,
905 1602 968 1636 per
1008 1592 1100 1636 quod
1140 1594 1324 1637 probavit,
1375 1595 1467 1639 quod

78 1658 114 1691 in
142 1657 264 1692 eodem
287 1668 457 1702 corpore,
495 1658 529 1691 in
557 1667 624 1702 quo
650 1661 803 1690 mortuus
838 1656 922 1698 suit;
965 1662 1066 1691 sexto
1094 1668 1158 1702 per
1190 1659 1311 1693 domus
1337 1660 1467 1694 clausis

74 1723 194 1767 januis
220 1724 496 1768 ingressionem,
523 1733 586 1766 per
611 1721 702 1767 quod
730 1721 904 1764 ostendit,
940 1723 1032 1768 quod
1058 1723 1277 1769 glorificatus
1303 1727 1466 1761 surrexit.

80 1787 153 1823 Hae
179 1790 268 1822 enim
297 1798 415 1822 omnes
446 1787 683 1821 dubitationes
728 1788 821 1821 circa
852 1787 983 1822 Christi
1020 1792 1309 1825 resurrectionem
1348 1791 1468 1826 viden-

78 1857 135 1887 tur
159 1853 270 1888 fuisse
302 1854 337 1887 in
370 1852 562 1897 discipulis.
615 1853 769 1897 Septimo
799 1856 950 1887 surrexit
973 1855 1234 1898 immortaliter,
1265 1858 1347 1901 quia
1380 1867 1468 1890 nun-

80 1928 179 1964 quam
216 1918 259 1953 de
286 1923 427 1953 caetero
460 1920 658 1952 moriturus.
720 1917 863 1952 Roman.
890 1918 950 1953 VI:
1002 1919 1162 1954 Christus
1197 1923 1390 1956 resurrexit
1426 1932 1469 1956 ex

80 1985 226 2017 mortuis
251 1985 324 2029 Jam
358 1994 426 2018 non
450 1985 647 2017 moriturus.
705 1983 801 2018 Dixit
824 1988 939 2019 tamen
966 1984 1154 2029 Dyonisius
1181 1987 1214 2020 in
1240 1986 1391 2031 epistola
1425 1985 1470 2020 ad

79 2048 341 2093 Demophilum,
387 2048 559 2082 Christum
604 2050 708 2083 etiam
746 2054 826 2093 post
868 2049 1132 2084 adscensionem
1170 2051 1306 2085 cuidam
1344 2055 1466 2084 sancto

79 2116 155 2149 viro
194 2115 331 2149 nomine
373 2114 489 2159 Carpo
526 2112 678 2148 dixisse:
728 2118 872 2158 paratus
910 2125 983 2148 sum
1018 2125 1139 2149 rursus
1175 2126 1238 2160 pro
1271 2115 1470 2150 hominibus

80 2179 260 2214 salvandis
289 2181 382 2224 pati3
423 2189 487 2223 per
511 2179 605 2224 quod
632 2179 786 2221 videtur,
827 2180 859 2212 si
883 2179 1054 2223 possibile
1091 2185 1205 2222 esset,
1255 2179 1370 2214 adhuc
1406 2191 1469 2225 pro

80 2243 278 2278 hominibus
303 2245 390 2278 mori
413 2248 558 2289 paratus
587 2249 692 2279 esset.
741 2242 871 2278 Retulit
904 2245 992 2278 enim
1019 2245 1218 2289 praedictus
1246 2246 1395 2291 Carpus,
1419 2247 1473 2280 vir

82 2310 190 2342 mirae
217 2310 435 2351 sanctitatis,
462 2310 566 2344 beato
591 2309 777 2354 Dyonisio,
814 2313 851 2343 ut
877 2310 911 2343 in
937 2309 1058 2344 eadem
1086 2311 1239 2355 epistola
1262 2312 1470 2351 continetur,

83 2373 177 2419 quod
203 2383 279 2407 cum
314 2373 453 2417 quidam
484 2373 674 2409 infidelium
710 2374 847 2409 fidelem
888 2374 1060 2419 quendam
1086 2377 1336 2419 pervertisset,
1379 2373 1470 2408 adeo

84 2438 218 2484 Carpus
241 2437 387 2472 moleste
411 2437 504 2480 tulit,
529 2442 568 2472 ut
591 2449 634 2473 ex
657 2438 724 2473 hoc
747 2438 980 2473 infirmitatem
995 2440 1197 2474 incurreret.
1247 2438 1384 2473 Tantae
1407 2448 1470 2472 au-

81 2508 150 2539 tem
176 2504 374 2538 sanctitatis
402 2505 490 2540 erat.
516 2506 554 2536 ut
577 2513 749 2548 nunquam
774 2502 992 2545 celebraret,
1025 2505 1107 2548 quin
1129 2503 1198 2537 sibi
1226 2502 1389 2537 coelestis
1418 2503 1471 2537 vi-

81 2570 135 2604 sio
160 2569 360 2605 inferretur.
417 2566 489 2601 Sed
516 2576 592 2601 cum
617 2578 680 2612 pro
712 2569 894 2613 utriusque
919 2569 1149 2603 conversione
1184 2577 1287 2602 orare
1311 2567 1469 2610 deberet,

148 2713 177 2746 1)
193 2711 383 2744 Ed.rr.legit
400 2710 622 2740 Laurentio.
675 2711 811 2746 2)Verba
829 2713 897 2738 Per
916 2725 945 2732 —
966 2709 1236 2739 resurrexisse
1254 2709 1467 2740 omitt.Ed.Pr.
