1742 3005
251 125 332 162 324
518 128 611 175 t'ap.
636 125 787 161 Lxxtt.
849 126 905 161 De
937 126 1184 163 ads-censione
1218 127 1374 163 «lentini.

253 230 409 275 angelus,
461 228 586 272 Angeli
615 229 703 262 enim
729 228 891 262 diffinitur
915 229 1069 265 eoelum,
1105 232 1186 274 quia
1223 231 1332 264 instar
1367 233 1445 263 sunt
1475 228 1563 263 coeli
1590 228 1623 262 at
1674 239 1677 241 ’

256 296 377 329 tissimi
414 294 550 327 ratione
586 293 770 338 dignitatis
806 299 839 328 et
874 295 1114 329 excellentiae.
1163 294 1212 328 De
1246 305 1388 339 qnorum
1415 295 1586 341 dignitate
1613 300 1645 327 et

257 359 463 393 excellentia
487 358 568 392 dicit
595 358 780 403 Dionysius
818 362 850 393 in
878 360 967 394 libro
1004 360 1047 394 de
1076 359 1204 392 divinis
1231 359 1427 392 nominibus
1451 358 1644 409 eapit31V:

258 426 394 458 divinae
420 428 551 458 mentes
579 429 657 458 sunt
685 435 792 469 snper
818 425 955 470 reliqua
980 426 1187 459 exsistentia
1223 428 1255 457 et
1289 425 1405 457 vivunt
1431 434 1536 469 super
1564 425 1644 459 reli-

259 501 327 535 qua
353 491 506 524 viventia
529 494 562 524 et
585 490 783 536 intelligunt
809 495 842 525 et
865 494 1085 537 cognoscunt
1110 500 1216 534 super
1245 499 1382 523 sensnm
1414 493 1447 523 et
1480 490 1645 523 rationem

260 561 292 590 et
332 556 410 601 plus
449 566 550 600 quam
587 558 701 590 omnia
737 558 943 591 exsistentia
972 556 1149 600 pulchrum
1178 560 1211 589 et
1237 554 1362 588 bonum
1388 553 1592 588 desiderant
1616 559 1650 589 et

259 634 300 657 eo
327 623 549 667 participant.
599 621 761 656 Secundo
788 627 867 656 sunt
887 622 1110 667 pulcherrimi
1130 622 1266 654 ratione
1288 625 1433 654 naturae
1451 624 1483 654 et
1501 620 1649 665 gloriae,

258 687 300 722 de
335 698 478 732 qnorum
513 686 767 730 pulchritudine
803 686 888 720 dicit
919 687 1106 730 Dionysius
1143 687 1175 720 in
1210 686 1330 720 eodem
1360 686 1468 720 libro:
1503 684 1650 730 angelus

259 758 312 787 est
337 752 574 786 manifestatio
599 751 727 784 occulti
754 752 891 785 luminis
908 779 915 790 ,
941 752 1118 795 speculum
1147 762 1264 795 pinum
1281 779 1289 789 ,
1317 752 1568 787 clarissimum.
1598 752 1649 783 in-

257 818 535 853 contaminattun,
574 817 881 861 ineoinquitiatum,
905 816 1181 857 immaculatum,
1216 817 1433 861 suscipienS,
1463 817 1492 849 si
1519 815 1571 849 sas
1598 820 1651 850 est

259 885 397 924 dicere,
429 882 720 926 pulchritiulinem
757 881 829 916 Dei
855 881 1062 915 bonit'ormis
1095 881 1360 915 lleiforlnitatis.
1411 880 1533 915 Tertio
1573 885 1651 914 sunt

259 949 440 982 tortissimi
465 949 600 982 ratione
627 948 764 981 virtutis
792 951 825 981 et
848 949 1048 991 potentiae.
1087 946 1128 981 de
1160 958 1303 992 quorum
1339 945 1543 980 fortitudine
1569 945 1652 979 dicit

260 1015 495 1048 ltamaseenus
523 1013 613 1046 libro
639 1011 678 1046 ll.
710 1022 785 1056 rap.
812 1011 888 1046 ltt.:
923 1012 1033 1047 fortes
1061 1016 1140 1046 sunt
1165 1017 1199 1047 et
1225 1013 1339 1057 parati
1365 1012 1409 1046 ad
1434 1011 1498 1046 Dei
1528 1010 1649 1045 volun-

260 1080 340 1113 tatis
368 1077 599 1121 expletionem
623 1082 657 1111 et
683 1077 811 1122 ubique
838 1077 1021 1111 confestim
1049 1079 1292 1119 inveniuntur,
1327 1078 1524 1122 ubieunque
1560 1076 1649 1110 ‹tivi-

261 1156 323 1179 nus
343 1144 494 1190 Jusserit
517 1146 631 1176 nutus.
681 1142 822 1175 (ioelum
850 1144 939 1176 euim
966 1143 1071 1177 habet
1089 1143 1319 1185 altitudinem,
1344 1143 1650 1188 'pulchritudinem,

261 1210 507 1245 fortitudinem.
557 1207 609 1241 De
636 1206 771 1241 duobus
799 1208 919 1252 primis
940 1206 1148 1242 Ecclesiast.
1180 1208 1323 1244 XL111.2
1361 1208 1557 1243 altitudinis
1592 1207 1648 1242 tir-

261 1280 465 1311 mamentnm
491 1277 556 1308 ete.
573 1301 580 1314 ,
620 1272 663 1307 de
690 1275 794 1307 tertio
819 1273 898 1308 Joh.
925 1273 1074 1315 xxvii:
1108 1278 1145 1308 tu
1171 1274 1321 1308 forsitan
1354 1285 1429 1309 eum
1454 1275 1514 1309 illo
1543 1274 1650 1308 sabri-

262 1347 361 1377 catus
398 1352 435 1375 es
473 1344 536 1374 ete.
586 1338 727 1373 (Joetum
762 1344 877 1374 autem
912 1339 1253 1384 supersubstantiale
1288 1344 1341 1374 est
1374 1340 1570 1385 aequalitas
1596 1339 1649 1374 di-

264 1409 365 1442 vinae
391 1405 641 1446 excellentiae,
670 1404 712 1439 de
737 1415 806 1450 quo
832 1404 992 1439 Christus
1019 1407 1133 1448 venit,
1171 1410 1205 1440 et
1238 1416 1347 1451 usqne
1373 1405 1417 1439 ad
1445 1405 1530 1439 illud
1554 1408 1652 1449 post-

264 1472 398 1506 modum
417 1470 612 1506 adscendit.
660 1470 712 1505 De
730 1481 797 1515 quo
814 1470 940 1504 dieitur
954 1472 987 1504 in
1003 1471 1136 1516 psalmo
1153 1483 1160 1505 :
1187 1481 1208 1505 a
1224 1482 1354 1506 summo
1376 1470 1475 1506 coelo
1492 1472 1652 1516 egressio

263 1540 340 1584 ejus
368 1542 401 1572 et
429 1547 596 1571 occursus
623 1538 700 1581 ejus
728 1546 837 1582 usqne
863 1537 907 1571 ad
935 1547 1100 1571 summum
1127 1538 1215 1582 ejus.
1263 1536 1377 1581 Super
1401 1546 1519 1571 omnes
1545 1536 1653 1581 igitur

263 1605 327 1638 hos
352 1602 471 1637 coelos
496 1612 606 1646 usque
639 1600 683 1634 ad
717 1603 827 1645 ipsum
863 1602 995 1638 coelum
1028 1602 1369 1647 supersubstantiale
1402 1601 1561 1636 Christus
1587 1601 1650 1635 ad—

262 1669 408 1704 scendit.
458 1667 555 1707 Quod
583 1668 670 1701 enim
697 1666 880 1700 adscendit
904 1677 1011 1712 super
1036 1679 1155 1702 omnes
1182 1668 1301 1703 coelos
1329 1668 1552 1710 materiales,
1587 1667 1650 1701 ha-

263 1737 362 1770 betur
386 1745 449 1779 per
474 1733 580 1773 illud,
617 1732 709 1777 (prod
745 1731 870 1765 dicitnr
904 1734 937 1766 in
963 1733 1114 1776 psalmo:
1151 1734 1288 1768 elevata
1321 1739 1374 1769 est
1397 1734 1652 1780 magnificentia

263 1807 320 1834 tua
345 1811 449 1845 super
473 1799 606 1833 coetos.
653 1799 766 1842 Super
796 1809 914 1832 omnes
955 1800 1042 1832 enim
1081 1798 1201 1833 roelos
1237 1799 1436 1833 materiales
1472 1810 1583 1843 usque
1619 1799 1650 1831 in

262 1869 371 1909 ipsum
408 1865 540 1899 eoelum
577 1874 771 1908 empyreum
805 1863 989 1897 adscendit
1019 1875 1085 1897 non
1122 1865 1210 1897 sient
1238 1863 1377 1906 Helias,
1407 1866 1463 1909 qui
1490 1865 1524 1897 in
1550 1874 1650 1897 curru

262 1934 365 1975 igneo
403 1929 585 1964 adscendit
622 1940 731 1973 usque
767 1929 810 1962 ad
845 1928 1066 1963 sutmmarem
1106 1931 1283 1975 regionem
1322 1940 1385 1963 nee
1422 1939 1496 1963 eam
1537 1935 1650 1962 trans-

261 1996 420 2036 srendit,
445 1996 507 2029 sed
533 1997 566 2028 in
594 1994 793 2039 paradisum
821 1998 1020 2028 terrestrtm
1046 1995 1237 2028 translatus
1264 2000 1337 2030 est,
1372 1996 1429 2039 qui
1454 1994 1543 2028 adeo
1570 1995 1651 2027 emi-

262 2068 337 2097 net.
374 2065 409 2095 ut
445 2062 623 2105 pertingat
646 2059 689 2093 ad
715 2059 936 2093 sublunarem
965 2061 1163 2105 regionem,
1200 2070 1263 2094 nec
1298 2070 1372 2095 eam
1406 2059 1652 2094 transscendit.

264 2128 296 2160 ln
326 2127 390 2161 hoe
416 2137 501 2170 ergo
529 2125 628 2159 coelo
656 2136 816 2169 emp-§reo
843 2125 1001 2159 Christus
1030 2125 1164 2160 residet
1189 2131 1221 2160 et
1247 2131 1300 2160 est
1322 2125 1488 2170 specialis
1514 2129 1548 2159 et
1571 2135 1652 2169 pro-

263 2194 339 2236 pria
375 2193 450 2235 ejus
483 2192 615 2225 tnansio
651 2196 683 2224 et
722 2191 925 2236 angelorum
959 2196 993 2225 et
1024 2191 1170 2224 aliorum
1207 2196 1402 2225 sanctorum
1441 2194 1474 2224 et
1500 2200 1653 2235 congrue

263 2259 423 2291 reinvenit
458 2256 543 2290 haee
579 2256 749 2290 habitatio
779 2255 1050 2290 habitatoribus.
1100 2255 1188 2289 lllnd
1216 2256 1303 2289 enim
1330 2256 1462 2290 eoelum
1493 2259 1652 2290 caeteros

262 2323 381 2356 eoi-ios
409 2322 550 2356 ext-ellit
575 2321 766 2366 ‹lig-nitate,
794 2322 989 2364 prioritate,
1016 2322 1084 2354 situ
1111 2325 1145 2355 et
1169 2320 1298 2355 ambitu
1325 2325 1359 2355 et
1383 2321 1461 2355 ideo
1488 2325 1541 2355 est
1568 2330 1650 2354 eon-

264 2389 404 2420 veniens
431 2387 602 2420 hahitatio
629 2385 771 2423 Christi,
799 2386 855 2430 qui
884 2396 1003 2419 omnes
1028 2385 1147 2419 coelos
1172 2387 1361 2421 rationales
1385 2390 1418 2419 et
1435 2385 1651 2420 intellectua-

263 2455 314 2486 les
340 2452 572 2486 transscendit
599 2451 793 2496 dignitate.
832 2452 1063 2492 aeternitate,
1099 2453 1167 2485 situ
1196 2451 1486 2486 immutabilitatis
1511 2461 1554 2485 ao
1579 2460 1650 2483 am-

263 2518 334 2551 bitu
370 2519 566 2561 potestatis.
615 2518 783 2552 Similiter
819 2522 872 2552 est
913 2528 1071 2561 congrua
1103 2508 1273 2550 habitatio
1308 2520 1525 2557 sanctorum,
1565 2514 1651 2548 tttuu

262 2583 347 2614 euim
375 2584 504 2616 ‹ot-tum
535 2588 587 2616 est
611 2584 801 2624 uniforme,
831 2582 1027 2617 innnobile.
1057 2582 1304 2616 luminositatis
1330 2581 1508 2624 perfectae
1536 2585 1569 2613 et
1592 2591 1648 2614 ea-

261 2647 422 2688 put-itatis
456 2649 660 2685 immensae,
712 2654 743 2682 et
795 2652 889 2683 ret-te
930 2649 1091 2693 congruit
1131 2646 1267 2691 angelis
1311 2650 1345 2680 et
1393 2646 1546 2688 sanetis,
1591 2648 1649 2691 qui

255 2714 391 2744 tuerunt
415 2712 602 2744 uuit'oruws
635 2714 665 2744 in
694 2714 920 2755 operatione,
959 2710 1152 2745 immobiles
1181 2711 1214 2743 iu
1240 2709 1451 2750 dilectione,
1488 2711 1650 2745 linuinosi
