1742 3005
231 94 326 143 Cap.
346 92 550 129 LXXXVt.
600 92 658 129 De
681 92 876 129 nativitate
896 92 1012 128 sancti
1035 91 1118 128 ι1011.
1141 90 1343 141 baptistae.
1366 91 1374 95 ’
1399 88 1478 128 363

93 195 405 239 promissionibus,
431 200 468 231 ut
492 196 604 231 bonos
631 196 803 236 alliceret¹
833 195 970 231 dicens:
996 196 1244 241 poenitentiam
1273 195 1390 240 agite,
1417 203 1479 239 ap-

92 261 344 306 propinquabit
367 263 454 297 enim
482 273 625 308 regnum
655 262 851 304 coelor1un3
874 263 979 296 tertio
1004 260 1320 302 moderationibus,
1350 264 1386 294 ut
1409 270 1472 294 me-

93 323 231 361 diocres
254 328 422 372 paulatim
447 328 492 362 ad
519 328 765 373 perfectionem
792 327 1004 369 attraheret,
1039 327 1132 361 unde
1167 326 1279 361 turbis
1306 330 1339 361 et
1365 325 1480 372 publi-

91 391 188 426 canis
216 397 250 427 et
273 393 441 428 militibus
465 394 557 429 levia
583 393 802 438 imponebat,
840 396 876 425 ut
911 392 1130 436 postmodum
1168 392 1211 426 ad
1238 392 1374 437 majora
1398 402 1480 436 pro—

93 456 324 502 veherentur,
352 458 487 501 turbis‚
515 463 552 493 ut
576 469 685 503 opera
710 457 976 492 misericordiae
1004 458 1182 499 facerent,
1199 457 1418 501 npublicanis,
1446 462 1483 492 ut

93 532 132 557 se
157 523 200 557 ab
228 524 376 559 aliorum
402 525 559 569 appetitu
589 523 826 567 abstinerent,
862 521 1050 564 militibus,
1083 526 1120 556 ut
1156 523 1324 557 neminem
1354 532 1482 557 concu-

93 591 229 632 terent,
260 590 345 624 nulli
381 589 585 623 calumniam
616 588 833 623 facerentet
858 590 932 623 suis
957 587 1145 632 stipendiis
1175 589 1327 622 contenti
1352 593 1481 622 essent.

93 652 135 688 Et
158 654 357 697 notandum,
383 654 476 699 quod
497 657 637 689 sanctus
656 653 836 689 Joliannes
856 653 1077 699 evangelista
1102 653 1169 688 hac
1184 653 1241 688 die
1258 655 1423 700 migravit
1437 653 1481 688 ad

92 720 276 762 dominum,
303 719 366 754 sed
388 720 542 755 ecclesia
560 721 671 764 ipsius
690 720 813 754 festum
829 721 863 754 in
881 721 1020 754 tertium
1046 719 1136 754 diem
1161 723 1242 764 post
1263 719 1394 755 Christi
1420 729 1482 754 na-

89 788 260 822 tivitatem
294 786 540 822 celebrandum
580 786 750 828 instituit,
796 788 877 830 quia
910 790 989 819 tunc
1023 786 1099 830 ejus
1137 785 1287 820 ecclesia
1322 785 1485 820 dedicata

91 853 157 887 suit
191 857 226 888 et
259 854 477 888 sollemnitas
511 852 709 886 nativitatis
747 851 842 885 beati
874 850 1044 885 Johannis
1072 851 1250 896 baptistae
1275 853 1308 884 111
1337 861 1400 885 suo
1426 835 1483 886 die

93 920 279 962 remansit,
304 920 463 953 nimirum
489 919 571 962 quia
595 916 650 950 hic
675 916 750 950 dies
776 916 819 950 ab
845 916 972 962 angelo
999 916 1131 962 gaudio
1157 917 1350 951 nativitatis
1379 927 1482 962 prae-

92 985 248 1018 cursoris
274 983 534 1018 authenticatus
564 982 637 1016 suit.
687 981 763 1016 Non
792 986 905 1016 autem
944 982 1249 1027 dogmatizandum
1284 987 1355 1025 est,
1391 982 1481 1028 quod

93 1050 316 1096 evangelista
342 1049 521 1094 baptistae
547 1048 715 1090 cesserit,
749 1052 922 1093 tamquam
957 1050 1067 1082 minor
1098 1049 1246 1093 majori3
1288 1059 1356 1082 non
1393 1050 1482 1084 enim

93 1115 221 1150 decens
248 1119 322 1157 est,
351 1116 429 1160 quis
456 1115 569 1159 major
594 1114 639 1147 sit
666 1124 805 1155 eorum,
841 1114 1030 1159 disputare.
1080 1114 1180 1154 Quod
1205 1116 1308 1149 ctiam
1335 1115 1483 1160 quodam

92 1181 251 1226 exemplo
279 1181 446 1216 divinitus
474 1183 528 1214 est
552 1184 741 1230 ostensum.
791 1178 897 1213 Erant
924 1181 1023 1221 enini,
1049 1180 1243 1225 utlegitnr,
1271 1180 1339 1214 duo
1359 1180 1482 1214 docto>

92 1257 149 1281 res
174 1246 355 1292 theologi,
391 1256 534 1291 quorum
560 1255 647 1279 unus
672 1245 863 1280 Joliannem
892 1245 1100 1290 baptistam,
1126 1246 1216 1280 alter
1243 1257 1324 1280 vero
1349 1246 1481 1282 Johan-

92 1323 167 1348 nem
197 1312 449 1357 evangelistam
477 1310 724 1355 praeferebat3
761 1310 898 1345 tandem
935 1322 1042 1355 super
1071 1312 1137 1346 hoc
1168 1311 1328 1346 sollemni
1362 1312 1482 1357 dispu-

92 1379 226 1412 tatione
252 1368 385 1411 indicta
411 1376 559 1422 quilibet
587 1376 689 1411 valde
715 1377 889 1411 sollicitus
914 1381 990 1411 erat
1013 1380 1245 1412 auctoritates
1271 1382 1304 1412 et
1322 1378 1484 1417 ellit-aces

95 1444 251 1477 rationes
279 1444 457 1484 invenire,
492 1442 619 1487 quibus
646 1453 741 1476 suum
768 1442 959 1477 ,lohannem
988 1447 1107 1487 posset
1133 1444 1335 1488 praeferre,
1375 1443 1483 1478 adve-

94 1511 211 1543 niente
248 1512 361 1543 autem
399 1508 647 1553 disputationis
682 1507 739 1542 dic
773 1507 919 1553 quilibet
953 1512 1152 1542 sanctoruni
1187 1509 1393 1543 aemulatori
1421 1519 1484 1543 suo

93 1577 258 1620 apparuit
275 1576 377 1620 eique
403 1574 511 1609 dixit:
538 1574 627 1608 benc
645 1573 839 1608 concordes
857 1584 974 1607 sumus
1008 1575 1042 1607 in
1069 1573 1190 1616 coelis,
1219 1573 1262 1608 de
1283 1574 1384 1608 nobis
1412 1585 1479 1608 non

94 1640 281 1685 disputetis
316 1642 350 1674 in
382 1641 498 1675 terris.
548 1639 647 1673 Tunc
681 1639 730 1672 illi
761 1640 827 1673 sibi
855 1639 897 1673 ad
929 1640 1074 1673 invicem
1101 1646 1135 1674 et
1159 1641 1249 1673 omni
1277 1639 1406 1684 populo
1433 1641 1483 1673 vi-

94 1707 226 1740 sionem
251 1706 515 1751 publicaverunt
543 1709 575 1739 et
601 1704 772 1739 dominum
797 1704 1062 1740 benedixerunt.
1082 1726 1123 1731 —-
1149 1726 1188 1731 —
1216 1725 1258 1731 -
1284 1709 1329 1742 2.
1356 1705 1486 1740 Paulus

94 1771 412 1817 hystoriographus
444 1770 784 1817 Longobardorum,
817 1770 994 1806 Romanae
1029 1771 1205 1806 ecclesiae
1243 1771 1419 1816 dyaconus
1453 1775 1487 1805 et

94 1838 300 1872 casinensis
325 1836 530 1879 monachus,
555 1847 630 1871 cuni
651 1836 797 1871 deberet
822 1836 971 1882 quadam
1001 1838 1074 1871 vice
1102 1847 1238 1872 cereum
1264 1846 1486 1875 consecrare,

94 1903 214 1938 fauces
232 1903 309 1948 ejus
332 1913 457 1938 raucae
476 1902 593 1937 factae
615 1907 706 1944 sunt,
732 1913 805 1936 cuni
828 1903 925 1947 prius
946 1902 1078 1937 vocalis
1101 1906 1216 1945 esset3
1243 1906 1281 1936 ut
1307 1912 1392 1947 ergo
1419 1912 1485 1935 vox

94 1968 163 2002 sibi
187 1970 454 2010 restitueretur,
481 1967 640 2013 hymnum
667 1969 823 2010 scilicet,
857 1972 894 2002 ut
922 1973 1053 2014 queant
1077 1969 1168 2002 laxis
1195 1978 1363 2003 resonare
1390 1966 1487 2000 fibris

95 2035 182 2067 mira
209 2036 389 2078 gestorum
415 2033 535 2068 famuli
558 2040 695 2069 tuorum
721 2039 785 2069 etc.
815 2034 858 2068 ad
886 2034 1052 2069 honorem
1077 2035 1172 2069 beati
1196 2033 1366 2068 Johannis
1393 2042 1487 2065 com-

95 2100 223 2144 posuit,
249 2097 308 2132 ubi
336 2099 369 2132 111
396 2100 570 2144 principio
597 2101 684 2144 petit
709 2100 776 2133 sibi
804 2110 923 2134 vocem
950 2101 1101 2141 restitui,
1126 2101 1217 2132 sicut
1237 2101 1271 2131 et
1291 2096 1489 2130 Zachariae

97 2165 261 2198 restituta
286 2163 361 2198 l'uit.
412 2165 504 2199 Ossa
534 2169 751 2199 mortuorum
783 2165 981 2198 animalium
1016 2163 1256 2208 undecumque
1282 2163 1432 2197 collecta
1456 2162 1489 2194 111

95 2228 160 2263 hac
187 2228 312 2265 die.ab
338 2230 516 2276 aliquibus
546 2230 814 2273 comburuntur,
851 2231 950 2276 cujiis
982 2229 1110 2274 duplex
1136 2233 1190 2264 est
1218 2238 1344 2271 causa,
1380 2231 1417 2262 ut
1441 2229 1492 2261 ait

95 2285 275 2329 Johamies
300 2294 444 2331 Beleth:
469 2307 538 2331 una
562 2301 617 2332 est
642 2308 684 2332 ex
712 2297 877 2342 antiquae
894 2297 1123 2330 institutionis
1146 2295 1386 2336 observantia,
1413 2296 1492 2326 sunt

86 2360 223 2394 etenim
251 2359 420 2405 quaedam
446 2362 629 2404 animalia,
669 2372 759 2408 quae
794 2362 966 2396 dracones
1000 2365 1190 2403 vocantur,
1225 2370 1314 2405 quae
1350 2360 1384 2392 in
1411 2363 1492 2394 aere

98 2425 306 2467 volant,‘et
344 2426 378 2459 in
411 2427 511 2471 aquis
546 2432 685 2470 natant,
718 2429 752 2461 in
785 2432 880 2462 terra
907 2426 1105 2467 ambulant3
1142 2424 1352 2470 quandoque
1379 2416 1491 2458 autem

98 2490 176 2525 dum
203 2501 267 2535 per
295 2494 379 2525 aera
402 2491 639 2534 ambularent,
664 2492 710 2526 ad
736 2492 916 2526 libidinem
943 2490 1222 2532 concitabantur,
1251 2493 1286 2524 ct
1307 2490 1341 2523 111
1364 2491 1492 2534 puteis.

101 2560 134 2590 ct
166 2556 199 2589 in
235 2557 336 2601 aquis
372 2556 570 2591 fluvialibus
597 2567 735 2602 sperma
757 2558 941 2602 jactabant
971 2561 1005 2591 et
1033 2555 1112 2590 inde
1138 2555 1354 2602 sequebatur
1375 2555 1493 2591 letalis

101 2632 223 2656 annus.
273 2622 404 2656 Contra
428 2622 495 2656 hoc
519 2634 605 2669 ergo
633 2622 724 2657 istud
753 2624 925 2658 inventum
954 2622 1019 2656 suit
1044 2621 1308 2669 rcmmttunmut
1335 2621 1377 2656 de
1402 2623 1490 2656 ossi>

102 2687 169 2721 bus
196 2687 392 2722 animalium
422 2699 528 2733 rogus
557 2688 653 2723 lieret
690 2691 724 2723 et
749 2688 799 2723 sic
827 2688 911 2722 talia
935 2688 1098 2722 animalia
1125 2687 1238 2723 sumus
1265 2687 1425 2734 fugaret,
1462 2691 1493 2721 et
