1742 3005
264 95 342 135 852
466 98 559 144 Cap.
595 93 815 130 (thxxti.
884 93 942 128 De
974 92 1214 130 dedicatione
1245 94 1442 132 ecclesiae.

265 205 360 237 locus
387 199 576 235 sanctuarii
606 206 705 241 quam
732 196 859 230 chorus
886 200 919 230 et
944 195 1071 230 chorus
1098 206 1197 240 quam
1227 206 1373 240 corpus,
1400 199 1482 242 quia
1508 197 1649 243 dignior

266 272 318 302 est
335 265 421 299 ordo
452 265 621 308 virginum
642 272 741 307 quam
764 262 1013 295 continentium
1032 265 1065 296 et
1085 262 1332 295 continentium
1362 271 1460 306 quam
1479 264 1650 309 conjuga-

261 340 382 366 torum.
432 329 526 363 llaec
549 327 755 362 Ricliardus.
806 327 1020 369 Secundum,
1057 327 1191 361 scilicet
1222 327 1315 360 trina
1349 326 1393 360 ad
1420 328 1544 361 ostium
1571 339 1650 372 per-

262 398 396 433 cussio,
423 396 541 440 signat
565 394 691 438 triplex
715 394 794 437 jus,
831 393 923 438 quod
948 392 1055 426 habet
1082 392 1241 426 Christus
1269 393 1304 425 in
1332 392 1501 434 ecclesia,
1542 403 1648 437 quare

264 463 331 497 sibi
360 461 466 495 debet
493 461 635 504 aperiri.
682 457 744 492 Est
769 460 856 493 enim
888 469 952 492 sua
977 460 1173 499 creatione,
1209 457 1424 492 redemtione
1458 461 1491 491 et
1516 457 1650 503 glorifi-

265 529 414 562 cationis
439 527 681 571 permissione.
730 524 781 558 De
813 523 880 558 hoc
919 524 1048 568 triplici
1078 525 1158 568 jiire
1193 523 1276 557 dicit
1308 523 1512 558 Anselmus:
1545 528 1651 565 certe,

266 594 415 633 domine,
444 593 525 637 quia
551 602 602 625 me
629 591 756 631 t'ecisti,
784 590 895 624 debeo
915 592 1022 624 amori
1043 594 1101 624 tuo
1127 600 1180 624 me
1206 591 1316 633 ipsum
1342 594 1464 631 totum,
1492 589 1574 634 quia
1599 599 1651 623 me

266 659 462 699 redemisti,
497 656 608 691 itt-heo
637 657 746 689 amori
772 660 830 689 tuo
857 667 908 690 me
935 658 1046 700 ipsum
1073 659 1198 697 totam,
1233 656 1314 699 qaia
1341 659 1439 689 tanta
1465 655 1651 699 promittis,

265 723 378 757 debeo
413 733 464 756 me
498 724 609 766 ipsum
642 725 767 762 totum,
805 722 871 753 imo
906 725 1021 754 tamen
1056 721 1168 755 debeo
1196 723 1305 755 amori
1338 725 1396 755 tuo
1439 720 1515 764 plus
1550 729 1650 764 quam

265 800 316 823 me
342 790 465 832 ipsum,
495 792 658 832 quantum
684 791 720 820 tu
747 797 783 821 es
809 788 922 831 major
946 797 998 820 me
1024 788 1115 830 ipso,
1146 797 1208 830 pro
1235 797 1302 831 quo
1332 787 1460 821 dedisti
1487 789 1521 820 te
1538 787 1650 830 ipsum

266 860 299 889 et
334 838 389 888 cni
427 855 599 898 promittis
634 857 667 887 te
708 854 829 897 ipsum,
894 851 1005 886 Trina
1039 856 1150 886 autem
1195 852 1444 896 proclamatio:
1501 852 1650 886 attollite

265 924 384 964 portas
412 921 589 963 principes
618 923 771 960 vestras,
813 919 987 963 significat
1019 920 1140 951 trinam
1173 919 1249 962 ejus
1275 919 1482 962 potentiam,
1518 917 1652 950 scilieet

266 990 298 1020 in
327 986 448 1026 coelo,
479 987 511 1018 in
538 985 663 1018 mundo
693 989 727 1018 et
752 985 785 1017 in
811 984 959 1018 inferno.
1009 984 1132 1018 Tertio
1162 985 1308 1018 interius
1337 988 1370 1018 et
1390 984 1542 1018 exterius
1561 992 1653 1027 aqua

265 1051 449 1087 benedicta
485 1052 705 1095 aspergitur,
751 1049 843 1094 quod
883 1049 919 1083 lit
955 1049 1083 1094 triplici
1116 1049 1158 1083 de
1192 1060 1310 1083 cansa.
1360 1049 1474 1084 Primo
1508 1053 1653 1094 propter

266 1118 445 1152 daemonis
471 1116 721 1160 expulsionem.
771 1116 872 1160 Aqua
907 1117 994 1149 enim
1030 1115 1216 1150 benedicta
1242 1115 1349 1150 habet
1377 1116 1555 1160 propriam
1581 1116 1650 1149 vir·

263 1188 368 1218 tutem
416 1181 615 1226 expellendi
665 1182 776 1225 ipsum
821 1181 1018 1226 dyabolum.
1089 1180 1185 1216 Unde
1229 1183 1262 1215 in
1303 1183 1496 1216 exorcismo
1538 1190 1651 1225 aquae

265 1250 409 1283 dicitur:
445 1252 482 1281 ut
514 1249 562 1280 sis
599 1257 690 1291 aqua
725 1248 924 1281 exorcisata
958 1247 1002 1281 ad
1031 1246 1252 1292 effugandam
1280 1258 1411 1281 omnem
1441 1250 1650 1291 potestatem

265 1316 393 1349 inimici
427 1317 461 1348 et
490 1315 600 1357 ipsum
638 1314 809 1346 inimicum
843 1313 1025 1348 eradicare
1060 1318 1129 1350 ete.
1176 1312 1247 1347 lsta
1281 1317 1393 1347 autem
1428 1322 1519 1357 aqua
1543 1312 1651 1347 hene-

265 1382 358 1415 dicta
392 1380 427 1414 sit
458 1390 500 1414 ex
534 1383 703 1424 quatuor,
739 1379 874 1413 scilicet
905 1389 947 1413 ex
980 1389 1088 1425 aqua,
1127 1380 1219 1421 vino,
1253 1379 1328 1413 sale
1357 1383 1390 1413 et
1414 1380 1542 1420 cinere,
1569 1380 1651 1424 quia

263 1447 427 1482 videlieet
462 1450 612 1492 quatuor
654 1450 754 1487 sunt,
803 1456 893 1490 quae
935 1446 1083 1479 maxime
1125 1446 1293 1479 inimicum
1337 1445 1533 1489 expellunt,
1581 1446 1651 1479 sei-

264 1516 345 1548 licet
372 1513 600 1557 lacrymarum
630 1511 773 1553 effusio,
815 1521 903 1556 quae
936 1523 998 1556 per
1036 1521 1179 1557 aquam,
1216 1511 1412 1556 spiritualis
1451 1511 1651 1552 exsultatio,

265 1590 353 1626 quae
380 1590 442 1623 per
469 1580 600 1620 vinum,
636 1582 769 1611 matura
795 1576 981 1619 discretio,
1011 1588 1107 1623 {pute
1134 1588 1197 1622 per
1221 1577 1274 1610 sal
1311 1582 1363 1618 ‚et
1390 1577 1562 1621 profunda
1589 1576 1652 1611 liu-

264 1645 430 1686 miliatio‚
467 1654 557 1689 quae
594 1654 656 1688 per
689 1644 838 1677 cinerem
878 1643 1096 1688 designatur.
1154 1643 1315 1678 Secundo
1357 1648 1503 1689 propter
1541 1645 1651 1688 ipsius

265 1711 436 1745 eeclesiae
462 1711 715 1754 expiationem;
752 1710 867 1742 onmia
901 1711 988 1743 enim
1022 1714 1163 1744 terrena
1188 1709 1276 1744 liaeo
1303 1714 1447 1755 propter
1473 1713 1651 1754 peccatum

263 1780 428 1820 corrupta
457 1780 536 1810 sant
563 1780 597 1810 et
623 1775 783 1817 foedata,
813 1779 846 1809 et
871 1775 949 1809 ideo
976 1775 1072 1809 locus
1099 1777 1174 1819 ipse
1200 1785 1292 1820 aqua
1317 1775 1503 1810 benedicta
1527 1785 1650 1820 asper-

261 1842 377 1885 gitur,
422 1845 459 1874 ut
492 1841 535 1874 ab
571 1842 662 1874 omni
701 1840 869 1875 foeditate
904 1845 937 1875 et
980 1841 1195 1875 immunditia
1237 1842 1425 1884 liberetur,
1468 1845 1649 1886 purgetur,

261 1907 431 1950 expietur.
481 1906 564 1940 llinc
590 1911 643 1940 est
668 1907 790 1947 etiam,
827 1906 918 1951 qnod
953 1908 985 1939 in
1021 1906 1101 1951 lege
1136 1908 1250 1940 omnia
1282 1917 1392 1951 paene
1427 1918 1490 1951 per
1524 1916 1647 1951 aquam

261 1971 523 2005 mimdabantur.
573 1970 694 2005 Tertio
730 1975 874 2015 propter
910 1982 1042 2006 omnem
1077 1972 1322 2006 removendam
1356 1972 1646 2006 maledictionem.

260 2036 373 2070 Terra
408 2038 494 2069 enim
531 2046 551 2069 a
587 2037 760 2080 principio
795 2048 868 2070 eum
902 2037 1013 2071 fructu
1046 2048 1108 2071 suo
1136 2038 1412 2072 maledictionem
1445 2039 1582 2082 accepit
1607 2048 1646 2072 ex

260 2112 323 2142 ee,
351 2101 441 2146 quod
469 2112 510 2135 ex
538 2103 612 2146 ojus
640 2102 751 2135 fructu
779 2102 939 2147 deceptio
966 2103 1060 2137 sacta
1089 2103 1172 2145 l'uit,
1200 2113 1291 2148 aqua
1317 2114 1400 2138 vero
1428 2103 1511 2137 nulli
1538 2103 1647 2138 male-

257 2167 400 2200 dictioni
426 2167 613 2212 subj'aeuit.
663 2167 749 2201 llinc
785 2172 859 2210 est,
897 2169 989 2213 qnod
1027 2168 1186 2202 dominus
1221 2169 1371 2203 comedit
1402 2171 1550 2214 piscem,
1583 2169 1646 2204 sed

257 2243 324 2266 non
350 2232 479 2278 legitur
503 2232 698 2267 comedisse
725 2243 861 2268 carnem
889 2236 1111 2277 nominatim,
1148 2236 1216 2268 nisi
1250 2234 1339 2270 sorte
1374 2235 1417 2270 de
1442 2245 1534 2281 agno
1561 2246 1645 2280 pas—

256 2298 348 2331 chali
381 2303 525 2342 propter
559 2303 781 2343 praeceptum
815 2300 928 2345 legis,
971 2301 1004 2333 in
1045 2301 1238 2345 exemplum
1276 2301 1412 2335 scilicet
1445 2301 1646 2336 abstinendi

256 2363 447 2408 aliquando
474 2375 493 2398 a
521 2364 627 2398 licitis
655 2369 689 2398 et
715 2365 901 2410 aliquando
928 2365 1047 2400 eadem
1076 2366 1295 2403 comedendi.
1344 2366 1385 2401 Ut
1421 2377 1506 2412 ergo
1533 2368 1643 2401 omnis

255 2429 454 2463 maledictio
482 2435 703 2465 removeatur
731 2435 764 2464 et
789 2431 988 2465 benedictio
1017 2432 1275 2473 introducatur,
1311 2432 1392 2467 ideo
1418 2442 1510 2477 aqua
1534 2432 1641 2467 bene-

255 2494 349 2528 dicta
371 2495 608 2541 adspergitur.
660 2496 790 2535 Quarto
820 2498 851 2529 in
881 2499 1078 2541 pavimento
1105 2497 1327 2541 alphabetum
1346 2498 1522 2540 scribitur,
1548 2496 1640 2542 quod

255 2560 391 2602 quidem
413 2566 656 2605 repraesentat
676 2563 952 2606 conjuactionem
976 2563 1158 2608 utriusque
1184 2563 1316 2608 populi,
1343 2564 1478 2598 scilicet
1497 2561 1638 2607 gentilis

252 2629 285 2657 et
305 2624 441 2667 Judaei,
464 2627 691 2671 velpaginam
706 2629 885 2672 utriusque
907 2630 1102 2662 testamenti
1126 2629 1178 2663 vel
1199 2629 1365 2662 articulos
1385 2632 1524 2662 nostrae
1545 2626 1637 2661 fidei.

249 2689 335 2723 lllud
372 2692 457 2724 enim
494 2692 713 2736 alphabetum
741 2704 782 2728 ex
810 2693 936 2727 litteris
960 2695 1099 2739 graecis
1128 2698 1162 2728 et
1186 2694 1303 2728 latinis
1331 2694 1363 2727 in
1392 2703 1493 2727 cruce
1533 2692 1635 2727 sactis
