1742 3005
230 62 313 102 406
566 62 664 110 Cap.
694 59 831 96 XClv.
890 58 949 95 De
979 63 1109 95 sancto
1141 56 1286 94 Alexio.

233 171 271 202 ut
295 166 431 202 videam
457 164 563 199 fillum
588 174 716 206 meum,
749 167 787 197 ut
815 161 950 196 videam
985 163 1261 197 consolationem
1288 161 1424 195 animae
1456 166 1555 191 meae
1591 160 1624 190 et

235 234 294 278 qui
328 231 422 266 suxit
455 230 567 265 ubera
590 239 678 264 mea.
726 227 770 263 Et
795 239 870 263 cum
898 229 1120 273 pervenisset
1155 227 1200 261 ad
1234 236 1385 271 corpus,
1419 222 1623 258 incumbens

237 307 343 341 super
369 295 457 329 illud
492 295 684 329 clamabat:
717 293 785 329 lieu
811 304 885 336 me,
927 292 974 327 iili
999 294 1065 335 mi,
1099 293 1214 326 lumen
1247 292 1424 326 oculorum
1459 299 1624 329 meorum,
1660 334 1667 337 Δ

239 372 348 407 qnare
382 362 434 394 sic
467 360 584 395 iecisti
616 364 743 395 ettam
775 359 966 394 crudeliter
989 358 1170 393 nobiscum
1196 358 1332 404 egisti?
1377 356 1534 391 Videbas
1561 365 1625 400 pa-

239 432 326 461 trem
350 431 444 461 tuum
470 431 504 462 et
531 437 584 462 me
608 428 770 461 miseram
797 426 1029 470 lacrymantes
1055 428 1090 459 et
1114 435 1182 458 non
1210 421 1424 457 ostendebas
1448 426 1483 456 te
1515 423 1627 466 ipsum

242 493 364 527 nobis:
397 494 492 527 servi
516 494 567 527 tui
595 492 854 538 injuriabantur
880 491 945 525 tibi
970 494 1004 526 et
1032 489 1255 525 sustinebas!
1304 488 1349 524 Et
1375 489 1500 522 iterum
1525 491 1629 531 atque

243 560 367 594 iterum
385 558 633 604 prosternebat
649 569 688 593 se
707 568 815 603 supra
835 567 962 602 corpus
985 560 1019 591 et
1042 566 1131 590 nunc
1156 555 1303 590 brachia
1328 564 1436 599 super
1456 539 1542 586 ill'ud
1570 562 1632 586 ex-

246 624 435 670 pandebat,
456 634 545 658 nunc
572 609 730 658 manibus
756 623 953 669 angelicum
978 622 1107 657 vultum
1132 620 1375 657 contrectabat
1398 618 1633 662 osculansque

248 689 442 724 clamabat:
468 690 605 734 plorate
631 700 763 723 mecum
789 700 920 731 omnes,
951 691 1010 734 qui
1034 688 1180 730 adestis⁷
1209 689 1292 733 quia
1315 698 1379 732 per
1402 684 1497 720 XVII
1523 693 1634 718 annos

248 755 323 788 eum
350 756 385 788 in
411 754 512 788 domo
537 765 615 789 mea
639 754 748 788 habui
781 758 815 788 et
841 765 911 787 non
935 755 1102 799 cognovi,
1143 755 1225 798 quia
1256 754 1378 787 unicus
1414 751 1505 785 iilius
1539 759 1636 784 meus

250 823 365 864 esset,
399 822 495 856 servi
519 821 622 855 etiam
648 831 724 854 eum
748 819 1037 853 conviciabantur
1060 823 1094 854 et
1120 810 1233 863 alapis
1263 817 1516 863 percutiebant.
1565 814 1638 850 ileu

250 896 322 928 me,
348 887 426 931 quis
455 886 554 921 dabit
578 886 688 920 oculis
715 886 800 920 meis
827 885 956 920 sontem
981 886 1232 930 lacrymarum,
1262 889 1299 918 nt
1324 884 1489 929 plangam
1515 881 1571 916 die
1599 891 1639 915 ac

251 954 354 985 nocte
379 951 535 987 dolorem
559 953 696 985 animae
722 952 849 986 meae?
897 951 1037 996 Sponsa
1054 942 1137 986 vero
1160 952 1237 997 ejus
1254 951 1376 985 induta
1394 954 1493 984 veste
1512 949 1640 984 Adria-

251 1018 324 1051 tioa
349 1019 502 1052 cucurrit
526 1018 668 1063 plorans
695 1021 728 1051 et
756 1016 895 1050 dicens:
930 1016 997 1051 heu
1023 1027 1096 1059 me,
1134 1019 1217 1062 quia
1249 1017 1355 1051 bodie
1382 1015 1544 1051 desolata
1568 1025 1642 1049 sum

252 1086 288 1117 et
312 1084 462 1127 apparui
487 1083 605 1125 vidua,
623 1085 696 1128 jam
724 1093 793 1116 non
816 1082 945 1124 liabeo,
973 1083 1008 1116 in
1034 1094 1133 1128 quem
1159 1084 1371 1128 conspiciam
1396 1092 1459 1116 nec
1483 1083 1518 1115 in
1544 1091 1645 1126 quem

254 1147 377 1181 oculos
402 1148 533 1191 levem,
558 1158 649 1182 nunc
674 1152 808 1193 ruptum
836 1152 890 1182 est
914 1148 1092 1192 speculum
1118 1159 1228 1183 meum
1255 1154 1288 1183 et
1311 1150 1416 1193 periit
1441 1158 1522 1192 spes
1548 1156 1644 1180 mea:

256 1212 382 1247 amodo
409 1215 526 1259 coepit
549 1214 671 1256 dolor,
707 1215 765 1259 qui
791 1214 890 1249 finem
916 1226 985 1249 non
1011 1215 1126 1250 babet.
1175 1215 1329 1259 Populus
1356 1218 1470 1248 autem
1498 1212 1645 1247 audiens

256 1278 322 1313 hoc
356 1279 632 1324 lacrymabiliter
664 1280 782 1315 flebat.
833 1280 934 1315 Tunc
967 1280 1129 1326 pontifex
1161 1291 1235 1314 cum
1260 1280 1540 1325 ,imperatoribus
1580 1289 1646 1323 po-

258 1350 402 1380 suerunt
434 1356 561 1391 corpus
596 1347 631 1380 in
664 1346 837 1381 honorato
872 1347 1004 1382 feretro
1038 1352 1071 1382 et
1097 1347 1269 1382 duxerunt
1294 1347 1329 1379 in
1355 1345 1501 1380 mediam
1525 1346 1647 1379 civita-

258 1416 326 1446 tem
355 1416 389 1447 et
412 1414 605 1447 nuntiatum
634 1417 687 1447 est
711 1413 842 1458 populo
867 1415 1042 1448 inventum
1069 1424 1148 1448 esse
1170 1412 1343 1446 hominem
1368 1411 1446 1454 Dei,
1475 1421 1576 1456 quem
1602 1411 1651 1445 ci-

259 1479 351 1513 vitas
378 1482 453 1512 tota
478 1479 693 1524 quaerebat,
730 1484 764 1514 et
790 1489 908 1515 omnes
937 1479 1076 1513 obviam
1109 1478 1296 1513 currebant
1328 1481 1462 1512 sancto.
1512 1477 1550 1511 Si
1576 1478 1654 1523 quis

262 1547 376 1577 autem
401 1543 555 1579 infirmus
583 1545 669 1579 illud
697 1556 824 1591 corpus
851 1547 1108 1593 sanctissimum
1134 1544 1326 1590 tangebat,
1357 1545 1516 1588 protinus
1552 1553 1653 1577 cura-

262 1608 379 1649 batur,
405 1611 499 1644 caeci
518 1612 628 1644 visum
647 1611 877 1656 recipiebant,
906 1611 1123 1645 daemoniaci
1152 1610 1373 1645 curabantur.
1421 1608 1656 1655 imperatores

265 1679 379 1710 autem
404 1680 503 1710 tanta
528 1675 704 1710 mirabilia
728 1677 888 1712 videntes
904 1681 1095 1722 coeperunt
1116 1687 1180 1722 per
1199 1687 1236 1711 se
1257 1687 1332 1710 cum
1351 1675 1513 1721 pontifice
1531 1675 1658 1709 lectum

266 1745 430 1786 portare,
477 1746 514 1777 ut
556 1746 590 1776 et
629 1744 699 1786 ipsi
739 1742 1042 1776 sanctificarentur
1073 1743 1117 1776 ab
1164 1742 1286 1776 eodem
1331 1752 1480 1785 corpore
1524 1744 1657 1776 sancto.

268 1805 370 1840 Tunc
395 1808 625 1851 imperatores
646 1808 830 1852 jusserunt
856 1808 993 1851 copiam
1018 1809 1093 1841 auri
1119 1811 1154 1841 et
1175 1808 1313 1852 argenti
1330 1808 1364 1839 in
1379 1806 1507 1850 plateis
1524 1806 1658 1850 spargi,

268 1875 306 1905 ut
329 1871 454 1907 turbae
483 1877 738 1916 occuparentur
762 1882 882 1914 amore
907 1874 1131 1917 pecuniarum
1156 1876 1190 1907 et
1216 1873 1369 1907 sinerent
1394 1882 1521 1916 corpus
1548 1872 1662 1905 sancti

270 1936 462 1982 perducere
488 1937 533 1971 ad
560 1938 755 1973 ecclesiam.
807 1938 875 1973 Sed
909 1938 1010 1983 plebs
1051 1949 1169 1973 amore
1200 1939 1424 1982 pecuniarum
1454 1938 1661 1981 ¹)seposito

271 2004 384 2047 magis
410 2012 449 2037 ac
474 2005 586 2049 magis
612 2003 656 2037 ad
683 2007 811 2038 tactum
837 2005 1067 2053 sacratissimi
1092 2005 1253 2048 corporis
1277 2003 1436 2038 irruebat
1461 2007 1495 2037 et
1520 2004 1572 2036 sic
1589 2012 1663 2037 eum

271 2078 399 2113 magno
436 2068 560 2104 labore
593 2069 636 2103 ad
669 2069 834 2114 templum
869 2072 981 2104 sancti
1019 2069 1195 2104 Bonisacii
1227 2070 1382 2103 martiris
1413 2068 1499 2103 illud
1525 2068 1664 2103 tandem

272 2136 513 2181 perduxerunt
546 2138 580 2170 et
615 2135 686 2169 illie
720 2145 784 2180 per
816 2139 951 2180 septem
985 2135 1061 2170 dies
1096 2136 1131 2169 in
1155 2136 1220 2171 Dei
1244 2135 1408 2169 laudibus
1433 2135 1665 2180 persistentes

275 2202 415 2246 operati
440 2204 519 2234 sunt
543 2205 798 2236 monumentum
827 2212 868 2236 ex
893 2212 978 2236 auro
1006 2205 1040 2237 et
1065 2203 1209 2249 gemmis
1237 2205 1271 2236 et
1288 2200 1465 2246 lapidibus
1486 2201 1666 2244 pretiosis,

276 2267 311 2301 in
339 2277 406 2312 quo
431 2270 586 2300 sanctum
615 2278 741 2312 corpus
769 2278 843 2302 cnm
871 2278 999 2314 magna
1035 2269 1261 2303 veneratione
1293 2266 1566 2304 colloczwerunt.
1618 2265 1668 2300 De

276 2333 356 2377 ipso
383 2342 522 2378 quoque
548 2337 768 2384 monumento
794 2335 845 2367 ita
871 2335 1101 2369 suavissimus
1127 2333 1215 2368 odor
1240 2333 1425 2379 fragravit,
1453 2337 1490 2367 ut
1510 2331 1668 2366 omnibus

279 2397 458 2432 videretur
490 2398 706 2433 aromatibus
741 2409 820 2433 esse
843 2399 993 2444 plenum.
1044 2400 1141 2435 Obiit
1166 2403 1280 2435 autem
1309 2398 1398 2434 XVI.
1425 2398 1490 2434 eal.
1517 2398 1667 2443 Augusti

279 2464 374 2498 circa
398 2473 510 2498 annos
539 2464 671 2499 domini
697 2464 935 2501 CCCXCVllI.

349 2563 378 2595 1)
396 2562 456 2591 Alii
475 2563 553 2591 male
572 2564 799 2600 supposito.
