1742 3005
337 136 432 184 Cap.
453 134 678 172 CCXXVH.
737 134 796 172 De
827 139 957 171 saneto
991 133 1216 170 Fortunato.
1386 132 1467 173 941

86 246 228 266 coronam
250 238 378 274 accepit.
415 241 571 273 Tyrannus
599 247 708 273 nempe
733 241 841 265 vocato
866 240 988 264 Irenaeo
1015 246 1080 264 cum
1107 241 1171 264 toto
1195 236 1311 272 populo
1339 236 1395 265 ait:
1422 243 1473 265 aut

85 282 149 310 Diis
167 283 278 310 nostris
297 283 430 311 sacrifica
450 288 479 311 et
496 283 550 310 tali
568 282 636 310 loco
653 281 778 316 ydolum
796 281 904 314 adora,
923 286 952 309 et
969 281 1057 309 vives
1077 291 1144 308 cum
1163 281 1278 316 populo
1296 286 1349 309 tuo
1368 286 1419 309 aut
1437 292 1474 309 ex

86 327 180 355 altero
199 328 275 361 elige
294 333 420 355 mortem
438 327 592 354 adorando
611 336 737 354 crucem.
774 329 845 354 Mox
865 326 979 361 populo
998 326 1105 353 iterum
1124 325 1278 353 admonito
1297 326 1337 353 ad
1356 336 1474 354 crucem

87 382 153 400 cum
171 372 285 408 populo
305 372 449 405 cucurrit,
472 381 506 400 ac
533 371 679 400 satellites
703 370 884 398 daemonum
909 374 1004 397 totam
1029 369 1113 397 illam
1141 374 1275 397 sanctam
1299 370 1474 398 societatem

86 416 125 443 ad
143 417 244 444 coelos
262 427 317 452 per
334 415 459 444 martirii
478 416 609 451 palmam
632 415 810 447 emiserunt,
835 414 993 441 currebant
1017 424 1072 450 per
1096 414 1213 449 plateas
1237 415 1296 442 rivi
1321 415 1475 448 sauguinis

87 461 222 495 pretiosi.
257 464 398 489 Sanctum
416 469 489 488 vero
508 464 663 487 Irenaeum
682 464 764 486 tanta
783 458 959 485 crudelitate
977 463 1182 492 vexaverunt,
1202 459 1284 493 quod
1300 460 1354 487 vix
1371 461 1475 488 valeat

88 506 232 539 enarrari,
258 511 287 533 et
306 506 337 533 in
355 505 512 533 tormentis
532 505 606 539 ipsis
624 503 744 531 felicem
764 503 892 529 animam
912 502 1037 530 laudans
1056 506 1150 530 Deum
1170 504 1279 531 emisit.
1315 508 1383 539 Ipse
1402 514 1475 532 vero

88 550 223 585 sepultus
259 555 304 578 est
336 560 352 577 a
383 551 473 577 beato
507 549 648 577 Zacharia
682 549 711 575 in
739 552 841 582 crypta
866 547 1064 574 abditissima.
1101 548 1235 582 Septimo
1259 553 1359 576 autem
1385 549 1434 576 die
1460 560 1478 576 a

87 595 228 629 passione
255 604 308 622 sua
335 605 401 623 cum
425 594 617 622 multitudine
646 592 799 619 martirum
825 596 928 619 sancto
955 592 1111 627 Policarpo
1137 592 1277 630 apparuit
1304 593 1406 620 dicens
1433 594 1476 621 ei:

88 648 215 671 agnosce
233 639 337 672 fitium,
358 649 445 673 quem
463 637 598 670 emisisti,
618 643 704 673 pater
722 641 840 668 sancte3
860 646 928 663 ecce
946 636 1115 672 accepimus
1129 637 1370 672 promissionem,
1390 648 1477 672 quam

87 683 176 711 nobis
193 684 332 719 promisit
350 694 401 711 rex
420 684 572 711 coelorum
590 687 620 709 et
638 687 750 714 terrae,
778 681 828 715 qui
855 686 900 708 est
919 685 998 708 Deus
1019 682 1199 709 benedictus
1215 682 1246 709 in
1265 682 1383 709 saecula
1410 692 1478 711 sae-

88 728 230 757 culorum.
254 731 360 755 Amen.
395 729 449 755 Hic
468 727 617 761 siquidem
636 727 783 759 gloriosus
802 727 906 754 martir
925 726 964 753 ad
983 732 1102 754 sanctae
1121 727 1224 754 matris
1243 732 1363 755 nostrae
1382 729 1480 756 eccle-

88 773 148 800 siae
165 772 418 800 constructionem
433 777 462 800 et
481 771 721 799 aedificationem
741 771 892 807 praeclara
905 771 1025 806 scripsit
1037 772 1201 805 volumina,
1214 773 1359 801 adversus
1375 778 1479 806 gentes

88 817 126 844 de
152 817 313 853 disciplina
338 822 441 844 contra
467 818 605 844 haereses
632 816 726 843 libros
754 816 902 850 quinque,
936 817 975 843 ad
999 816 1133 843 Blastum
1167 818 1204 844 de
1232 818 1408 852 schismate,
1441 818 1479 845 de

87 862 259 889 monarchia
278 862 349 894 Dei,
377 861 414 890 de
440 862 581 894 ogleade‚
606 861 643 888 de
666 862 780 896 pascha
803 862 842 888 ad
867 861 1020 889 Victorem
1045 872 1169 897 papam,
1197 863 1234 890 de
1253 863 1478 898 praedicatione

88 906 255 942 apostolica
275 911 304 934 et
322 906 380 933 alia
399 906 502 934 multa.
540 909 703 933 coronatus
723 911 767 934 est
787 912 885 934 autem
905 910 1011 940 quarto
1032 907 1086 933 cal.
1106 907 1177 935 Julii
1197 908 1251 935 sub
1270 911 1370 935 Marco
1385 911 1480 935 Anto-

88 951 159 978 nino
179 959 257 979 anuo
276 951 454 980 salvaltonis
474 954 611 979 CLXXV.

481 1265 608 1328 cAP.
644 1264 889 1327 ccxxvll.
925 1265 1082 1329 (198.)

257 1369 374 1412 De
428 1368 740 1412 sancto
797 1368 1315 1413 Fortunato.

191 1480 371 1505 Fortunatus
399 1477 560 1513 episcopus
587 1476 771 1504 Tudertinus
797 1475 828 1502 iu
854 1474 1021 1509 effugandis
1046 1477 1202 1512 spiritibus
1227 1477 1313 1504 malis
1339 1477 1484 1504 iuuuensa

93 1522 214 1550 virtutis
229 1523 321 1555 gratia
332 1522 480 1558 pollebat,
494 1523 535 1549 ita
547 1527 579 1549 ut
591 1531 805 1555 nonnunquam
817 1522 854 1548 ab
870 1522 1004 1549 obsessis
1021 1522 1198 1557 corporibus
1214 1521 1347 1554 legiones
1360 1522 1485 1549 daemo-

93 1577 164 1594 num
182 1567 325 1602 pelleret,
354 1571 387 1594 ut
413 1567 502 1595 divus
529 1567 602 1594 dicit
626 1566 785 1599 Gregorius
811 1567 841 1593 in
868 1567 965 1602 primo
985 1567 1063 1594 libro
1083 1567 1279 1600 dyalogorum
1297 1567 1335 1593 de
1355 1567 1485 1600 quadam

92 1611 218 1639 muliere
236 1621 290 1647 per
309 1621 377 1640 eum
395 1617 508 1641 sanata.
543 1611 611 1639 Alio
638 1611 728 1638 etiam
752 1616 887 1647 tempore
913 1612 969 1638 Dei
996 1611 1125 1639 famulus
1153 1621 1188 1639 ex
1208 1613 1334 1640 obsesso
1354 1612 1485 1646 quodam

92 1656 214 1684 homine
232 1656 418 1684 immundum
438 1656 576 1691 spiritum
596 1657 743 1689 excussit;
763 1657 814 1691 qui
832 1657 980 1690 malignus
997 1657 1120 1692 spiritus
1137 1667 1203 1684 cum
1220 1662 1485 1692 vesperascentem

92 1703 152 1736 jam
171 1706 316 1729 secretam
335 1703 372 1729 ab
391 1701 564 1730 homiuibus
583 1702 686 1728 horam
706 1706 855 1734 cerneret,
880 1702 1070 1736 peregrinum
1095 1702 1267 1737 quempiam
1295 1712 1360 1730 esse
1386 1712 1417 1730 se
1445 1702 1485 1730 si-

93 1746 226 1779 mulans,
255 1756 371 1774 currere
398 1747 498 1782 coepit
525 1746 656 1777 civitatis
676 1746 792 1781 plateas
812 1751 841 1773 et
861 1746 1005 1774 clamare:
1032 1755 1049 1774 o
1068 1747 1167 1773 virum
1186 1751 1323 1774 sanctum
1340 1752 1484 1775 Fortuna-

93 1796 156 1820 tum
177 1792 362 1828 episcopum,
381 1801 450 1819 ecce
469 1791 543 1825 quid
560 1791 649 1818 fecit!
676 1792 864 1826 peregrinum
884 1791 1038 1818 homiuem
1057 1791 1095 1818 de
1118 1791 1252 1826 hospitio
1279 1801 1332 1820 suo
1360 1793 1486 1828 expulit,

93 1845 221 1870 quaero,
240 1836 293 1864 ubi
310 1836 497 1870 requiescere
517 1836 662 1868 debeam,
687 1841 717 1863 et
734 1836 765 1863 iu
785 1836 908 1863 civitate
928 1837 992 1871 ejus
1010 1844 1071 1863 non
1090 1836 1223 1864 invenio.
1259 1840 1344 1864 Tunc
1363 1838 1486 1872 quidam

92 1874 125 1908 i¹u
149 1881 283 1916 hospitio
309 1890 363 1909 suo
389 1891 456 1909 cum
481 1889 574 1908 uxore
593 1889 646 1907 sua
665 1885 695 1908 et
714 1881 778 1908 filio
796 1881 925 1916 parvulo
945 1881 984 1907 ad
1003 1890 1113 1916 prunas
1133 1881 1274 1915 sedebat,
1301 1883 1352 1916 qui
1378 1892 1486 1911 vocem

93 1927 156 1960 ejus
180 1926 319 1960 audiens,
346 1931 374 1954 et
401 1926 475 1960 quid
499 1925 526 1953 ei
553 1925 714 1960 episcopus
740 1925 862 1958 fecerit,
893 1926 1048 1959 requirens
1084 1935 1151 1953 euin
1171 1926 1314 1954 invitavit
1340 1928 1484 1963 hospitio,

94 1971 198 1998 sedere
217 1980 285 1998 eum
302 1972 386 2006 juxta
403 1979 515 2007 prunas
540 1969 622 1998 fecit.
659 1973 790 2004 Cumque
814 1970 951 1998 vicissim
977 1970 1077 2004 aliqua
1105 1971 1388 2006 confabularentur,
1416 1983 1486 2008 par-

93 2016 199 2043 vulum
216 2018 280 2048 eius
297 2015 395 2043 filium
412 2015 494 2043 idem
512 2015 660 2047 malignus
679 2015 801 2049 spiritus
821 2015 933 2043 invasit
952 2020 1042 2050 atque
1059 2015 1091 2043 iu
1110 2016 1218 2044 iisdem
1236 2017 1341 2052 prunis
1359 2019 1487 2053 projecit

94 2061 197 2093 ibique
216 2061 346 2088 animam
364 2062 428 2093 eius
447 2059 596 2093 excussit,
622 2059 673 2094 qui
692 2060 815 2087 orbatus
837 2060 944 2093 miser,
969 2060 1019 2087 vel
1044 2070 1133 2094 quem
1158 2060 1225 2095 ipse
1251 2062 1418 2096 susceperit
1435 2062 1488 2089 vel

95 2114 183 2138 quem
203 2103 363 2139 episcopus
383 2103 564 2137 expulisset,
591 2103 723 2134 agnovit.
759 2104 828 2130 Alio
852 2113 971 2137 quoque
1000 2109 1135 2138 tempore
1155 2104 1226 2130 dum
1246 2102 1400 2132 Oculorum
1419 2106 1485 2139 qui-

95 2150 165 2176 dam
182 2149 284 2175 lumen
301 2146 466 2179 amisisset,
493 2146 532 2172 ad
554 2147 633 2173 hunc
659 2146 805 2174 deductus
831 2148 1056 2175 intercessionis
1085 2150 1148 2182 ejus
1167 2156 1257 2183 opem
1275 2149 1363 2183 petiit
1382 2154 1412 2176 et
1430 2150 1486 2177 im-

95 2194 236 2230 petravit.
272 2191 431 2219 Marcellus
451 2190 541 2218 etiam
559 2196 694 2218 mortuus
713 2192 752 2218 ad
771 2202 875 2226 preces
895 2201 963 2219 suas
989 2197 1017 2220 et
1043 2202 1163 2220 suarum
1189 2202 1325 2221 sororum
1348 2194 1485 2222 flentium

96 2239 255 2268 suscitatus
275 2242 320 2265 est
340 2241 369 2264 et
388 2236 490 2264 oculos
510 2235 646 2271 aperiens
666 2236 890 2271 respiciensque
910 2242 1046 2265 sanctum
1064 2241 1258 2265 Fortunat-un
1277 2239 1335 2266 ait:
1355 2247 1372 2266 o
1391 2244 1486 2275 pater,

96 2290 135 2319 et,
155 2284 229 2319 qnid
246 2282 362 2310 fecisti!
381 2282 440 2309 heu
458 2281 590 2314 domine,
610 2281 684 2315 quid
701 2281 815 2309 iecisti!
852 2282 906 2309 llle
926 2283 982 2309 ait:
1010 2282 1070 2310 dno
1096 2283 1235 2311 hesterna
1262 2283 1311 2310 die
1329 2289 1486 2318 venerunt,

96 2330 148 2364 qui
170 2326 225 2356 me'
243 2328 395 2362 ejicientes
423 2336 459 2353 ex
483 2335 608 2362 corpore
636 2326 667 2354 in
690 2328 803 2354 bonum
829 2327 929 2354 locum
963 2328 1125 2362 duxeruut,
1158 2328 1249 2355 hodie
1280 2332 1380 2355 autem
1410 2338 1486 2356 unus

96 2374 206 2402 missus
224 2377 287 2406 est,
306 2372 356 2407 qui
374 2371 466 2399 dixit:
484 2371 617 2399 reducite
636 2381 719 2403 eum,
746 2371 814 2406 quia
833 2376 1010 2400 Fortunatus
1030 2373 1191 2409 episcopus
1210 2373 1240 2400 iu
1260 2372 1383 2400 domum
1402 2373 1484 2401 illius

96 2419 194 2451 venit3
222 2423 251 2446 et
270 2417 382 2445 diutius
400 2422 472 2453 post
496 2417 527 2444 in
551 2417 607 2444 hac
625 2417 688 2444 vita
706 2417 824 2446 mansit.
861 2420 971 2445 Beatus
989 2427 1062 2445 vero
1082 2418 1242 2455 episcopus
1262 2418 1292 2445 iu
1310 2418 1485 2451 veneranda.

98 2474 150 2492 sua
167 2467 321 2492 senectute
339 2462 447 2499 plenus
465 2462 554 2490 bonis
574 2462 715 2498 operibus
734 2461 873 2495 migravit
893 2463 932 2490 ad
950 2463 1116 2491 dominum.
