1742 3005
461 129 557 180 Cap.
590 130 670 168 CL.
729 130 787 168 De
818 138 948 168 saneta
980 131 1149 183 Pelagia.
1419 135 1500 176 675

110 235 298 271 chumenos
324 233 518 272 abscedere
543 238 798 282 praecepisset,
823 236 984 272 columba
1011 236 1184 282 disparuit
1207 241 1241 274 et
1260 242 1339 284 post
1357 242 1497 277 missam

107 301 249 338 rediens
285 305 320 336 et
355 301 398 336 ab
433 303 510 347 ipso
543 304 712 348 episcopo
750 303 782 336 in
811 313 893 338 vase
919 303 1066 349 quodam
1093 313 1207 348 aquae
1233 315 1349 340 mersa
1372 308 1499 343 inunda

110 372 145 403 et
171 366 324 402 candida
352 368 473 402 exiens
500 372 568 402 tam
595 368 664 403 alte
691 368 838 410 volavit,
875 368 967 414 quod
999 368 1108 404 videri
1142 380 1210 404 non
1244 373 1366 415 potuit.
1414 372 1497 409 Evi—

105 433 223 480 gilans
249 434 370 479 igitur,
397 432 473 467 dum
500 433 648 479 quadam
676 435 749 468 vice
777 433 821 467 ad
847 434 1029 468 ecclesiam
1057 435 1251 478 procedens
1277 437 1499 480 praedicaret

106 503 141 535 et
165 498 314 545 Pelagia
347 509 514 544 praesens
549 502 663 540 esset,
697 498 785 532 adeo
821 502 1028 543 compuncta
1065 503 1135 541 est,
1172 500 1266 545 quod
1301 504 1331 535 ei
1358 503 1494 540 litteras

105 575 170 610 per
193 566 348 599 nuntium
375 566 468 598 misit
492 563 632 598 dicens:
657 566 778 597 sancto
806 565 975 609 episcopo
1003 563 1174 609 discipulo
1201 565 1331 600 Christi
1350 567 1497 615 Pelagia

105 629 281 675 discipula
307 628 468 674 dyab0113
505 629 535 662 si
569 638 651 662 vere
678 627 807 662 Christi
834 629 1028 674 discipulus
1056 631 1317 676 comprobaris,
1344 635 1426 678 qui,
1458 640 1496 670 ut

104 695 242 737 audivi,
268 705 332 740 pro
357 693 604 740 peccatoribus
631 693 675 729 de
700 695 801 729 coelo
827 694 1028 739 descendit,
1063 707 1116 732 me
1144 699 1395 742 peccatricem,
1429 701 1492 736 sed

102 762 338 808 poenitentem
365 761 546 804 suscipere
572 758 739 805 digneris.
789 760 851 795 Cui
878 761 938 796 ille
963 763 1116 797 remisit:
1148 773 1259 809 rogo,
1292 769 1329 799 ut
1354 765 1493 801 humili-

74 820 205 862 *tatem
238 836 349 862 meam
387 836 457 860 non
487 828 624 867 tentes,
657 827 739 870 quia
774 825 877 861 homo
910 831 1076 872 peccator
1109 838 1206 871 suni,
1249 830 1311 864 sed
1348 832 1378 864 si
1410 842 1491 867 vere

101 892 233 927 salvari
266 892 469 934 desideras,
511 891 622 925 solum
654 901 706 926 me
744 891 863 926 videre
893 903 958 926 non
994 895 1148 937 poteris,
1183 894 1244 929 sed
1280 896 1371 930 inter
1401 897 1492 932 alios

101 968 154 994 me
186 958 335 994 videbis.
385 957 538 1002 Cumque
571 956 616 990 ad
652 966 728 991 eum
765 966 880 991 coram
924 958 1084 1002 pluribus
1118 958 1340 1004 advenisset,
1383 962 1491 1007 pedes

100 1025 178 1069 ejus
209 1022 443 1068 apprehendit
476 1026 510 1057 ct
542 1022 760 1056 amarissime
795 1021 881 1057 sseus
914 1022 1028 1058 dicere
1061 1026 1196 1069 coepit:
1230 1036 1298 1071 ego
1323 1037 1395 1061 sum
1424 1028 1487 1064 Pe-

99 1089 198 1135 lagia
227 1088 376 1134 pelagus
410 1089 606 1132 iniquitatis
641 1087 820 1122 exundans
854 1088 1014 1123 fluctibus
1046 1095 1285 1134 peecatorum.
1320 1103 1388 1137 ego
1415 1104 1489 1128 sum

98 1154 310 1199 perditionis
337 1153 506 1198 abyssus,
534 1163 601 1199 ego
629 1163 763 1199 vorago
792 1158 825 1189 et
849 1154 997 1199 laqueus
1023 1156 1236 1198 animarum,
1271 1157 1397 1192 multos
1426 1158 1487 1193 de-

98 1223 221 1265 ceptos
246 1219 389 1264 decepi,
416 1228 505 1264 quae
531 1228 619 1253 nunc
645 1224 770 1253 cuncta
797 1219 979 1263 perhorrui
1042 1220 1141 1254 Tunc
1167 1222 1354 1266 episcopus
1382 1225 1487 1258 inter—

97 1286 238 1332 rogavit
271 1295 345 1321 eam
379 1284 518 1319 dicens:
554 1284 647 1330 quod
682 1285 746 1319 tibi
773 1296 897 1320 nomen
924 1286 1006 1320 est?
1055 1286 1116 1320 Cui
1145 1286 1221 1320 illa:
1258 1297 1279 1321 a
1303 1290 1487 1324 nativitate

95 1351 243 1396 Pelagia
269 1361 388 1393 vocor,
417 1350 480 1385 sed
508 1354 655 1396 propter
680 1352 961 1386 vestimentorum
987 1361 1147 1396 pompam
1174 1362 1227 1385 me
1254 1352 1486 1399 Margaritani

95 1417 287 1463 appellant.
335 1416 437 1450 Tunc
471 1417 660 1461 episcopus
694 1417 884 1451 clementer
916 1426 989 1451 eam
1016 1418 1212 1461 suscipiens
1238 1420 1486 1462 poenitentiam

95 1484 128 1518 ei
153 1481 342 1517 salutarem
367 1481 519 1527 injunxit
543 1485 578 1516 et
602 1482 636 1515 in
660 1481 725 1515 Dei
750 1483 873 1516 timore
902 1481 1093 1527 diligenter
1122 1484 1287 1518 instruxit
1318 1488 1352 1519 et
1383 1496 1486 1520 sacro

94 1548 308 1594 baptismate
341 1548 576 1594 regeneravit.
626 1546 803 1592 Dyabolus
838 1551 952 1581 autem
986 1547 1112 1582 ibidem
1148 1548 1322 1583 clamabat
1347 1549 1485 1585 dicens:

95 1625 117 1649 o
154 1613 343 1657 violentia,
389 1622 490 1659 quam
533 1613 651 1658 patior
683 1613 726 1646 ab
768 1612 834 1647 hoc
865 1622 949 1648 sene
985 1612 1184 1658 decrepito!
1235 1613 1262 1649 Ο
1299 1615 1484 1651 violentia!

95 1678 124 1714 0
160 1683 323 1714 senectus
355 1679 467 1714 mala!
516 1677 730 1714 Maledictus
764 1677 858 1721 dies,
904 1680 936 1712 in
973 1689 1041 1724 quo
1082 1681 1278 1715 contrarius
1311 1685 1413 1716 natus
1448 1693 1484 1717 es

94 1743 248 1791 mihique
283 1755 379 1790 spem
411 1753 522 1779 meam
553 1744 733 1777 maximam
767 1743 957 1778 abstulisti.
1008 1743 1164 1784 Quadam
1201 1747 1346 1791 insuper
1369 1752 1484 1789 nocte,

93 1821 170 1846 cum
202 1810 352 1856 Pelagia
385 1809 573 1852 dormiret,
614 1808 786 1854 dyabolus
828 1809 873 1844 ad
910 1819 984 1844 eam
1027 1812 1121 1845 venit
1152 1814 1186 1846 et
1219 1821 1293 1846 eam
1327 1814 1484 1848 excitans

94 1875 185 1912 dixit
209 1875 296 1911 sibi:
322 1875 462 1910 domina
487 1874 704 1921 Margarita,
742 1874 824 1920 quid
852 1886 999 1921 unquam
1026 1876 1092 1911 tihi
1118 1876 1208 1913 male
1235 1878 1330 1914 feci?
1376 1878 1482 1914 Num-

94 1941 179 1987 quid
214 1952 283 1976 non
315 1941 475 1976 omnibus
510 1940 643 1976 divitiis
673 1944 707 1976 et
740 1940 857 1987 gloria
879 1945 914 1976 te
941 1943 1094 1979 ornavi?
1142 1943 1282 1983 Quaeso
1308 1944 1362 1979 dic
1387 1945 1483 1988 mihi,

94 2008 130 2041 in
163 2017 231 2052 quo
263 2011 299 2042 te
337 2007 567 2050 contristavi,
603 2010 637 2042 et
668 2008 829 2052 protinus
863 2006 926 2041 tibi
957 2007 1185 2043 satisfaciam.
1235 2009 1386 2045 Tantum
1419 2011 1481 2045 ob>

95 2081 218 2114 seem,
259 2081 303 2106 ne
344 2082 397 2106 me
428 2071 592 2114 deseras,
627 2082 670 2106 ne
707 2071 934 2116 opprobrium
973 2072 1176 2107 christianis
1211 2074 1355 2109 efficiar.
1403 2075 1486 2120 Ipsa

94 2141 209 2172 autem
249 2145 289 2171 se
326 2136 484 2182 signavit
522 2139 557 2170 et
595 2137 631 2170 in
664 2135 848 2181 dyabolum
885 2137 1078 2171 insufflavit
1111 2142 1146 2172 et
1176 2139 1294 2172 statim
1329 2140 1483 2177 evanuit.

93 2202 159 2238 Die
193 2202 298 2237 tertio
332 2202 468 2244 omnia,
508 2211 597 2247 quae
637 2200 810 2244 habehat,
856 2203 1081 2247 praeparavit
1118 2206 1152 2237 et
1182 2206 1415 2250 congregavit
1450 2210 1485 2240 et.

93 2266 309 2313 pauperibus
342 2267 477 2302 tribuit.
526 2266 612 2302 Post
642 2267 777 2313 aliquot
810 2271 923 2302 autem
958 2266 1033 2302 dies
1068 2269 1201 2302 cunctis
1236 2269 1482 2314 ignorantibus

92 2332 241 2379 Pelagia
274 2332 356 2367 inde
386 2336 491 2367 noctu
520 2332 659 2379 aufugit
693 2336 728 2367 et
755 2334 788 2367 in
813 2336 929 2367 monte
955 2332 1074 2368 oliveti
1102 2332 1260 2377 devenit,
1294 2334 1355 2368 uhi
1380 2335 1481 2370 habi<

94 2402 165 2432 tum
181 2399 346 2432 eremitae
364 2398 542 2443 accipiens
561 2399 595 2432 in
613 2391 723 2443 parva
747 2398 838 2434 cella
866 2398 994 2433 ibidem
1020 2409 1058 2433 se
1084 2398 1272 2433 collocavit
1299 2403 1333 2434 et
1357 2399 1431 2434 Deo
1449 2401 1482 2434 in

93 2462 202 2498 multa
216 2463 431 2497 abstinentia
447 2464 605 2498 servivit.
630 2463 808 2499 Maximae
824 2467 938 2499 autem
956 2464 1067 2498 lamae
1085 2463 1129 2498 ah
1149 2463 1307 2498 omnibus
1325 2463 1483 2500 habeba-

94 2532 151 2563 tur
167 2531 202 2564 et
219 2527 331 2562 frater
348 2526 515 2573 Pelagius
530 2527 721 2564 dicebatur.
747 2528 831 2563 Post
848 2528 915 2563 hoc
934 2528 1074 2574 quidam
1094 2527 1270 2573 dyaconus
1288 2529 1483 2574 supradicti

96 2594 256 2639 episcopi
272 2592 539 2628 Hierosolimam
560 2602 667 2627 causa
686 2593 852 2628 visitandi
869 2594 949 2628 loca
966 2596 1089 2627 sancta
1106 2593 1259 2631 advenit,
1308 2594 1370 2629 Cui
1396 2595 1484 2631 dixit

97 2659 304 2704 episcopus,
329 2661 366 2693 ut
390 2662 471 2703 post
495 2661 694 2692 sanctorum
720 2657 874 2692 locorum
902 2658 1135 2694 visitationem
1160 2663 1346 2704 quaereret
1374 2671 1481 2706 quen-

96 2722 174 2758 dam
207 2723 408 2760 monaehum
443 2724 582 2758 nomine
614 2723 794 2770 Pelagium
830 2727 864 2759 et
895 2724 1006 2768 ipsum
1045 2723 1221 2767 visitaret,
1264 2735 1338 2760 eum
1380 2736 1481 2762 verus

1131 2787 1208 2823 43*
