1742 3005
146 84 242 132 Cap.
277 80 413 117 CXlX.
461 79 516 117 De
549 80 781 117 assumtione
814 86 966 117 sanctae
998 78 1140 117 Mariae
1173 79 1336 130 virginis.
1397 80 1475 118 517

91 188 184 228 fieri,
211 196 378 231 ponamus
405 188 438 221 in
461 186 596 232 judicio
624 186 743 220 sumini
771 186 877 230 regis.
929 185 1010 219 (Iuni
1038 185 1081 220 de
1107 184 1172 219 boc
1197 195 1312 220 coram
1339 186 1478 221 domino

89 252 347 297 disceptarent,
382 253 514 297 placuit
546 253 598 292 ei,
639 256 675 285 ut
711 253 826 285 anima
859 251 901 285 ad
934 262 1062 295 corpus
1099 251 1231 286 rediret
1262 256 1296 286 ct
1329 251 1372 286 de
1405 254 1478 287 suis

88 316 225 352 actibus
251 320 459 362 poeniteret.
508 317 645 353 Interea
674 317 800 351 fratres
828 316 991 350 videntes
1018 319 1205 352 matutinas
1231 317 1384 359 differri,
1421 328 1479 352 sa-

89 384 228 417 cristam
254 388 426 429 quaerunt
452 389 487 419 ct
510 394 624 429 usque
652 383 695 416 ad
723 382 844 417 flumen
873 386 1061 427 pergentes
1088 382 1302 416 submersum
1331 385 1362 416 in
1389 392 1481 428 aqua

89 450 287 494 reperiunt,
332 459 477 494 cumque
516 452 674 483 extracto
711 458 858 491 corpore
892 457 1030 483 secum,
1067 447 1149 491 quid
1185 446 1310 481 sactum
1352 448 1477 484 suerat,

89 516 317 556 mirarentur,
355 515 415 549 ille
446 517 589 558 repente
624 513 668 547 ad
704 514 807 546 vitam
843 512 946 546 rediit
979 516 1013 546 ct
1050 522 1119 547 rem
1156 516 1293 557 gestam
1320 513 1477 548 reserens

89 583 191 615 titani
219 583 253 614 in
277 581 378 614 bonis
405 578 572 623 operibus
597 579 824 613 consumavit.
853 598 890 603 —
918 581 966 616 S.
994 578 1171 618 Quaedam
1201 578 1323 613 mulier
1348 588 1369 613 a
1393 578 1477 614 dae*

87 657 186 681 mone
222 645 292 680 sibi
326 644 514 679 visibiliter
542 646 577 679 in
613 644 724 678 forma
752 643 902 679 hominis
928 649 1120 689 apparente
1145 645 1270 679 multas
1297 645 1477 680 molestias

86 710 285 747 sustinebat
310 709 488 756 multaque
513 710 686 752 remedia,
725 721 814 744 nunc
849 720 963 755 aquae
989 710 1196 745 benedictae
1221 712 1475 755 aspersionem,

86 787 175 812 nunc
200 776 278 819 hoc,
308 786 398 810 nunc
425 775 511 810 illud
537 776 750 819 adhibebat,
778 776 840 811 sed
867 787 930 811 nec
956 778 1005 810 sic
1033 776 1091 811 ille
1118 776 1293 811 cessabat.
1330 777 1475 816 Quidam

85 848 200 878 autem
226 844 279 877 vir
305 846 449 876 sanctus
477 841 546 876 sibi
571 842 766 883 consuluit,
801 846 857 881 ut,
891 853 963 876 cuin
997 841 1040 875 ad
1074 851 1148 875 eam
1174 841 1381 883 accederet,
1416 843 1475 877 illa

87 909 234 944 elevatis
260 907 439 942 manibus:
475 911 596 941 sancta
628 907 765 947 Maria,
799 907 928 951 adjuva
960 918 1032 947 me,
1067 909 1225 951 protinus
1254 908 1476 943 exclamaret.

86 975 186 1015 Quod
217 985 292 1009 cum
318 974 379 1008 illa
417 973 580 1012 fecisset,
619 972 789 1017 dyabolus
824 974 924 1018 quasi
960 972 1077 1017 lapide
1112 983 1300 1017 percussus
1336 975 1478 1009 territus

87 1042 185 1075 stetit
210 1044 243 1075 et
270 1039 486 1084 postmodum
516 1038 620 1072 dixit:
659 1038 768 1072 malus
803 1038 974 1083 ‹lJaboltis
1008 1040 1112 1073 intret
1140 1039 1171 1072 in
1202 1038 1344 1073 buccam
1371 1040 1477 1081 illius,

86 1108 144 1151 qui
164 1110 199 1141 te
221 1105 313 1140 istud
335 1104 466 1148 docuit,
491 1108 524 1139 et
542 1105 656 1139 statim
676 1105 817 1139 evanuit
838 1115 899 1139 nec
925 1104 969 1138 ad
989 1104 1293 1148 eampostmodum
1316 1107 1477 1141 accessit.

252 1209 331 1244 Ile
356 1208 503 1243 modo
530 1205 855 1243 assumtionis
887 1207 1077 1243 beatae
1101 1206 1311 1244 Mariae.

176 1283 303 1319 Modus
340 1284 603 1318 sacratissimae
634 1284 859 1316 assumtionis
891 1281 1028 1318 Mariae
1070 1283 1220 1317 traditur
1262 1285 1292 1317 in
1330 1285 1476 1330 quodam

34 1352 40 1354 “
86 1360 246 1386 sermone
282 1360 324 1384 ex
359 1348 508 1382 diversis
545 1347 648 1381 dictis
683 1352 881 1382 sauctorum
916 1349 1124 1394 compilato,
1162 1350 1220 1394 qui
1253 1351 1285 1383 in
1319 1350 1477 1394 pluribus

88 1415 246 1450 ecclesiis
273 1414 489 1448 sollemniter
521 1413 670 1459 legitur,
707 1414 766 1447 ubi
792 1415 844 1448 sic
881 1413 1048 1449 liabetur:
1085 1425 1175 1459 quae
1213 1416 1244 1448 in
1278 1420 1475 1450 sanctoruni

86 1486 221 1526 patrum
243 1478 505 1514 narrationibus
527 1481 560 1512 in
580 1483 654 1513 toto
675 1479 760 1514 orbe
780 1479 821 1513 de
845 1480 1042 1514 veneranda
1061 1481 1272 1525 migratione
1291 1480 1353 1515 Dei
1375 1484 1475 1527 geni-

85 1548 184 1581 tricis
228 1547 384 1580 invenire
425 1546 543 1590 potui,
595 1544 640 1579 ad
687 1547 796 1590 ipsius
848 1545 984 1579 laudem
1028 1555 1298 1581 commemorare
1345 1550 1474 1582 curavi.

86 1612 235 1647 Sanctus
263 1611 407 1646 Cosmas
435 1615 665 1657 cognomento
692 1611 848 1646 Vestitor
873 1621 936 1652 ea,
971 1620 1061 1656 quae
1089 1610 1134 1644 ab
1162 1621 1281 1645 eorum
1310 1615 1476 1657 posteris,

86 1680 145 1724 qui
172 1678 427 1719 interfuerunt,
455 1687 493 1712 se
519 1677 686 1711 didicisse
712 1681 807 1712 certa
833 1677 1005 1712 relatione
1032 1682 1287 1719 commemorat,
1316 1680 1477 1713 omitten-

86 1744 164 1778 dum
191 1754 259 1778 non
287 1746 351 1777 est.
399 1742 459 1777 Ait
485 1744 591 1777 enim:
625 1745 788 1788 quoniam
822 1743 983 1778 Christus
1017 1742 1062 1776 ad
1089 1753 1127 1777 se
1155 1744 1247 1778 vitae
1271 1746 1476 1789 genitricem

85 1808 261 1854 disposuit
288 1807 484 1850 adducere,
517 1819 582 1854 per
615 1809 776 1855 angelum
805 1813 1006 1843 consuetum
1034 1810 1065 1843 ei
1091 1811 1314 1853 praenuntiat
1340 1809 1478 1844 exhibi-

84 1877 214 1910 tionem
250 1874 494 1916 dormitionis,
538 1884 580 1909 ne
623 1884 716 1908 mors
749 1875 929 1919 inopinate
965 1876 1106 1910 veniens
1137 1874 1373 1910 turbationem
1409 1876 1477 1920 ipsi

85 1941 238 1976 afferret.
288 1940 549 1975 Obsecraverat
583 1939 644 1974 illa
678 1940 768 1975 facie
799 1940 845 1974 ad
881 1940 1023 1982 faciem,
1062 1950 1136 1974 cum
1168 1939 1283 1975 adhuc
1318 1942 1352 1974 in
1382 1945 1478 1976 terra

87 2009 356 2040 conversaretur
388 2006 499 2049 filius,
536 2018 580 2041 ne
612 2005 748 2041 videret
774 2015 981 2051 quemquam
1016 2007 1197 2050 spirituum
1234 2006 1475 2051 malignorum.

86 2070 282 2105 Praemittit
300 2072 409 2116 igitur
427 2071 589 2117 angelum
608 2071 653 2105 ad
679 2080 753 2105 eam
779 2080 852 2104 cum
878 2070 1078 2115 huJusmodi
1106 2070 1240 2104 verbis:
1268 2074 1403 2115 tempus
1424 2075 1479 2106 est

86 2142 120 2171 te
147 2136 348 2171 assumendi
376 2136 420 2170 ad
447 2147 498 2171 me
524 2140 665 2171 matrem
694 2146 814 2170 meam.
864 2136 962 2170 Sicut
992 2136 1080 2170 enim
1107 2139 1235 2170 terram
1260 2135 1393 2182 gaudio
1421 2146 1478 2171 re-

87 2203 247 2248 plevisti,
276 2203 326 2236 ita
352 2201 408 2236 sac
437 2202 607 2238 coelestia
638 2201 829 2247 gratulari3
857 2201 967 2246 patris
995 2202 1060 2235 mei
1085 2203 1283 2236 mansiones
1303 2201 1478 2246 jucundas

88 2267 214 2309 redde,
243 2271 441 2302 sanctorum
468 2278 621 2303 meorum
651 2268 844 2312 ¹)spiritus
869 2266 1074 2309 consolare;
1109 2277 1152 2301 ne
1186 2267 1340 2301 turberis
1373 2267 1477 2302 dese-

89 2342 168 2366 rens
189 2332 477 2376 corrumpendum
499 2334 664 2368 cuiusuis
684 2334 782 2367 vanis
803 2334 1098 2378 concupiscentiis
1119 2332 1292 2374 mundum,
1308 2332 1479 2376 adeptura

88 2397 242 2432 coeleste
277 2396 468 2441 palatium,
511 2409 596 2440 nec,
634 2409 654 2432 o
679 2402 807 2441 mater,
843 2403 975 2433 terreat
1007 2403 1041 2433 te
1077 2400 1191 2432 carnis
1229 2398 1477 2443 sequestratio,

89 2472 178 2508 quae
203 2461 248 2496 ad
276 2463 378 2496 vitam
407 2464 544 2496 vocaris
573 2468 785 2508 perpetuam,
814 2463 857 2497 ad
882 2463 1047 2509 gaudium
1074 2461 1288 2504 iudeficiens,
1315 2462 1358 2497 ad
1379 2464 1479 2508 pacis

89 2529 262 2572 requiem,
289 2527 332 2561 ad
362 2528 662 2573 conyersationem
687 2538 864 2569 securam,
900 2529 944 2562 ad
982 2529 1204 2563 resectionem
1240 2528 1481 2563 interminabi-

89 2593 168 2635 lem,
194 2593 239 2627 ad
265 2593 376 2628 lucem
403 2592 694 2639 inaccessibilem,
725 2594 767 2629 ad
790 2594 877 2630 diem
897 2605 963 2629 non
985 2598 1298 2640 vesperascentem,
1325 2594 1368 2629 ad
1395 2595 1475 2642 glo-

157 2692 185 2727 1)
205 2691 258 2720 Ed.
277 2695 320 2720 Pr.
340 2697 477 2728 postes
498 2691 593 2720 offert,
