1742 3005
228 111 308 148 476
523 110 617 158 Cap.
652 108 792 144 cxlii.
853 108 910 144 De
943 110 1317 147 sancto'Douiinieo.

226 216 394 250 fratribus
421 215 575 248 existens
604 213 721 246 subito
749 212 840 247 facto
867 223 973 258 super
999 225 1074 249 eum
1101 215 1226 258 spiritu
1253 214 1382 248 domini
1408 214 1450 248 ad
1477 216 1613 259 capitu—

226 282 293 315 lum
320 279 488 314 fratribus
513 280 715 313 convocatis
742 279 856 323 palam
888 278 1047 313 omnibus
1082 281 1271 321 nuntiavit,
1307 284 1457 324 quatuor
1486 280 1614 315 fratres

227 357 267 380 ex
295 347 382 390 ipsis
409 347 443 378 in
469 343 590 386 brevi,
623 344 710 378 duos
748 344 913 379 videlieet
944 346 979 378 in
1004 354 1174 389 corpore,
1211 344 1297 378 duos
1332 355 1414 379 vero
1441 347 1475 378 in
1501 347 1616 379 anima

225 413 424 446 morituros
474 410 558 445 Post
591 409 761 443 modicum
794 409 861 443 duo
897 410 1025 444 fratres
1061 409 1104 443 ad
1147 409 1319 443 dominum
1364 411 1612 454 migraverunt,

224 478 292 512 duo
327 488 411 512 vero
445 476 487 510 de
521 475 644 510 ordine
680 481 917 510 recesserunt⁴
965 474 1147 509 Existente
1182 485 1222 509 eo
1258 474 1441 508 Bononiae
1468 480 1542 509 erat
1567 476 1613 509 ibi

225 544 365 589 qnidam
390 544 562 588 magister
587 541 769 577 Conradus
798 541 1026 583 Teutonicus,
1053 541 1153 585 cujus
1181 542 1378 586 ingressum
1397 540 1441 574 ad
1459 540 1616 576 ordinem

224 610 354 644 fratres
389 608 598 643 mirabiliter
630 607 852 642 affectabant.
904 607 986 641 Cum
1024 611 1138 641 autem
1164 606 1287 641 beatus
1313 605 1513 641 Dominicns
1541 617 1614 641 euin

224 678 342 720 priore
377 675 581 708 monasterii
612 673 753 716 ¹)Casa
777 672 915 708 Mariae
950 673 992 708 de
1019 672 1150 708 Ordine
1176 672 1401 707 cisterciensi
1432 674 1466 707 in
1492 673 1617 719 vigilia

224 742 450 775 assumtionis
478 739 605 773 beatae
630 738 766 773 Mariae
792 741 1104 782 sermocinaretur,
1143 739 1305 772 familiari
1332 739 1480 784 quadam
1508 739 1615 773 confi-

224 806 342 840 dentia
368 806 579 851 exigente‘2)
607 806 698 839 inter
725 804 796 838 alia
822 804 911 838 dixit
936 806 986 839 ei:
1025 804 1140 839 fateor
1162 805 1247 846 tibi,
1281 806 1397 849 prior,
1436 805 1529 850 quod
1559 810 1613 839 ta-

223 882 300 906 men
325 871 440 905 adhuc
466 870 549 904 nulli
576 880 726 915 unquam
762 871 930 914 exposui,
966 880 1029 904 nec
1060 875 1096 904 tu
1128 870 1248 911 alteri,
1285 869 1449 914 quamdiu
1482 871 1616 910 vixero,

224 937 420 978 revelabis,
449 935 543 981 quod
570 946 743 980 nunquam
769 935 859 970 adeo
886 937 920 969 in
947 935 1011 969 liae
1037 937 1108 970 vita
1138 935 1270 980 aliquid
1297 936 1402 979 petii,
1429 934 1522 980 quod
1548 946 1616 970 non

223 1013 437 1048 assequerer
456 1004 560 1047 juxta
584 1006 710 1037 votum.
762 1001 825 1035 Cui
850 1012 952 1047 quum
979 1001 1178 1046 praedictus
1208 1003 1305 1046 prior
1336 1000 1487 1043 diceret,
1522 1001 1616 1046 quod

224 1070 374 1103 forsitan
398 1073 478 1102 ante
507 1079 582 1102 eum
609 1070 712 1101 vitam
739 1067 870 1110 finiret,
906 1067 1032 1101 beatus
1065 1067 1266 1102 Dominicus
1301 1069 1427 1112 spiritu
1460 1068 1614 1113 proplie-

221 1136 291 1168 tico
320 1133 418 1174 dixit,
448 1133 538 1178 quod
558 1135 634 1177 ipse
661 1134 759 1177 prior
775 1132 833 1168 diu
853 1138 934 1177 post
950 1144 988 1168 se
1007 1135 1149 1168 viveret.
1203 1133 1372 1178 ³)Sicque
1392 1134 1521 1168 sactum
1546 1138 1613 1177 est,

222 1203 259 1234 ut
286 1198 473 1244 praedixit.
524 1197 624 1232 Tunc
663 1198 723 1232 ille
753 1200 851 1242 prior
884 1199 1034 1244 adJecit:
1067 1203 1147 1243 pete
1181 1209 1288 1244 ergo,
1321 1203 1446 1243 pater,
1482 1204 1519 1233 ut
1556 1200 1614 1235 det

221 1265 285 1299 tibi
311 1266 515 1310 magistrum
543 1263 739 1298 Conradum
767 1263 812 1297 ad
840 1264 1017 1307 ordinem,
1051 1266 1150 1309 cujus
1178 1265 1306 1299 fratres
1332 1255 1509 1299 introitum
1535 1269 1612 1299 tan-

221 1336 289 1365 tum
315 1330 478 1375 flagitare
505 1329 675 1364 videntur.
725 1329 771 1363 At
797 1331 892 1374 ipse:
918 1341 1009 1373 rem,
1037 1332 1168 1375 inquit,
1205 1329 1296 1364 bone
1325 1330 1453 1373 frater,
1487 1331 1611 1365 diffici-

220 1397 287 1432 lem
320 1396 520 1441 postulasti.
568 1394 684 1429 Finito
719 1396 947 1440 completorio
988 1397 1138 1430 caeteris
1173 1395 1218 1429 ad
1251 1395 1499 1440 quiescendum
1532 1407 1612 1441 per-

219 1462 384 1509 gentibus
420 1464 496 1506 ipse
529 1462 561 1495 in
598 1461 749 1495 eeclesia
774 1462 942 1496 remansit
974 1466 1008 1496 et
1033 1463 1067 1495 in
1093 1463 1251 1496 oratione
1278 1472 1372 1496 inore
1399 1462 1504 1495 solito
1529 1473 1610 1507 per-

219 1530 386 1562 noctavit.
436 1527 730 1561 Convenientibus
763 1528 872 1572 igitur
906 1527 1075 1562 fratribus
1109 1527 1153 1561 ad
1188 1529 1331 1572 primam
1375 1539 1450 1561 cum
1490 1532 1612 1562 cantor

220 1595 425 1638 incepisset,
449 1594 521 1637 jam
542 1593 629 1626 lucis
653 1597 730 1627 orto
750 1592 868 1628 sidere
888 1604 967 1628 ecce
987 1594 1073 1628 lucis
1096 1603 1206 1628 novae
1218 1593 1314 1627 sidus
1331 1604 1453 1627 novum
1476 1593 1611 1627 futurus

219 1661 389 1705 magister
417 1658 599 1692 Conradus
629 1658 746 1692 subito
773 1661 916 1694 veniens
942 1660 986 1693 ad
1015 1659 1121 1704 pedes
1147 1659 1242 1693 beati
1267 1659 1436 1694 Dominici
1464 1669 1502 1693 se
1528 1670 1609 1703 pro-

220 1730 379 1760 sternens
415 1723 569 1757 habitum
606 1723 740 1757 ordinis
781 1725 953 1759 instanter
979 1727 1081 1768 petiit
1106 1730 1140 1760 et
1168 1729 1438 1770 perseveranter
1463 1726 1609 1768 accepit.

218 1791 357 1824 Hicl'uit
376 1792 410 1824 in
429 1789 550 1824 ordine
560 1789 862 1834 valdercligiosus
877 1789 1033 1823 etlector
1046 1791 1077 1822 in
1091 1790 1403 1833 ordineplurimum
1416 1792 1608 1835 gratiosus.

220 1856 286 1895 Qui
309 1856 447 1890 tandein
475 1857 626 1889 moriens
655 1865 729 1888 cum
751 1855 823 1899 jam
851 1855 971 1888 oculos
997 1855 1184 1888 clausisset
1216 1859 1250 1888 et
1282 1854 1409 1888 fratres
1445 1865 1518 1888 euin
1546 1856 1608 1887 mi-

218 1932 344 1967 grasse
385 1921 585 1963 crederent,
633 1920 692 1954 ille
735 1922 868 1964 apertis
913 1920 1024 1954 oculis
1064 1920 1191 1954 l'ratres
1225 1921 1508 1963 circumspiciens
1543 1921 1609 1953 ait:

219 1986 377 2020 domiuus
411 1986 599 2020 vobiscum.
651 1986 784 2025 Quibus
820 1986 1132 2030 respondentilms:
1175 1990 1209 2019 et
1250 1995 1323 2018 cum
1367 1986 1494 2029 spiritu
1536 1989 1608 2024 tuo,

218 2052 396 2097 adJunxit:
432 2051 581 2086 lidclium
616 2053 752 2086 animae
784 2062 847 2096 per
879 2053 1078 2085 memoriam
1106 2051 1167 2085 Dei
1201 2052 1425 2095 requiescunt
1450 2052 1483 2083 in
1509 2060 1608 2094 pace,

219 2123 253 2152 et
277 2119 328 2151 sic
354 2118 513 2161 protinus
539 2117 597 2151 ille
623 2118 657 2150 in
682 2127 769 2161 pace
795 2108 938 2162 quievit.
987 2116 1104 2151 luerat
1129 2120 1241 2150 autem
1274 2126 1377 2150 servo
1403 2115 1467 2150 Dei
1492 2115 1610 2149 Domi-

218 2186 295 2217 nico
332 2184 428 2216 lirina
454 2182 556 2217 valde
584 2184 707 2216 mentis
737 2183 955 2227 aequalitas,
989 2184 1058 2216 nisi
1094 2193 1169 2216 euni
1204 2181 1248 2215 ad
1274 2182 1550 2225 compassionem
1576 2184 1610 2214 et

217 2248 492 2284 misericordiam
514 2247 725 2289 turbaretur,
753 2252 787 2282 et
809 2250 891 2293 quia
912 2259 973 2282 cor
997 2248 1155 2293 gaudens
1178 2247 1352 2282 exhilarat
1367 2247 1502 2287 faciem,
1530 2246 1606 2289 pla-

218 2315 330 2349 cidam
349 2315 527 2348 interioris
546 2313 694 2347 hominis
714 2315 1000 2357 compositionem
1022 2314 1207 2347 manifesta
1227 2313 1269 2347 de
1288 2313 1372 2346 soris
1390 2312 1608 2357 benignitate

219 2380 404 2425 prodebat.
455 2379 629 2424 Tempore
664 2379 788 2412 diurno
824 2389 898 2413 cnm
925 2378 1092 2412 fratribus
1118 2380 1191 2413 suis
1219 2379 1371 2412 sociisve
1397 2377 1496 2412 salvo
1532 2378 1608 2422 qui-

217 2447 294 2480 dem
332 2446 527 2480 honestatis
563 2450 684 2479 tenore
720 2456 820 2479 nemo
853 2446 1088 2485 communior,
1124 2445 1304 2478 nocturnis
1344 2443 1441 2478 boris
1476 2441 1606 2487 vigiliis

218 2517 251 2546 et
277 2511 496 2546 orationibus
523 2521 622 2545 nemo
649 2511 848 2553 instantior,
876 2511 965 2545 diem
983 2510 1250 2555 impartiebatur
1269 2510 1449 2554 proximis,
1474 2511 1606 2541 noctem

221 2577 302 2611 lieo
354 2578 403 2612 lle
437 2576 548 2610 oculis
582 2577 657 2610 suis
691 2578 792 2620 quasi
824 2575 996 2622 quendam
1022 2576 1149 2610 sontem
1177 2574 1343 2609 effecerat
1376 2573 1604 2614 lacrimarum,

288 2676 313 2701 Η
336 2674 406 2699 Alii:
429 2678 540 2701 (jassa.
553 2675 672 2701 maria
685 2684 708 2701 e.
813 2675 842 2707 ¹1)
868 2678 937 2700 nvo
965 2673 1033 2699 libri
1063 2672 1175 2700 addunt
1205 2681 1257 2699 nin
1275 2670 1381 2698 teria.
1486 2671 1514 2701 3)
1536 2669 1605 2696 Alii:

221 2722 318 2743 <nr-ul
341 2723 370 2743 nt
396 2717 687 2745 ῐ.ι«ῑ1ιιιιι1ιιί,ι,ιν
708 2724 878 2750 constat,
902 2717 1116 2753 praedixi!-
