1742 3005
361 78 455 127 Cap.
488 77 658 114 cxxiv.
716 78 774 114 De
806 84 936 114 sancto
968 80 1191 128 Augustino.
1389 80 1469 121 555

88 183 229 227 abjecta
261 182 464 226 plurimum,
507 183 570 218 sed
606 194 648 219 ex
678 183 858 218 moderato
893 188 927 218 ct
962 186 1172 230 competenti
1203 184 1325 220 habitu
1359 193 1469 222 erant.

84 247 164 293 Ipse
189 249 277 283 enim
304 247 347 283 de
373 259 410 284 se
437 249 569 284 dixisse
596 249 744 296 legitur:
771 250 897 291 fateor,
924 249 967 286 dc
995 253 1152 296 pretiosa
1177 255 1273 286 veste
1300 251 1470 286 erubeseo

88 317 122 347 et
145 312 248 356 ideo,
285 324 359 348 cum
385 314 488 349 datur
511 315 612 357 mihi,
649 315 759 350 vendo
787 326 882 357 eam,
920 321 977 357 ut,
1014 318 1094 361 quia
1126 318 1235 351 vestis
1261 327 1329 351 nou
1355 323 1472 362 potest

88 389 167 414 esse
199 381 411 422 communis,
445 382 593 424 pretium
630 382 676 414 sit
709 390 897 414 commuue.
953 380 1079 415 Mensa
1117 382 1250 426 frugali
1295 387 1329 417 et
1366 392 1474 427 parca.

86 455 225 489 semper
256 455 340 479 usus
376 450 430 480 est
460 451 494 481 ct
526 447 616 480 inter
650 446 748 479 olera
782 450 815 479 et
850 445 1027 489 legumina
1060 450 1206 490 propter
1243 447 1396 480 inlirmos
1439 453 1472 482 et

86 510 246 554 hospites
269 510 480 555 plerumque
514 520 637 544 carnes
668 509 840 552 habebat,
874 511 909 543 in
950 511 1029 554 ipsa
1063 515 1176 544 autem
1208 521 1328 546 mensa
1358 514 1472 557 magis

85 575 271 610 lectionem
299 575 352 609 vel
379 575 675 619 disputationem,
705 584 806 619 quam
833 575 1068 619 epulationem
1093 576 1267 622 diligebat
1294 581 1328 612 ct
1352 582 1475 612 eontra

87 644 220 685 pestem
247 639 473 674 detractionis
502 641 535 673 in
562 650 604 675 ea
628 642 680 674 sic
705 642 871 685 scriptum
895 640 1069 676 habebat:

311 704 478 750 Quisquis
504 710 596 739 amat
621 706 722 740 dictis
748 706 928 741 absentum
954 707 1080 741 rodere
1110 709 1226 751 vitam,

309 759 404 795 Hanc
429 771 581 796 mensam
606 761 784 807 indiguam
811 764 949 796 noverit
976 774 1054 798 esse
1080 763 1159 798 sibi.

85 837 173 873 Nam
208 841 243 872 et
275 837 477 882 aliquando,
512 848 587 872 cum
622 838 760 883 quidam
797 839 865 872 sibi
899 840 1165 874 familiarissimi
1198 843 1401 886 coepiscopi
1431 843 1474 876 ad

88 903 338 938 detractionem
356 903 510 949 linguam
531 903 722 945 laxassent,
750 904 840 938 adeo
862 904 948 939 dure
970 915 1031 939 ees
1050 905 1245 951 redarguit,
1275 911 1312 940 ut
1330 907 1474 949 diceret,

89 970 194 1016 quod,
220 971 288 1004 nisi
309 969 531 1011 desisterent,
558 973 617 1003 aut
634 979 755 1003 versus
782 971 879 1014 ipsos
906 970 1041 1004 deleret
1066 975 1125 1005 aut
1146 981 1266 1006 mensa
1284 973 1474 1007 recederet.

90 1035 245 1075 Quadam
276 1037 351 1069 vice
384 1046 458 1069 cum
490 1034 659 1080 quosdam
692 1045 774 1068 suos
802 1035 975 1070 familiare
1000 1036 1043 1070 ad
1070 1037 1251 1080 prandium
1278 1039 1476 1080 invitasset,

88 1111 176 1134 unus
196 1101 332 1134 illorum
351 1101 524 1134 curiosior
541 1102 690 1135 caeteris
709 1102 891 1146 coquinam
911 1102 1093 1145 ingressus
1115 1107 1179 1144 est,
1202 1112 1346 1147 cumque
1363 1105 1478 1137 omnia

88 1166 221 1212 frigida
250 1167 455 1211 reperisset,
481 1177 644 1201 reversus
670 1166 713 1200 ad
740 1167 972 1211 Angustinum
998 1168 1249 1213 interrogavit,
1276 1168 1356 1212 quid
1377 1168 1476 1202 cibo-

88 1242 162 1266 rum
191 1233 268 1277 ipse
301 1242 493 1276 pransurus
529 1232 785 1276 paterfamilias
821 1234 1097 1276 praeparasset?
1162 1233 1225 1267 (zui
1259 1235 1477 1279 Augustinus

89 1307 310 1342 nequaquam
342 1297 463 1331 talium
497 1297 677 1341 epularum
710 1299 869 1331 curiosus
906 1299 1105 1342 respondit:
1141 1303 1174 1333 et
1206 1309 1272 1344 ego
1293 1298 1479 1333 Wobiscum

90 1364 225 1399 neseio.
272 1363 361 1397 Tria
385 1372 406 1396 a
432 1362 535 1396 beato
560 1362 748 1396 Ambrosio
774 1373 812 1397 se
839 1363 1007 1398 didicisse
1035 1365 1100 1398 ait:
1127 1366 1271 1408 primum
1293 1369 1358 1406 est,
1386 1364 1478 1408 quod

92 1438 234 1462 uxorem
271 1430 429 1472 cuiquam
464 1438 637 1473 nunquam
666 1432 819 1472 peteret,
863 1429 1071 1471 secundum,
1105 1430 1198 1473 quod
1232 1430 1383 1463 militare
1417 1440 1478 1463 vo-

91 1493 219 1528 lentem
245 1493 290 1527 ad
314 1493 381 1527 hoc
406 1504 474 1527 non
500 1493 777 1535 commendaret,
813 1495 973 1536 tertium,
1012 1494 1105 1539 quod
1131 1495 1175 1528 ad
1201 1496 1362 1529 convivia
1389 1495 1478 1528 invi-

91 1562 186 1593 tatus
211 1569 279 1593 non
306 1560 384 1594 iret.
433 1559 548 1593 Causa
573 1560 684 1602 prima
709 1563 782 1601 est,
818 1570 860 1593 ne
897 1559 948 1593 illi
987 1561 1077 1594 inter
1112 1570 1149 1594 se
1176 1570 1243 1593 non
1272 1561 1481 1594 conveniant

94 1629 129 1659 et
159 1624 228 1658 sibi
257 1625 485 1667 maledicant;
522 1634 629 1659 causa
659 1624 815 1659 secunda
851 1629 922 1666 est,
965 1635 1008 1659 ne
1050 1625 1240 1659 militantes
1273 1626 1480 1659 calumniam

93 1695 280 1725 exerceant
309 1694 344 1725 et
372 1692 406 1724 in
443 1700 518 1725 cum
546 1690 607 1723 alii
635 1689 769 1734 eulpam
803 1690 1010 1733 refundant3
1047 1701 1155 1725 causa
1186 1693 1291 1726 tertia
1324 1695 1397 1733 est,
1437 1702 1480 1726 ne

94 1756 184 1790 sorte
209 1757 460 1800 temperantiae
486 1755 623 1789 modum
648 1755 786 1800 perdat.
836 1756 974 1790 Tantae
1009 1760 1122 1791 autem
1155 1758 1318 1802 puritatis
1357 1763 1390 1791 et
1414 1756 1479 1790 hu-

92 1821 250 1856 militatis
275 1821 359 1864 suit,
395 1824 434 1855 ut
459 1822 538 1866 ipsa
565 1822 668 1856 etiam
695 1822 833 1856 minima
859 1825 1022 1866 peccata,
1059 1832 1148 1867 quae
1173 1822 1266 1867 apud
1297 1832 1360 1856 nos
1386 1822 1482 1857 nulla

93 1886 149 1922 vel
172 1888 312 1921 minima
336 1890 563 1931 reputantur,
599 1888 634 1921 in
660 1887 751 1921 libro
777 1888 1038 1922 confessionum
1065 1888 1108 1922 de
1133 1887 1188 1921 his
1218 1887 1424 1922 confiteatur
1448 1892 1482 1922 et

94 1950 137 1986 de
155 1950 210 1985 his
233 1961 351 1986 coram
368 1951 442 1986 Deo
460 1952 637 1987 humiliter
653 1962 690 1987 se
711 1957 863 1987 accuset.
889 1952 976 1986 Nam
995 1952 1125 1988 ibidem
1145 1958 1288 1987 accusat
1306 1964 1344 1988 se
1368 1953 1410 1988 de
1425 1964 1481 1994 eo,

94 2015 209 2061 quod,
235 2025 310 2049 eum
334 2026 422 2060 puer
445 2021 560 2061 esset,
590 2016 734 2051 ludebat
760 2017 807 2050 ad
832 2018 958 2061 pilam,
985 2017 1063 2051 dum
1089 2018 1133 2051 ad
1158 2018 1315 2051 scholam
1342 2020 1391 2052 ire
1418 2017 1480 2051 de-

93 2080 209 2116 beret.
252 2079 336 2114 Item
371 2079 415 2113 de
450 2090 513 2122 eo,
555 2080 648 2124 quod
678 2081 821 2114 nolebat
856 2081 977 2126 legere
1013 2081 1067 2115 vel
1107 2081 1316 2124 addiscere,
1359 2083 1428 2115 nisi
1462 2092 1483 2115 a

95 2145 299 2192 parentibus
337 2143 394 2179 vel
426 2146 596 2190 magistro
642 2149 839 2190 urgeretur.
894 2144 977 2180 Item
1018 2146 1061 2181 de
1103 2157 1163 2189 eo,
1207 2146 1300 2191 quod
1343 2146 1482 2180 fabulas

94 2215 300 2257 poetarum,
338 2211 428 2244 sicut
452 2209 605 2244 fabulam
633 2211 796 2252 Aeneae,
829 2220 902 2244 cum
930 2210 1042 2245 adhuc
1074 2216 1169 2247 esset
1193 2223 1299 2256 puer,
1333 2211 1483 2246 libenter

94 2276 240 2322 legebat
271 2279 305 2311 et
338 2275 506 2311 Didonem
542 2280 709 2310 mortuam
747 2280 892 2320 propter
924 2286 1075 2312 amorem
1109 2277 1284 2322 plorabat.
1331 2276 1416 2311 Item
1441 2277 1483 2312 de

96 2341 186 2384 hoc,
222 2341 316 2386 quod
350 2341 392 2376 de
427 2341 570 2375 cellario
605 2330 879 2386 parentum⁷vel
903 2352 1023 2376 mensa
1051 2342 1183 2387 aliquid
1209 2342 1410 2383 furabatur,
1446 2346 1485 2376 ut

97 2408 216 2452 pueris
241 2406 442 2441 ludentibus
470 2405 581 2441 daret.
628 2406 712 2441 Item
738 2405 781 2441 de
807 2417 861 2449 ee,
890 2408 982 2452 quod
1007 2409 1043 2441 in
1067 2407 1151 2441 ludo
1177 2417 1362 2451 puerorum
1387 2406 1483 2441 frau-

97 2472 258 2508 dulentas
286 2473 454 2508 victorias
481 2471 678 2507 exercebat.
726 2471 810 2507 Item
836 2471 879 2507 de
904 2483 965 2515 eo,
1002 2472 1095 2517 quod
1118 2473 1228 2516 plrum
1262 2471 1304 2506 de
1335 2471 1483 2516 quadam

99 2537 226 2574 arbore
253 2539 369 2575 vicina
391 2539 515 2573 vineae
541 2547 645 2579 suae,
673 2547 748 2572 cum
773 2537 887 2571 adhuc
912 2541 1006 2572 esset
1030 2547 1197 2571 annorum
1222 2535 1320 2580 XV-I,
1347 2536 1482 2572 furatus

99 2602 176 2638 fuit.
224 2603 262 2638 In
288 2603 410 2639 eodem
435 2614 574 2649 quoque
600 2602 690 2637 libro
720 2603 763 2637 de
785 2602 1068 2638 confessionibus
1095 2606 1237 2636 accusat
1267 2613 1305 2637 se
1334 2602 1376 2638 de
1405 2604 1483 2647 ipsa

100 2667 236 2703 modica
262 2669 516 2713 delectatione,
552 2679 653 2715 quam
680 2668 870 2713 aliquando
897 2669 932 2703 in
959 2667 1170 2704 comedendo
1195 2668 1389 2711 sentiebat,
1429 2668 1482 2702 ‹li-
