1742 3005
249 118 332 159 554
524 120 619 167 Cap.
651 114 817 152 cxxiv.
879 115 936 151 De
968 123 1099 151 sancto
1133 114 1355 164 AugustinO.

248 227 324 271 ejus
351 225 477 267 ubique
503 218 764 254 diffundebatur
797 222 832 253 et
865 220 899 251 in
927 218 1087 251 omnibus
1113 218 1214 252 libris
1242 219 1315 252 suls
1346 223 1380 253 et
1407 216 1543 251 actibus
1569 215 1632 250 ad-

246 288 418 324 mirabilis
452 285 658 320 habebatur.
706 283 919 329 Ret‘ugiebat
953 287 1067 317 autem
1106 282 1151 316 ad
1189 283 1339 327 aliquam
1370 283 1546 317 civitatem
1573 292 1632 316 ae-

246 355 392 395 cedere,
429 361 518 398 quae
550 352 717 396 episeopo
755 353 912 390 careret,
949 359 992 383 ne
1021 350 1133 393 ipsum
1161 349 1195 382 in
1220 347 1400 392 praedicto
1428 347 1543 382 ot'tieio
1570 350 1632 381 im-

247 421 360 466 pediri
386 419 617 463 contingeret.
666 414 798 450 Eodem
835 418 992 459 tempore
1028 414 1122 459 apud
1150 413 1351 458 Hypponem
1383 416 1460 447 erat
1493 413 1632 456 quidam

246 489 298 521 vir
320 494 521 530 magnarum
548 492 672 527 opum,
702 482 761 525 qui
787 480 984 526 Augustino
1009 481 1123 522 misit,
1159 479 1272 524 quod,
1305 480 1335 513 si
1360 478 1405 512 ad
1431 488 1506 512 eum
1531 486 1631 512 acee—

246 554 344 587 deret
374 555 407 585 et
443 548 586 583 verbum
619 557 661 582 ex
688 550 758 581 'ore
792 556 856 580 suo
885 545 1043 587 audiret,
1088 545 1230 580 saeculo
1265 545 1464 579 renuntiare
1500 547 1631 588 posset.

246 617 345 658 Quod
378 615 596 660 Augustinus
632 612 691 646 ubi
724 613 914 656 comperit,
954 611 1037 645 illue
1061 613 1217 645 concitus
1241 612 1323 653 ivit,
1347 609 1493 644 audiens
1519 612 1632 642 autem

245 683 407 718 valerius
433 678 674 724 Hypponensis‘
701 679 889 722 episeopus
916 677 1041 710 samam
1067 678 1157 721 ejus,
1191 678 1303 721 ipsum
1331 675 1513 720 plurimum
1539 675 1632 707 reni-

245 752 372 783 tentem
406 747 441 778 in
476 743 628 778 ecelesia
665 752 730 776 sua
765 741 996 786 presbiterum
1035 741 1230 783 ordinavit,
1273 740 1449 775 nonnullis
1494 738 1633 784 quidem

244 814 413 858 lacrymas
448 820 530 844 suas
563 807 713 852 superbe
746 806 1059 851 interpretantibus
1085 811 1120 840 et
1144 811 1319 852 tamquam
1344 817 1420 841 eum
1447 804 1632 839 consolan-

243 878 337 914 tibus
374 881 407 912 et
441 875 656 915 dicentibus,
692 875 773 918 quia
808 876 842 907 et
873 872 972 906 locus
1010 871 1237 916 presbiterii,
1282 872 1366 905 lieet
1400 873 1475 915 ipse
1509 871 1633 914 majori

246 946 373 991 dignus
409 946 522 982 esset,
557 940 859 984 appropinquaret
895 942 1010 972 tamen
1046 939 1277 983 episcopatui.
1327 937 1391 977 Qui
1417 937 1534 970 statim
1560 946 1634 968 mo-

245 1010 437 1045 nasterium
471 1006 674 1041 clericorum
709 1005 860 1038 instituit
894 1008 927 1038 et
963 1005 1080 1048 eoepit
1109 1006 1226 1038 vivere
1262 1003 1450 1038 secundum
1476 1001 1633 1047 regulam

246 1088 266 1111 a
291 1076 422 1110 sanctis
448 1072 621 1117 apostolis
646 1072 881 1112 constitutam,
908 1070 950 1104 de
975 1070 1074 1114 eujus
1098 1071 1310 1104 monasterio
1334 1069 1407 1103 sere
1427 1067 1460 1102 X
1477 1069 1635 1112 episcopi

246 1146 326 1177 sunt
350 1141 462 1175 electi.
511 1137 555 1171 Et
579 1137 662 1182 quia
686 1134 886 1180 praedictus
914 1136 1100 1179 episeopus
1128 1140 1204 1170 erat
1228 1145 1378 1180 graecus
1406 1138 1440 1168 et
1463 1135 1575 1167 minus
1600 1135 1635 1166 in

247 1208 356 1242 latina
389 1205 512 1250 lingua
545 1206 579 1237 et
612 1202 740 1236 litteris
775 1201 919 1242 doetus,
954 1201 1152 1246 Augustino
1186 1205 1395 1245 potestatem
1419 1199 1562 1237 tribuit,
1599 1204 1636 1233 ut

246 1277 369 1308 contra
393 1280 522 1305 moreni
548 1267 732 1302 orientalis
760 1266 933 1301 eeclesiae
961 1276 1077 1301 eoram
1102 1276 1139 1300 se
1164 1266 1199 1299 in
1226 1266 1377 1300 eeclesia
1401 1264 1633 1310 praedicaret.

244 1338 341 1374 Unde
377 1347 451 1371 eum
486 1335 584 1369 multi
619 1333 777 1378 episcopi
811 1331 1046 1377 derogarent,
1086 1331 1147 1366 ille
1192 1330 1234 1365 de
1274 1330 1340 1364 hoc
1373 1341 1442 1364 non
1476 1330 1634 1372 curabat,

246 1402 431 1439 dummodo
457 1412 521 1446 per
547 1411 621 1435 eum
648 1399 768 1441 tieret,
801 1397 893 1443 quod
919 1408 983 1442 per
1013 1409 1051 1432 se
1078 1397 1154 1432 fieri
1178 1407 1247 1431 non
1272 1396 1424 1430 valebat.
1474 1394 1524 1430 Eo
1547 1400 1634 1431 tein-

245 1480 331 1515 pore
355 1469 581 1503 Fortunatam
607 1464 839 1510 presbiterum
864 1463 1108 1498 Manieliaeunl
1135 1467 1169 1498 et
1193 1463 1284 1497 alios
1310 1462 1507 1497 haereticos
1533 1472 1636 1507 prae-

247 1538 348 1579 cipue
377 1532 701 1576 ¹)rebaptisatores
719 1529 924 1564 Donatistas
945 1534 978 1563 et
995 1529 1224 1564 Manichaeos
1248 1530 1408 1570 convicit,
1435 1528 1581 1562 abstulit
1603 1533 1637 1562 et

247 1599 455 1635 confutavit.
503 1596 628 1640 Coepit
659 1600 773 1629 autem
798 1594 961 1629 Valerius
988 1595 1197 1637 formidare,
1236 1605 1280 1629 ne
1314 1594 1381 1629 sibi
1417 1595 1635 1639 Augustinus

248 1666 430 1700 tolleretur
460 1666 493 1697 et
517 1661 560 1695 ab
592 1661 663 1695 alia
694 1662 836 1694 civitate
855 1662 887 1694 in
907 1663 1109 1706 episcopum
1131 1665 1318 1706 peteretur.
1367 1659 1453 1694 Nam
1473 1659 1542 1694 sibi
1568 1660 1634 1694 ali-

247 1729 387 1775 quando
412 1728 551 1763 ablatus
570 1727 706 1768 suisset,
733 1727 800 1760 nisi
819 1737 892 1759 eum
911 1726 955 1759 ad
975 1727 1087 1760 locum
1109 1731 1280 1761 secretum
1299 1728 1449 1760 transire
1465 1730 1634 1766 curasset,

247 1798 297 1829 ita
320 1799 357 1829 ut
382 1794 531 1828 inveniri
555 1793 693 1826 minime
719 1793 904 1836 potuisset.
954 1791 1156 1835 Impetravit
1173 1792 1282 1836 igitur
1303 1792 1347 1824 ab
1367 1790 1633 1834 archiepiscopo

247 1860 546 1904 Carthaginiensi,
572 1863 608 1891 ut
634 1859 710 1902 ipse
737 1856 878 1891 cederet
903 1861 938 1891 et
956 1857 1187 1901 Augustinum
1212 1855 1434 1900 llypponensi
1461 1854 1633 1889 ecelesiae

246 1930 279 1960 in
307 1926 506 1969 episcopum
531 1927 763 1967 promoveret.
813 1921 881 1956 Sed
907 1932 981 1955 cum
1010 1922 1074 1956 hoe
1101 1922 1320 1967 Augustinus
1356 1920 1550 1954 omnimode
1579 1931 1634 1954 re-

247 1994 406 2030 cusaret,
449 1988 648 2033 compulsus
690 1992 805 2022 tamen
847 1992 881 2021 et
921 1993 1061 2022 coaetus
1104 1987 1286 2021 succubuit
1329 1991 1363 2021 et
1409 1987 1633 2030 episcopatus

245 2066 362 2091 curant
397 2055 562 2097 suscepit.
614 2053 713 2092 Quod
746 2054 780 2086 in
823 2062 861 2087 se
896 2052 971 2087 fieri
1008 2064 1075 2086 non
1108 2052 1294 2094 debuisse,
1336 2056 1373 2085 ut
1406 2061 1469 2086 suo
1496 2052 1633 2086 vivente

247 2123 415 2166 episcopo
453 2118 694 2160 ordinaretur,
735 2103 927 2162 postea'et
962 2118 1050 2152 dixit
1081 2123 1115 2152 et
1147 2119 1292 2162 scripsit
1324 2121 1468 2162 propter
1495 2116 1635 2151 concilii

248 2185 479 2222 universalem
507 2184 798 2229 prohibitionem,
825 2193 927 2229 quam
954 2184 1171 2228 postmodum
1199 2184 1382 2217 ordinatus
1415 2182 1546 2224 didicit,
1571 2193 1634 2217 nec

248 2252 342 2299 quod
372 2251 439 2285 sibi
476 2250 603 2283 factum
650 2260 728 2284 esse
773 2250 905 2292 doluit,
953 2249 1078 2294 ²)aliis
1114 2249 1188 2284 lieri
1224 2249 1347 2284 voluit.
1394 2247 1490 2282 Unde
1529 2248 1633 2282 etiam

248 2319 390 2363 sategit,
416 2321 453 2350 nt
478 2317 512 2348 in
537 2315 696 2349 conciliis
723 2317 967 2360 episeoporuni
993 2316 1276 2357 constitueretur,
1302 2318 1340 2348 ut
1363 2314 1477 2347 onmia
1503 2316 1636 2347 statuta

251 2388 385 2429 patruni
410 2380 615 2415 ordinandis
642 2380 812 2415 deberent
839 2380 881 2414 ab
917 2380 1179 2415 ordinatoribus
1204 2381 1367 2414 intimari.
1416 2378 1494 2423 Ipse
1520 2383 1633 2413 autent

250 2451 293 2483 de
319 2460 356 2483 se
381 2447 516 2481 dixisse
542 2445 761 2491 postmodum
787 2446 934 2491 legitur:
971 2448 1003 2479 in
1029 2445 1124 2480 nulla
1150 2457 1185 2480 re
1211 2445 1295 2479 inihi
1322 2445 1494 2478 dominum
1521 2446 1633 2478 sentio

251 2516 301 2548 sie
328 2516 472 2554 iratum,
507 2514 598 2546 sicut
623 2514 656 2545 in
683 2511 767 2553 hoe,
795 2512 906 2556 qnod,
940 2523 1040 2557 quum
1069 2522 1135 2546 non
1162 2521 1273 2546 esseni
1301 2511 1446 2556 dignus,
1483 2510 1564 2554 poni
1588 2508 1632 2542 ad

252 2590 393 2618 remum,
420 2578 538 2622 posuit
557 2589 609 2611 me
635 2577 679 2611 ad
705 2578 894 2622 amplustre
916 2578 949 2611 in
970 2579 1070 2622 apice
1090 2578 1269 2622 regiminis
1290 2575 1469 2610 eeclesiae.
1518 2572 1633 2607 Vesti-

252 2647 364 2677 menta
390 2645 466 2687 ejus
492 2648 525 2677 et
549 2643 786 2678 calceamenta
813 2648 847 2677 et
874 2647 1076 2678 ornamenta
1101 2642 1172 2676 alia
1196 2651 1260 2676 nec
1285 2638 1395 2674 nitida
1414 2639 1552 2673 nimium
1571 2650 1634 2674 nee

319 2723 347 2753 l)
367 2720 418 2748 Ed.
439 2724 480 2748 [Τ.
502 2721 813 2755 1··’11τιμιίῑῑιηεὶοε
835 2720 973 2756 praest-rt.
1078 2720 1108 2751 ’2)
1126 2722 1203 2745 Haec
1223 2715 1332 2744 omittit
1355 2716 1406 2742 lid.
1427 2719 1468 2743 l'r.
