1742 3005
243 131 325 172 268
473 132 572 181 Cap.
602 128 704 167 LIX.
764 129 822 166 De
852 133 982 166 sancto
1011 128 1143 166 Marco
1173 126 1415 178 evangelista.

241 240 340 274 fertis
370 241 404 273 et
430 236 541 271 saneti
566 234 679 270 Marci
715 243 843 279 corpus
875 243 939 268 vos
974 232 1113 268 deferre
1135 234 1277 278 putatis.
1327 233 1499 267 Continuo
1528 234 1636 280 igitur

240 305 362 345 naviS,
389 303 423 335 in
450 311 519 346 qua
543 303 619 335 erat
645 309 772 344 corpus
801 300 914 333 saneti
939 298 1072 342 Marci,
1106 309 1171 343 per
1195 309 1233 333 se
1259 299 1369 343 ipsam
1396 300 1483 334 mira
1507 300 1634 335 eeleri-

239 374 311 404 tate
338 379 375 403 se
402 368 508 403 vertit
531 369 566 401 et
591 366 624 399 in
651 375 792 407 navem,
827 365 862 398 in
887 375 956 410 qua
980 364 1039 399 ille
1066 362 1266 405 residebat,
1299 364 1485 411 insurgens
1512 366 1634 401 lateris

240 439 372 481 partem
407 433 527 478 fregit,
562 442 631 465 non
655 431 752 476 prius
780 430 874 464 illam
902 429 1101 470 dimittens,
1137 428 1248 463 donec
1284 440 1403 464 omnes
1437 440 1476 464 se
1506 431 1634 466 ibidem

241 510 367 545 corpus
403 508 483 533 esse
515 498 609 532 beati
642 497 755 532 Marci
782 496 928 530 eredere
954 495 1203 529 acclamarent.
1254 494 1335 529 Cum
1363 495 1510 540 quadam
1533 501 1634 532 nocte

239 576 346 601 naves
379 574 482 599 cursu
518 563 739 597 velocissimo
767 562 933 596 ducerent
959 565 992 595 et
1024 565 1151 595 nautae
1177 564 1384 605 tempestate
1411 564 1636 607 conquassati

241 637 274 667 et
302 630 458 666 tenebris
492 627 671 670 obvoluti,
706 639 774 673 quo
809 630 1017 673 pergerent,
1053 627 1277 671 ignorarent,
1315 631 1455 661 sanetus
1490 628 1635 663 Marcus

240 697 375 732 cuidam
402 695 572 729 monacho
600 693 738 726 custodi
765 694 924 736 eorporis
947 693 1002 726 sui
1027 693 1190 736 apparuit
1216 691 1357 726 ‹lice-ns:
1395 692 1452 725 die
1477 693 1635 727 omnibus

238 764 340 803 istis,
372 764 410 795 ut
439 759 610 793 velociter
634 758 712 791 vela
738 757 936 801 deponant,
971 758 1054 801 quia
1088 767 1155 790 non
1190 757 1296 802 longe
1323 767 1343 791 a
1368 761 1465 792 terra
1491 759 1632 793 distant.

240 827 373 867 Quibus
400 824 571 869 depositis
597 833 696 857 mane
722 822 815 856 sacto
844 832 881 856 se
904 822 1006 867 juxta
1031 821 1204 866 quandam
1243 823 1388 856 insulam
1418 821 1634 859 invenerunt.

238 893 364 928 Verum
386 901 460 926 eum
488 900 552 934 per
574 889 695 922 littora
715 887 858 922 diversa
882 888 1074 921 transirent
1099 891 1131 922 et
1158 892 1312 922 sanetum
1336 888 1536 923 thesaurum
1562 901 1635 924 om-

237 959 340 993 nibus
373 956 610 996 occultarent,
645 955 826 988 venientes
864 953 1002 987 incolae
1036 954 1321 989 conclamabant:
1357 965 1376 989 o
1413 965 1513 1000 quam
1540 955 1635 990 beati

237 1025 345 1064 estiS,
379 1023 437 1067 qui
462 1021 576 1054 saneti
599 1019 712 1054 Marri
740 1030 866 1064 eorpus
888 1020 1050 1063 portatis.
1101 1019 1233 1062 Sinite,
1265 1025 1302 1054 ut
1326 1022 1438 1066 ipsum
1465 1022 1634 1066 supplici-

236 1094 291 1123 ter
316 1087 514 1122 adoremus.
565 1085 711 1125 Quidam
744 1090 852 1119 nauta
877 1084 991 1119 adhue
1017 1085 1154 1118 omnino
1182 1086 1382 1120 incredulus
1418 1097 1440 1120 a
1464 1086 1634 1121 daemone

237 1155 406 1198 arripitur
440 1156 474 1187 et
504 1151 637 1186 tamdiu
661 1155 826 1192 vexatur,
862 1151 972 1185 donec
997 1151 1042 1184 ad
1071 1161 1197 1195 corpus
1226 1151 1397 1186 adductus
1424 1163 1462 1187 se
1490 1153 1634 1188 credere

235 1220 430 1255 confitetur.
480 1218 545 1258 Qui
578 1217 749 1251 liberatus
783 1216 932 1262 gloriam
957 1216 1031 1251 Deo
1068 1216 1164 1250 dedit
1194 1222 1227 1252 et
1252 1218 1390 1251 beatum
1418 1218 1572 1253 Marcum
1602 1221 1633 1252 in

236 1287 424 1320 devotione
458 1293 586 1329 magna
620 1282 786 1326 deinceps
820 1281 951 1316 habuit.
1004 1282 1160 1322 Quodam
1193 1287 1351 1328 tempore
1395 1295 1468 1318 eum
1505 1296 1632 1329 eorpus

235 1353 349 1387 saneti
375 1351 487 1386 Marci
512 1349 603 1383 infra
629 1348 799 1394 quandam
817 1348 1009 1382 columnam
1029 1348 1071 1383 de
1089 1348 1269 1393 lapidibus
1287 1352 1489 1384 marmoreis
1508 1351 1631 1384 laetam

234 1419 355 1463 paucis
382 1417 533 1451 consciis
560 1419 656 1450 esset
682 1416 894 1459 repositum,
925 1419 961 1449 nt
986 1415 1034 1449 ibi
1062 1416 1198 1449 cautius
1224 1419 1446 1457 servaretur,
1473 1417 1631 1460 contigit,

234 1487 272 1518 ut
295 1483 445 1517 testibus
472 1482 542 1516 illis
568 1492 610 1515 ex
648 1480 715 1514 hac
748 1481 826 1514 luce
861 1480 1032 1523 sublatis,
1059 1492 1172 1523 nemo,
1200 1481 1339 1515 ubinam
1368 1484 1509 1514 sanctus
1539 1486 1633 1515 esset

233 1548 439 1589 thesaurus,
464 1551 588 1591 posset
614 1557 811 1592 agnoscere
837 1557 900 1581 nec
925 1547 1103 1592 aliquibus
1131 1546 1270 1580 iudiciis
1296 1547 1464 1581 invenire.
1511 1545 1565 1580 Fit
1589 1557 1629 1581 ex

234 1614 300 1648 hoc
320 1614 479 1658 planctus
502 1614 534 1645 in
558 1613 728 1653 eeclesiis,
755 1612 930 1646 desolatio
957 1614 1081 1658 ingens
1109 1614 1142 1646 in
1167 1612 1282 1654 laieIS,
1310 1622 1449 1646 moeror
1479 1613 1631 1645 imminet

232 1680 418 1714 universis.
467 1677 695 1712 Formidabat
730 1677 902 1721 siquidem
935 1678 1036 1722 plebs
1077 1678 1227 1720 devota,
1267 1689 1309 1712 ne
1347 1682 1516 1722 patronus
1560 1682 1628 1711 tam

234 1746 375 1779 inclitus
405 1744 532 1778 furtive
552 1743 677 1777 suisset
704 1742 877 1784 sublatus,
905 1742 1242 1788 ideoqiiej1·j11ni111n
1264 1744 1431 1778 sollemne
1451 1743 1628 1785 indicitur,

233 1811 412 1855 processio
438 1809 643 1843 sollemnior
667 1807 849 1841 ordinatur
874 1812 907 1841 et
933 1818 1012 1842 eece
1039 1809 1173 1841 eunetis
1201 1808 1399 1842 videntibus
1424 1819 1464 1842 ae
1486 1802 1627 1853 stupen-

230 1876 325 1910 tibus
357 1874 495 1919 lapides
532 1885 553 1908 a
582 1874 741 1908 eolumna
769 1873 956 1918 prosiliunt
982 1877 1017 1907 et
1041 1873 1202 1916 arebam,
1230 1873 1289 1907 ubi
1315 1884 1443 1918 eorpus
1473 1876 1548 1919 eJus
1574 1874 1626 1908 la-

231 1941 348 1983 tebat,
384 1942 543 1977 omnibus
579 1940 761 1974 evidenter
794 1939 993 1973 ostendunt.
1043 1938 1126 1973 Mox
1165 1939 1312 1974 devotas
1355 1939 1479 1973 laudes
1521 1943 1629 1985 agunt

232 2003 402 2049 erea'tori,
437 2007 493 2051 qni
528 2017 626 2040 suum
660 2007 703 2039 iis
736 2005 903 2050 dignatus
938 2008 992 2039 est
1016 2005 1174 2039 revelare
1195 2009 1378 2049 patronum
1404 2006 1524 2050 sieque
1552 2004 1628 2039 dies

231 2073 408 2107 illustrata
440 2073 527 2105 tanti
560 2072 715 2117 prodigii
750 2060 869 2117 gloria
899 2070 1044 2115 ¹)annis
1076 2070 1342 2105 decurrentibus
1370 2072 1524 2116 posteris
1565 2072 1629 2105 suit

231 2139 370 2173 festiva.
418 2137 561 2172 Juvenis
596 2136 736 2182 quidam
773 2137 892 2170 caneri
916 2136 1037 2170 morbo
1066 2138 1099 2170 in
1126 2136 1280 2170 mamilla
1307 2136 1482 2171 vermibus
1507 2147 1626 2170 corro-

232 2203 396 2237 dentibus
422 2204 596 2236 cruciatus
623 2203 739 2246 eoepit
764 2202 861 2236 beati
889 2202 1002 2237 Marci
1027 2202 1200 2247 suffragia
1225 2206 1337 2235 mente
1358 2202 1545 2245 implorare
1566 2202 1626 2235 de-

231 2273 313 2305 vota
339 2272 373 2303 et
397 2278 480 2301 eree
505 2267 554 2301 ibi
579 2267 764 2301 dormienti
791 2268 930 2312 quidam
957 2268 1144 2312 peregrino
1163 2267 1283 2301 habitu
1310 2268 1497 2313 insignitus
1515 2279 1624 2313 appa-

233 2337 320 2377 ruit,
348 2335 407 2379 qui
434 2332 548 2378 gradu
572 2334 710 2366 concito
737 2333 855 2377 aliquo
879 2344 1030 2378 pergere
1057 2333 1252 2367 videbatur.
1305 2334 1368 2373 Qui
1397 2335 1440 2368 ab
1461 2346 1501 2369 eo
1518 2337 1639 2369 inter-.

233 2404 392 2446 rogatus,
417 2401 494 2444 quis
521 2403 616 2432 esset
642 2402 675 2432 et
701 2409 768 2443 quo
792 2403 860 2432 tam
887 2399 1056 2432 velociter
1084 2400 1279 2441 festinaret,
1306 2399 1462 2434 Marcum
1483 2411 1520 2435 se
1547 2411 1626 2434 esse

233 2467 396 2506 asseruit,
425 2466 482 2510 qui
504 2469 571 2498 tam
599 2465 766 2498 velociter
791 2469 956 2509 pergeret
983 2469 1017 2499 et
1043 2464 1177 2498 cuidam
1197 2467 1278 2499 navi
1304 2475 1342 2498 se
1366 2467 1538 2499 invocanti
1562 2475 1639 2508 pe-‚

233 2532 341 2565 riculo
366 2530 588 2572 subveniret,
619 2535 833 2575 extensaque
858 2541 959 2564 manu
985 2530 1149 2564 infirmum
1176 2531 1315 2575 tetigit,
1345 2532 1401 2575 qui
1427 2539 1527 2563 mane
1553 2530 1623 2562 evi·
1665 2554 1668 2558 .

234 2595 348 2639 gilans
375 2597 512 2639 penitus
545 2606 584 2629 se
611 2600 767 2630 sanatum
794 2597 916 2631 sensit.
966 2597 1050 2632 Post
1076 2597 1245 2631 modicum
1281 2597 1378 2629 navis
1404 2594 1465 2627 illa
1489 2599 1622 2638 portium

304 2739 331 2770 1)
352 2737 541 2763 nocentiores
561 2739 691 2765 addunt:
713 2739 821 2771 singu
835 2739 894 2765 lis.
