1742 3005
255 56 349 104 Cap.
382 53 533 91 vaii.
600 55 656 92 De
687 63 815 92 sancto
847 57 989 91 Jacobo
1021 56 1208 106 apostolo·
1346 55 1421 93 301

36 162 148 193 actum
175 163 249 199 est,
276 159 310 192 in
335 158 460 192 melius
486 161 687 206 commutari
719 163 844 204 potest.
894 158 936 193 Et
954 158 1209 204 Vespasianus:
1236 162 1292 206 qui
1313 161 1426 194 victus

35 229 108 266 est,
146 223 230 269 quid
264 223 382 258 facere
412 224 555 269 potest?
603 223 644 259 Et
677 224 871 269 josephus:
904 224 1038 270 aliquid
1073 225 1190 260 facere
1215 231 1357 270 potem,
1393 229 1423 261 si

34 279 135 324 dictis
160 292 246 324 meis
283 299 387 324 aures
422 294 500 324 tuas
527 289 735 325 demulsero.
786 290 828 325 Et
853 289 1111 334 Vespasianus:
1140 293 1363 335 concedatur,
1390 298 1426 327 ut

34 355 150 391 verbis
175 356 245 390 tuis
265 355 465 398 inhaereaS,
492 360 527 390 et
545 356 711 402 quidquid
732 355 815 390 boni
833 355 986 389 dicturus
1009 366 1058 397 es,
1084 357 1229 400 pacifice
1250 358 1423 394 audiatur.

34 420 78 456 Et
101 421 297 466 Josephus:
325 423 515 466 imperator
538 421 712 456 Romanus
740 423 872 455 interiit
894 425 927 454 et
952 426 1094 455 senatus
1122 424 1366 467 imperatorem
1392 430 1426 459 te

36 488 129 523 fecit.
176 487 219 522 Et
242 486 499 531 Vespasianus:
535 487 564 520 si
599 486 773 530 propheta
806 497 863 522 es.
901 496 1010 531 quare
1046 498 1112 520 non
1153 498 1189 522 es
1217 491 1424 524 vaticinatus

5 598 11 601 ἢ
36 554 116 588 huie
142 554 296 593 civitati,
325 552 417 597 quod
440 561 538 586 meae
564 553 610 585 sit
635 551 856 596 subjicienda
881 552 1016 586 ditioni.
1066 552 1107 586 Et
1132 553 1330 598 josephus:
1364 566 1426 599 per

34 619 97 653 XL
115 619 190 652 dies
206 618 273 651 hoe
298 619 341 650 iis
357 616 527 661 praedixi.
575 615 713 651 Interea
730 617 837 662 legati
861 617 1091 652 Romanorum
1111 622 1260 655 veniunt.
1288 620 1425 666 Vespa-

35 686 167 718 sianum
194 684 229 717 in
256 683 436 727 imperium
461 682 682 717 sublimatum
708 688 869 717 asserunt
905 694 1050 729 eumque
1074 684 1214 719 Romam
1240 686 1424 721 deducunt.

35 749 106 784 Hoc
135 758 272 795 quoque
299 746 473 782 Eusebius
501 749 535 782 in
562 748 725 783 chronica
751 753 922 791 testatur,
959 750 1050 794 quod
1089 751 1225 786 scilieet
1247 752 1424 797 Josephus

34 815 253 860 Vespasiano
274 814 449 858 praedixit
472 819 541 848 tam
574 814 616 848 de
642 816 863 859 imperatoris
892 820 1001 850 morte
1029 826 1129 860 quam
1157 816 1200 851 de
1227 828 1291 851 sua
1313 819 1424 852 subli-

35 883 197 915 matione.
246 879 536 924 Reliquit‘autem
562 880 799 924 Vespasianus
836 880 952 914 Titum
987 880 1090 914 filium
1125 892 1222 916 suum
1260 886 1291 917 in
1327 885 1424 918 obsi-

36 947 140 981 dione
164 945 380 983 Jerusalem,
431 945 534 979 Titus
570 951 705 986 autem,
742 951 779 979 ut
812 947 844 980 in
879 947 997 981 eadem
1034 947 1189 992 hystoria
1224 950 1426 995 apocrypha

37 1013 185 1058 legitur,
212 1010 358 1045 audiens
386 1015 519 1055 patrem
544 1021 642 1045 suum
668 1013 700 1045 in
730 1013 908 1056 imperium
935 1013 1177 1055 sublimatum,
1216 1020 1311 1049 tanto
1337 1028 1425 1060 grau-

37 1078 94 1112 dio
122 1082 154 1112 et
180 1076 414 1112 exsultatione
440 1076 606 1121 repletur,
634 1077 725 1122 quod
752 1089 934 1112 nervorum
964 1081 1202 1114 contractione
1224 1092 1265 1115 ex
1286 1081 1425 1127 frigidi-

34 1149 107 1179 tate
142 1144 330 1188 corripitur
363 1146 397 1177 et
432 1142 543 1177 altero
576 1153 676 1177 crure
704 1143 907 1178 debilitatus
941 1144 1094 1189 paralysi
1123 1150 1324 1191 torquetur,
1361 1148 1424 1184 Jo-

36 1209 168 1255 sophus
190 1213 303 1243 autem
322 1208 468 1242 audiens
481 1208 596 1242 Titum
616 1209 769 1253 paraljsi
789 1209 965 1251 laborare,
993 1220 1131 1244 causam
1152 1212 1261 1246 morbi
1285 1218 1319 1247 et
1338 1218 1426 1248 tem-

36 1286 100 1321 pus
119 1275 230 1310 morbi
249 1274 519 1319 diligentissime
541 1275 695 1318 inquirit.
747 1274 860 1308 (lausa
884 1277 1049 1311 nescitur.
1070 1276 1210 1311 morbus
1232 1279 1425 1322 ignoratur,

37 1341 80 1376 de
106 1346 260 1384 tempore
287 1344 419 1379 autem,
455 1340 615 1383 quoniam
652 1339 773 1373 audita
805 1342 914 1383 patris
949 1341 1119 1375 electione
1146 1342 1212 1376 hoc
1238 1344 1307 1377 sibi
1333 1347 1426 1379 acci·

36 1407 147 1447 derit,
173 1406 339 1449 aperitur.
388 1403 564 1449 Josephus
591 1409 704 1454 autem
738 1406 792 1438 vir
812 1406 980 1450 providus
1010 1412 1043 1441 et
1067 1410 1209 1452 sapiens
1238 1421 1279 1444 ex
1307 1413 1427 1455 paucis

36 1472 144 1506 multa
174 1470 326 1515 conjecit
363 1474 397 1504 et
430 1481 472 1505 ex
510 1474 666 1514 tempore
698 1470 851 1504 morbum
886 1476 918 1505 et
945 1482 1084 1506 causam
1111 1475 1260 1515 invenit,
1298 1477 1426 1512 sciens,

37 1537 131 1584 quod
154 1535 285 1582 gaudio
313 1541 348 1571 et
372 1536 509 1571 laetitia
533 1535 831 1580 superabundanti
859 1536 1061 1572 debilitatus
1094 1538 1209 1572 suerit.
1259 1540 1426 1575 Animad-

37 1609 176 1640 vertens
210 1604 349 1647 itaque,
391 1604 473 1647 quia
506 1603 683 1636 contraria
717 1603 903 1635 contrariis
937 1608 1121 1645 curantur,
1167 1606 1282 1640 sciens
1324 1609 1428 1641 etiam

37 1671 119 1716 quia
144 1668 235 1714 quod
262 1679 378 1702 amore
405 1668 663 1712 conquaeritur,
691 1666 812 1701 dolore
837 1667 1040 1712 frequenter
1057 1671 1237 1712 amittitur,
1258 1682 1429 1716 quaerere

38 1736 174 1780 coepit,
201 1744 245 1768 an
270 1734 398 1779 aliquis
422 1737 538 1775 esset,
575 1733 633 1777 qui
659 1733 827 1777 principis
853 1734 1013 1768 inimicus
1039 1735 1212 1770 obnoxius
1238 1741 1427 1773 teneretur.

36 1800 80 1835 Et
104 1804 179 1836 erat
203 1800 252 1834 ihi
279 1809 401 1835 servus
427 1799 515 1834 adeo
543 1797 626 1832 Tito
654 1798 842 1840 molestus,
881 1803 917 1833 ut
950 1801 1025 1835 sine
1059 1800 1253 1836 vehementi
1289 1808 1429 1837 contur-

37 1867 180 1901 batione
206 1866 406 1900 nullatenus
431 1867 466 1899 in
490 1876 565 1900 eum
593 1868 717 1909 posset
741 1866 940 1909 respicere,
972 1877 1036 1901 nee
1063 1868 1165 1901 etiam
1193 1878 1316 1902 nomen
1352 1870 1428 1914 ejus

38 1931 182 1973 audire3
211 1931 300 1965 dixit
325 1933 444 1976 itaque
471 1930 573 1965 Tito:
600 1931 631 1964 si
657 1931 772 1964 curari
804 1930 1008 1973 desideras,
1034 1943 1172 1975 omnes,
1208 1936 1267 1979 qui
1293 1936 1326 1968 in
1353 1945 1428 1969 meo

40 1997 203 2030 comitatu
229 1998 406 2038 venerint,
435 1995 552 2030 salvos
579 1996 700 2030 facias.
751 1995 813 2029 Cui
840 1995 966 2030 Titus:
1003 1999 1199 2043 quicunque
1224 2001 1257 2032 in
1281 2004 1340 2033 tuo
1367 2010 1427 2033 co-

39 2062 161 2095 mitatu
194 2063 347 2103 venerit,
385 2071 530 2096 securus
566 2060 739 2095 habeatur
771 2066 805 2095 et
838 2061 968 2095 salvus.
1019 2061 1119 2096 Tunc
1149 2063 1326 2107 ,Iosephus
1359 2065 1428 2098 cito

38 2126 222 2171 prandium
253 2126 328 2161 lieri
362 2127 544 2171 praecepit
579 2130 614 2160 et
644 2135 797 2160 mensam
832 2136 927 2159 suam
959 2136 1100 2160 mensae
1126 2126 1199 2161 Titi
1230 2130 1428 2172 oppositam

37 2191 170 2225 locavit
207 2196 242 2227 et
273 2202 411 2227 servum
445 2202 466 2226 a
491 2191 624 2226 dextris
652 2192 725 2225 suis
752 2190 878 2225 sedere
906 2191 998 2225 fecit.
1050 2192 1156 2231 Quem
1183 2192 1285 2227 Titus
1312 2195 1426 2239 respi-

38 2257 134 2290 ciens
158 2256 321 2291 molestia
343 2257 570 2292 conturbatus
599 2257 779 2291 infremuit
804 2260 850 2299 et,
878 2258 937 2302 qui
963 2258 1059 2301 prius
1084 2258 1216 2304 gaudio
1235 2258 1426 2304 infrigida-

36 2325 93 2355 tus
118 2320 245 2363 t'uerat,
272 2323 478 2357 accensione
502 2322 633 2356 furoris
657 2322 805 2365 incaluit
825 2332 1021 2366 nervosque
1056 2322 1262 2358 distendens
1287 2327 1427 2357 curatus

39 2385 115 2420 suit.
163 2385 249 2420 Post
272 2384 340 2419 hoe
366 2385 469 2420 Titus
496 2391 530 2421 et
554 2398 692 2422 servum
716 2389 750 2421 in
778 2389 830 2421 sui
857 2388 1007 2431 gratiam
1042 2392 1077 2421 et
1099 2387 1290 2431 Josephum
1314 2389 1349 2421 in
1372 2390 1426 2422 sui

37 2452 226 2486 amicitiam
255 2452 410 2495 recepit:
445 2450 561 2486 Utrum
588 2457 702 2487 autem
726 2452 815 2486 haec
841 2451 1000 2496 hystoria
1024 2451 1201 2485 narranda
1226 2453 1292 2494 sit,
1317 2452 1426 2487 lecto--

37 2517 87 2551 ris
114 2516 251 2562 judicio
289 2516 515 2561 relinquatur.
564 2516 710 2550 Biennio
747 2518 857 2562 igitur
887 2525 908 2549 a
937 2515 1019 2550 Tito
1051 2516 1244 2552 Jerusalem
1277 2519 1426 2553 obsessa

37 2583 128 2615 inter
154 2585 295 2617 caetera
319 2581 431 2623 mala,
459 2592 548 2626 quae
573 2581 741 2616 obsessos
766 2581 925 2626 graviter
949 2581 1205 2627 perurgebant,
1239 2586 1337 2617 tanta
1371 2583 1425 2618 sa-

36 2656 108 2682 mes
127 2644 252 2682 'omnes
275 2648 406 2691 tenuit,
431 2646 524 2693 quod
548 2650 714 2692 parentes
738 2645 819 2681 filiis
845 2649 879 2681 et
903 2644 966 2680 filii
988 2646 1214 2692 parentibus,
1248 2648 1316 2682 viri
1339 2658 1424 2683 uxo-
