<?xml version="1.0" encoding="UTF-8"?>
<!DOCTYPE html PUBLIC "-//W3C//DTD XHTML 1.0 Transitional//EN"
    "http://www.w3.org/TR/xhtml1/DTD/xhtml1-transitional.dtd">
<html xmlns="http://www.w3.org/1999/xhtml" xml:lang="en" lang="en">
 <head>
  <title>
</title>
<meta http-equiv="Content-Type" content="text/html;charset=utf-8" />
  <meta name='ocr-system' content='tesseract 3.04.00' />
  <meta name='ocr-capabilities' content='ocr_page ocr_carea ocr_par ocr_line ocrx_word'/>
</head>
<body>
  <div class='ocr_page' id='page_1' title='image "./legendaaureavulg00jacouoft_0513.png"; bbox 0 0 1742 3005; ppageno 0'>
   <div class='ocr_carea' id='block_1_1' title="bbox 397 69 1489 123">
    <p class='ocr_par' dir='ltr' id='par_1_1' title="bbox 397 69 1489 123">
     <span class='ocr_line' id='line_1_1' title="bbox 397 69 1489 123; baseline -0.004 -13"><span class='ocrx_word' id='word_1_1' title='bbox 397 73 490 123; x_wconf 72' lang='lat' dir='ltr'>Cap.</span> <span class='ocrx_word' id='word_1_2' title='bbox 524 73 663 110; x_wconf 76' lang='lat' dir='ltr'>CXttt.</span> <span class='ocrx_word' id='word_1_3' title='bbox 723 71 780 109; x_wconf 82' lang='lat' dir='ltr'>De</span> <span class='ocrx_word' id='word_1_4' title='bbox 821 78 951 108; x_wconf 85' lang='lat' dir='ltr'>sancto</span> <span class='ocrx_word' id='word_1_5' title='bbox 982 70 1196 108; x_wconf 83' lang='lat' dir='ltr'>Dominico.</span> <span class='ocrx_word' id='word_1_6' title='bbox 1409 69 1489 108; x_wconf 76' lang='lat'>477</span> 
     </span>
    </p>
   </div>
   <div class='ocr_carea' id='block_1_2' title="bbox 99 174 1492 2584">
    <p class='ocr_par' dir='ltr' id='par_1_2' title="bbox 99 174 1492 2584">
     <span class='ocr_line' id='line_1_2' title="bbox 100 174 1490 223; baseline -0.004 -10"><span class='ocrx_word' id='word_1_7' title='bbox 100 178 333 223; x_wconf 76' lang='lat' dir='ltr'>Frequenter,</span> <span class='ocrx_word' id='word_1_8' title='bbox 368 175 507 222; x_wconf 88' lang='lat' dir='ltr'>quando</span> <span class='ocrx_word' id='word_1_9' title='bbox 543 186 670 221; x_wconf 89' lang='lat' dir='ltr'>eorpus</span> <span class='ocrx_word' id='word_1_10' title='bbox 704 177 833 211; x_wconf 85' lang='lat' dir='ltr'>domini</span> <span class='ocrx_word' id='word_1_11' title='bbox 860 176 1044 210; x_wconf 85' lang='lat' dir='ltr'>levabatur</span> <span class='ocrx_word' id='word_1_12' title='bbox 1073 176 1106 209; x_wconf 92' lang='lat' dir='ltr'>in</span> <span class='ocrx_word' id='word_1_13' title='bbox 1134 175 1264 215; x_wconf 80' lang='lat' dir='ltr'>missa,</span> <span class='ocrx_word' id='word_1_14' title='bbox 1303 174 1490 208; x_wconf 87' lang='lat' dir='ltr'>intantum</span> 
     </span>
     <span class='ocr_line' id='line_1_3' title="bbox 100 241 1489 287; baseline -0.003 -10"><span class='ocrx_word' id='word_1_15' title='bbox 100 245 224 278; x_wconf 83' lang='lat' dir='ltr'>mentis</span> <span class='ocrx_word' id='word_1_16' title='bbox 243 242 448 287; x_wconf 83' lang='lat' dir='ltr'>rapiebatur</span> <span class='ocrx_word' id='word_1_17' title='bbox 464 252 658 285; x_wconf 83' lang='lat' dir='ltr'>excessum,</span> <span class='ocrx_word' id='word_1_18' title='bbox 685 253 724 277; x_wconf 87' lang='lat' dir='ltr'>ac</span> <span class='ocrx_word' id='word_1_19' title='bbox 742 244 773 276; x_wconf 91' lang='lat' dir='ltr'>si</span> <span class='ocrx_word' id='word_1_20' title='bbox 800 242 927 277; x_wconf 83' lang='lat' dir='ltr'>ibidem</span> <span class='ocrx_word' id='word_1_21' title='bbox 955 241 1128 275; x_wconf 82' lang='lat' dir='ltr'>Christum</span> <span class='ocrx_word' id='word_1_22' title='bbox 1154 242 1368 274; x_wconf 85' lang='lat' dir='ltr'>incarnatum</span> <span class='ocrx_word' id='word_1_23' title='bbox 1386 250 1489 284; x_wconf 84' lang='lat' dir='ltr'>prae-</span> 
     </span>
     <span class='ocr_line' id='line_1_4' title="bbox 101 306 1490 353; baseline -0.003 -10"><span class='ocrx_word' id='word_1_24' title='bbox 101 313 232 344; x_wconf 78' lang='lat' dir='ltr'>sentem</span> <span class='ocrx_word' id='word_1_25' title='bbox 259 308 406 343; x_wconf 84' lang='lat' dir='ltr'>videret.</span> <span class='ocrx_word' id='word_1_26' title='bbox 454 307 604 352; x_wconf 81' lang='lat' dir='ltr'>Propter</span> <span class='ocrx_word' id='word_1_27' title='bbox 628 308 722 353; x_wconf 87' lang='lat' dir='ltr'>quod</span> <span class='ocrx_word' id='word_1_28' title='bbox 750 309 889 342; x_wconf 88' lang='lat' dir='ltr'>missam</span> <span class='ocrx_word' id='word_1_29' title='bbox 915 307 1021 341; x_wconf 89' lang='lat' dir='ltr'>multo</span> <span class='ocrx_word' id='word_1_30' title='bbox 1047 311 1204 351; x_wconf 88' lang='lat' dir='ltr'>tempore</span> <span class='ocrx_word' id='word_1_31' title='bbox 1241 316 1314 340; x_wconf 91' lang='lat' dir='ltr'>cum</span> <span class='ocrx_word' id='word_1_32' title='bbox 1340 306 1490 339; x_wconf 82' lang='lat' dir='ltr'>caeteris</span> 
     </span>
     <span class='ocr_line' id='line_1_5' title="bbox 100 370 1491 416; baseline -0.003 -8"><span class='ocrx_word' id='word_1_33' title='bbox 100 385 170 408; x_wconf 87' lang='lat' dir='ltr'>non</span> <span class='ocrx_word' id='word_1_34' title='bbox 202 374 345 408; x_wconf 88' lang='lat' dir='ltr'>audivit.</span> <span class='ocrx_word' id='word_1_35' title='bbox 394 372 479 408; x_wconf 89' lang='lat' dir='ltr'>Erat</span> <span class='ocrx_word' id='word_1_36' title='bbox 512 378 626 408; x_wconf 89' lang='lat' dir='ltr'>autem</span> <span class='ocrx_word' id='word_1_37' title='bbox 659 374 727 407; x_wconf 90' lang='lat' dir='ltr'>sibi</span> <span class='ocrx_word' id='word_1_38' title='bbox 761 375 795 406; x_wconf 91' lang='lat' dir='ltr'>in</span> <span class='ocrx_word' id='word_1_39' title='bbox 830 373 982 407; x_wconf 84' lang='lat' dir='ltr'>ecclesia</span> <span class='ocrx_word' id='word_1_40' title='bbox 1017 372 1247 416; x_wconf 89' lang='lat' dir='ltr'>pernoctandi</span> <span class='ocrx_word' id='word_1_41' title='bbox 1275 370 1491 405; x_wconf 82' lang='lat' dir='ltr'>consuetudo</span> 
     </span>
     <span class='ocr_line' id='line_1_6' title="bbox 101 436 1492 481; baseline -0.003 -7"><span class='ocrx_word' id='word_1_42' title='bbox 101 439 332 481; x_wconf 87' lang='lat' dir='ltr'>creberrima,</span> <span class='ocrx_word' id='word_1_43' title='bbox 365 444 402 473; x_wconf 91' lang='lat' dir='ltr'>ut</span> <span class='ocrx_word' id='word_1_44' title='bbox 437 440 494 474; x_wconf 84' lang='lat' dir='ltr'>vix</span> <span class='ocrx_word' id='word_1_45' title='bbox 527 443 587 473; x_wconf 84' lang='lat' dir='ltr'>aut</span> <span class='ocrx_word' id='word_1_46' title='bbox 610 439 663 473; x_wconf 89' lang='lat' dir='ltr'>vel</span> <span class='ocrx_word' id='word_1_47' title='bbox 688 448 767 471; x_wconf 88' lang='lat' dir='ltr'>raro</span> <span class='ocrx_word' id='word_1_48' title='bbox 798 441 926 471; x_wconf 85' lang='lat' dir='ltr'>eertum</span> <span class='ocrx_word' id='word_1_49' title='bbox 952 436 997 469; x_wconf 87' lang='lat' dir='ltr'>ad</span> <span class='ocrx_word' id='word_1_50' title='bbox 1023 437 1269 480; x_wconf 82' lang='lat' dir='ltr'>quiescendum</span> <span class='ocrx_word' id='word_1_51' title='bbox 1302 436 1413 469; x_wconf 88' lang='lat' dir='ltr'>locum</span> <span class='ocrx_word' id='word_1_52' title='bbox 1441 438 1492 470; x_wconf 86' lang='lat' dir='ltr'>vi-</span> 
     </span>
     <span class='ocr_line' id='line_1_7' title="bbox 102 500 1492 547; baseline -0.002 -9"><span class='ocrx_word' id='word_1_53' title='bbox 102 505 245 540; x_wconf 87' lang='lat' dir='ltr'>deretur</span> <span class='ocrx_word' id='word_1_54' title='bbox 270 505 420 547; x_wconf 83' lang='lat' dir='ltr'>habere,</span> <span class='ocrx_word' id='word_1_55' title='bbox 447 508 481 538; x_wconf 92' lang='lat' dir='ltr'>et</span> <span class='ocrx_word' id='word_1_56' title='bbox 505 514 580 537; x_wconf 89' lang='lat' dir='ltr'>cum</span> <span class='ocrx_word' id='word_1_57' title='bbox 607 502 816 537; x_wconf 84' lang='lat' dir='ltr'>lassitudine</span> <span class='ocrx_word' id='word_1_58' title='bbox 842 500 1051 535; x_wconf 74' lang='lat' dir='ltr'>succedente</span> <span class='ocrx_word' id='word_1_59' title='bbox 1088 502 1213 535; x_wconf 88' lang='lat' dir='ltr'>somnii</span> <span class='ocrx_word' id='word_1_60' title='bbox 1248 502 1492 546; x_wconf 83' lang='lat' dir='ltr'>interpellaret</span> 
     </span>
     <span class='ocr_line' id='line_1_8' title="bbox 101 566 1491 612; baseline -0.003 -7"><span class='ocrx_word' id='word_1_61' title='bbox 101 572 319 612; x_wconf 75' lang='lat' dir='ltr'>necessitas,</span> <span class='ocrx_word' id='word_1_62' title='bbox 367 571 441 604; x_wconf 88' lang='lat' dir='ltr'>sive</span> <span class='ocrx_word' id='word_1_63' title='bbox 485 573 566 603; x_wconf 86' lang='lat' dir='ltr'>ante</span> <span class='ocrx_word' id='word_1_64' title='bbox 607 569 720 602; x_wconf 87' lang='lat' dir='ltr'>altare</span> <span class='ocrx_word' id='word_1_65' title='bbox 763 571 823 601; x_wconf 91' lang='lat' dir='ltr'>aut</span> <span class='ocrx_word' id='word_1_66' title='bbox 855 577 961 611; x_wconf 84' lang='lat' dir='ltr'>super</span> <span class='ocrx_word' id='word_1_67' title='bbox 992 566 1143 611; x_wconf 83' lang='lat' dir='ltr'>lapidem</span> <span class='ocrx_word' id='word_1_68' title='bbox 1175 568 1290 610; x_wconf 88' lang='lat' dir='ltr'>capite</span> <span class='ocrx_word' id='word_1_69' title='bbox 1323 567 1491 602; x_wconf 89' lang='lat' dir='ltr'>reclinato</span> 
     </span>
     <span class='ocr_line' id='line_1_9' title="bbox 102 632 1490 681; baseline -0.003 -11"><span class='ocrx_word' id='word_1_70' title='bbox 102 636 277 681; x_wconf 85' lang='lat' dir='ltr'>paululum</span> <span class='ocrx_word' id='word_1_71' title='bbox 303 634 521 679; x_wconf 84' lang='lat' dir='ltr'>quiescebat.</span> <span class='ocrx_word' id='word_1_72' title='bbox 571 633 663 668; x_wconf 89' lang='lat' dir='ltr'>Tres</span> <span class='ocrx_word' id='word_1_73' title='bbox 692 633 841 679; x_wconf 77' lang='lat' dir='ltr'>singulis</span> <span class='ocrx_word' id='word_1_74' title='bbox 867 633 1027 667; x_wconf 87' lang='lat' dir='ltr'>noctibus</span> <span class='ocrx_word' id='word_1_75' title='bbox 1057 632 1255 676; x_wconf 81' lang='lat' dir='ltr'>accipiebat</span> <span class='ocrx_word' id='word_1_76' title='bbox 1282 642 1381 667; x_wconf 89' lang='lat' dir='ltr'>manu</span> <span class='ocrx_word' id='word_1_77' title='bbox 1408 644 1490 678; x_wconf 80' lang='lat' dir='ltr'>pro-</span> 
     </span>
     <span class='ocr_line' id='line_1_10' title="bbox 102 698 1491 746; baseline -0.003 -12"><span class='ocrx_word' id='word_1_78' title='bbox 102 702 180 746; x_wconf 86' lang='lat' dir='ltr'>pria</span> <span class='ocrx_word' id='word_1_79' title='bbox 208 700 250 734; x_wconf 90' lang='lat' dir='ltr'>de</span> <span class='ocrx_word' id='word_1_80' title='bbox 276 699 424 745; x_wconf 85' lang='lat' dir='ltr'>quadam</span> <span class='ocrx_word' id='word_1_81' title='bbox 452 703 575 734; x_wconf 88' lang='lat' dir='ltr'>catena</span> <span class='ocrx_word' id='word_1_82' title='bbox 600 699 716 733; x_wconf 81' lang='lat' dir='ltr'>ferrea</span> <span class='ocrx_word' id='word_1_83' title='bbox 751 699 977 744; x_wconf 89' lang='lat' dir='ltr'>disciplinas,</span> <span class='ocrx_word' id='word_1_84' title='bbox 1014 709 1114 731; x_wconf 88' lang='lat' dir='ltr'>unam</span> <span class='ocrx_word' id='word_1_85' title='bbox 1148 698 1311 733; x_wconf 87' lang='lat' dir='ltr'>videlicet</span> <span class='ocrx_word' id='word_1_86' title='bbox 1342 710 1404 743; x_wconf 90' lang='lat' dir='ltr'>pro</span> <span class='ocrx_word' id='word_1_87' title='bbox 1441 710 1491 740; x_wconf 79' lang='lat' dir='ltr'>se,</span> 
     </span>
     <span class='ocr_line' id='line_1_11' title="bbox 102 763 1491 810; baseline 0 -11"><span class='ocrx_word' id='word_1_88' title='bbox 102 766 248 800; x_wconf 88' lang='lat' dir='ltr'>alteram</span> <span class='ocrx_word' id='word_1_89' title='bbox 284 776 346 810; x_wconf 90' lang='lat' dir='ltr'>pro</span> <span class='ocrx_word' id='word_1_90' title='bbox 382 764 653 810; x_wconf 85' lang='lat' dir='ltr'>peccatoribus,</span> <span class='ocrx_word' id='word_1_91' title='bbox 690 766 748 809; x_wconf 88' lang='lat' dir='ltr'>qui</span> <span class='ocrx_word' id='word_1_92' title='bbox 785 769 968 800; x_wconf 80' lang='lat' dir='ltr'>versantur</span> <span class='ocrx_word' id='word_1_93' title='bbox 1001 766 1035 798; x_wconf 91' lang='lat' dir='ltr'>in</span> <span class='ocrx_word' id='word_1_94' title='bbox 1063 763 1209 805; x_wconf 79' lang='lat' dir='ltr'>munde,</span> <span class='ocrx_word' id='word_1_95' title='bbox 1246 763 1383 798; x_wconf 79' lang='lat' dir='ltr'>tertiam</span> <span class='ocrx_word' id='word_1_96' title='bbox 1410 776 1491 800; x_wconf 73' lang='lat' dir='ltr'>vero</span> 
     </span>
     <span class='ocr_line' id='line_1_12' title="bbox 101 830 1491 878; baseline -0.001 -12"><span class='ocrx_word' id='word_1_97' title='bbox 101 843 165 878; x_wconf 84' lang='lat' dir='ltr'>pro</span> <span class='ocrx_word' id='word_1_98' title='bbox 191 832 265 873; x_wconf 81' lang='lat' dir='ltr'>his,</span> <span class='ocrx_word' id='word_1_99' title='bbox 293 832 351 876; x_wconf 89' lang='lat' dir='ltr'>qui</span> <span class='ocrx_word' id='word_1_100' title='bbox 377 833 411 864; x_wconf 92' lang='lat' dir='ltr'>in</span> <span class='ocrx_word' id='word_1_101' title='bbox 439 832 646 876; x_wconf 78' lang='lat' dir='ltr'>purgatorio</span> <span class='ocrx_word' id='word_1_102' title='bbox 671 833 880 865; x_wconf 82' lang='lat' dir='ltr'>cruciantur.</span> <span class='ocrx_word' id='word_1_103' title='bbox 931 830 1070 864; x_wconf 83' lang='lat' dir='ltr'>Electus</span> <span class='ocrx_word' id='word_1_104' title='bbox 1099 830 1287 874; x_wconf 82' lang='lat' dir='ltr'>aliquando</span> <span class='ocrx_word' id='word_1_105' title='bbox 1314 832 1348 863; x_wconf 92' lang='lat' dir='ltr'>in</span> <span class='ocrx_word' id='word_1_106' title='bbox 1378 831 1491 875; x_wconf 78' lang='lat'>¹)(20-</span> 
     </span>
     <span class='ocr_line' id='line_1_13' title="bbox 101 897 1492 941; baseline -0.001 -9"><span class='ocrx_word' id='word_1_107' title='bbox 101 902 347 939; x_wconf 85' lang='lat' dir='ltr'>toronensem,</span> <span class='ocrx_word' id='word_1_108' title='bbox 374 897 454 931; x_wconf 91' lang='lat' dir='ltr'>aliis</span> <span class='ocrx_word' id='word_1_109' title='bbox 484 898 715 932; x_wconf 82' lang='lat' dir='ltr'>Citaviensem</span> <span class='ocrx_word' id='word_1_110' title='bbox 743 898 958 941; x_wconf 82' lang='lat' dir='ltr'>episcopum,</span> <span class='ocrx_word' id='word_1_111' title='bbox 987 897 1124 929; x_wconf 89' lang='lat' dir='ltr'>omnino</span> <span class='ocrx_word' id='word_1_112' title='bbox 1151 897 1266 930; x_wconf 87' lang='lat' dir='ltr'>renuit</span> <span class='ocrx_word' id='word_1_113' title='bbox 1291 900 1492 931; x_wconf 85' lang='lat' dir='ltr'>contestans</span> 
     </span>
     <span class='ocr_line' id='line_1_14' title="bbox 103 961 1492 1011; baseline -0.004 -10"><span class='ocrx_word' id='word_1_114' title='bbox 103 977 141 1002; x_wconf 90' lang='lat' dir='ltr'>se</span> <span class='ocrx_word' id='word_1_115' title='bbox 166 967 262 1011; x_wconf 90' lang='lat' dir='ltr'>prius</span> <span class='ocrx_word' id='word_1_116' title='bbox 286 968 413 1000; x_wconf 83' lang='lat' dir='ltr'>terrant</span> <span class='ocrx_word' id='word_1_117' title='bbox 440 962 626 1005; x_wconf 86' lang='lat' dir='ltr'>deserere,</span> <span class='ocrx_word' id='word_1_118' title='bbox 664 973 764 1008; x_wconf 85' lang='lat' dir='ltr'>qnam</span> <span class='ocrx_word' id='word_1_119' title='bbox 799 962 962 997; x_wconf 88' lang='lat' dir='ltr'>electioni</span> <span class='ocrx_word' id='word_1_120' title='bbox 994 962 1099 995; x_wconf 84' lang='lat' dir='ltr'>alicui</span> <span class='ocrx_word' id='word_1_121' title='bbox 1133 961 1174 996; x_wconf 91' lang='lat' dir='ltr'>de</span> <span class='ocrx_word' id='word_1_122' title='bbox 1211 972 1248 996; x_wconf 91' lang='lat' dir='ltr'>se</span> <span class='ocrx_word' id='word_1_123' title='bbox 1284 963 1398 998; x_wconf 85' lang='lat' dir='ltr'>sactae</span> <span class='ocrx_word' id='word_1_124' title='bbox 1426 963 1492 996; x_wconf 84' lang='lat' dir='ltr'>ali-</span> 
     </span>
     <span class='ocr_line' id='line_1_15' title="bbox 103 1027 1491 1078; baseline -0.003 -12"><span class='ocrx_word' id='word_1_125' title='bbox 103 1037 274 1078; x_wconf 83' lang='lat' dir='ltr'>quatenus</span> <span class='ocrx_word' id='word_1_126' title='bbox 307 1032 516 1066; x_wconf 86' lang='lat' dir='ltr'>consentire.</span> <span class='ocrx_word' id='word_1_127' title='bbox 577 1029 819 1075; x_wconf 71' lang='lat' dir='ltr'>Interrogatus</span> <span class='ocrx_word' id='word_1_128' title='bbox 855 1027 1067 1073; x_wconf 85' lang='lat' dir='ltr'>aliquando,</span> <span class='ocrx_word' id='word_1_129' title='bbox 1117 1038 1177 1061; x_wconf 90' lang='lat' dir='ltr'>cur</span> <span class='ocrx_word' id='word_1_130' title='bbox 1215 1039 1284 1062; x_wconf 89' lang='lat' dir='ltr'>non</span> <span class='ocrx_word' id='word_1_131' title='bbox 1325 1028 1491 1062; x_wconf 83' lang='lat' dir='ltr'>libentius</span> 
     </span>
     <span class='ocr_line' id='line_1_16' title="bbox 102 1093 1490 1142; baseline -0.004 -9"><span class='ocrx_word' id='word_1_132' title='bbox 102 1098 259 1133; x_wconf 83' lang='lat' dir='ltr'>Tolosae</span> <span class='ocrx_word' id='word_1_133' title='bbox 304 1098 340 1131; x_wconf 86' lang='lat' dir='ltr'>in</span> <span class='ocrx_word' id='word_1_134' title='bbox 376 1097 629 1142; x_wconf 87' lang='lat' dir='ltr'>Tolosanaque</span> <span class='ocrx_word' id='word_1_135' title='bbox 666 1096 849 1141; x_wconf 63' lang='lat' dir='ltr'>dyoecesi,</span> <span class='ocrx_word' id='word_1_136' title='bbox 891 1096 925 1128; x_wconf 90' lang='lat' dir='ltr'>in</span> <span class='ocrx_word' id='word_1_137' title='bbox 969 1095 1045 1139; x_wconf 86' lang='lat' dir='ltr'>ejus</span> <span class='ocrx_word' id='word_1_138' title='bbox 1082 1093 1289 1137; x_wconf 82' lang='lat' dir='ltr'>²)videlicet</span> <span class='ocrx_word' id='word_1_139' title='bbox 1313 1094 1490 1139; x_wconf 62' lang='lat' dir='ltr'>dyoecesi‚</span> 
     </span>
     <span class='ocr_line' id='line_1_17' title="bbox 101 1160 1490 1209; baseline -0.003 -11"><span class='ocrx_word' id='word_1_140' title='bbox 101 1173 203 1209; x_wconf 86' lang='lat' dir='ltr'>quam</span> <span class='ocrx_word' id='word_1_141' title='bbox 228 1165 263 1197; x_wconf 91' lang='lat' dir='ltr'>in</span> <span class='ocrx_word' id='word_1_142' title='bbox 289 1163 565 1198; x_wconf 83' lang='lat' dir='ltr'>Carcassonensi</span> <span class='ocrx_word' id='word_1_143' title='bbox 592 1163 754 1207; x_wconf 75' lang='lat' dir='ltr'>dyoecesi</span> <span class='ocrx_word' id='word_1_144' title='bbox 781 1166 993 1202; x_wconf 86' lang='lat' dir='ltr'>moraretur,</span> <span class='ocrx_word' id='word_1_145' title='bbox 1020 1160 1218 1205; x_wconf 84' lang='lat' dir='ltr'>respondit:</span> <span class='ocrx_word' id='word_1_146' title='bbox 1246 1162 1328 1205; x_wconf 85' lang='lat' dir='ltr'>quia</span> <span class='ocrx_word' id='word_1_147' title='bbox 1355 1162 1386 1194; x_wconf 89' lang='lat' dir='ltr'>in</span> <span class='ocrx_word' id='word_1_148' title='bbox 1416 1160 1490 1194; x_wconf 91' lang='lat' dir='ltr'>To-</span> 
     </span>
     <span class='ocr_line' id='line_1_18' title="bbox 100 1226 1491 1274; baseline -0.003 -10"><span class='ocrx_word' id='word_1_149' title='bbox 100 1230 226 1264; x_wconf 86' lang='lat' dir='ltr'>losana</span> <span class='ocrx_word' id='word_1_150' title='bbox 250 1229 415 1274; x_wconf 77' lang='lat' dir='ltr'>dyoecesi</span> <span class='ocrx_word' id='word_1_151' title='bbox 441 1229 587 1271; x_wconf 87' lang='lat' dir='ltr'>multos,</span> <span class='ocrx_word' id='word_1_152' title='bbox 614 1230 671 1273; x_wconf 88' lang='lat' dir='ltr'>qui</span> <span class='ocrx_word' id='word_1_153' title='bbox 696 1239 747 1262; x_wconf 91' lang='lat' dir='ltr'>me</span> <span class='ocrx_word' id='word_1_154' title='bbox 774 1228 965 1268; x_wconf 81' lang='lat' dir='ltr'>honorant,</span> <span class='ocrx_word' id='word_1_155' title='bbox 996 1228 1153 1268; x_wconf 90' lang='lat' dir='ltr'>invenio,</span> <span class='ocrx_word' id='word_1_156' title='bbox 1182 1226 1274 1270; x_wconf 89' lang='lat' dir='ltr'>apud</span> <span class='ocrx_word' id='word_1_157' title='bbox 1300 1227 1491 1261; x_wconf 84' lang='lat' dir='ltr'>Carcasso-</span> 
     </span>
     <span class='ocr_line' id='line_1_19' title="bbox 99 1292 1492 1339; baseline -0.004 -9"><span class='ocrx_word' id='word_1_158' title='bbox 99 1305 177 1330; x_wconf 89' lang='lat' dir='ltr'>nam</span> <span class='ocrx_word' id='word_1_159' title='bbox 217 1306 300 1330; x_wconf 89' lang='lat' dir='ltr'>vero</span> <span class='ocrx_word' id='word_1_160' title='bbox 334 1305 453 1329; x_wconf 89' lang='lat' dir='ltr'>omnes</span> <span class='ocrx_word' id='word_1_161' title='bbox 486 1306 539 1329; x_wconf 91' lang='lat' dir='ltr'>me</span> <span class='ocrx_word' id='word_1_162' title='bbox 571 1305 589 1329; x_wconf 93' lang='lat' dir='ltr'>e</span> <span class='ocrx_word' id='word_1_163' title='bbox 623 1295 798 1328; x_wconf 86' lang='lat' dir='ltr'>contrario</span> <span class='ocrx_word' id='word_1_164' title='bbox 831 1296 1046 1339; x_wconf 75' lang='lat' dir='ltr'>impugnant.</span> <span class='ocrx_word' id='word_1_165' title='bbox 1094 1292 1334 1337; x_wconf 78' lang='lat' dir='ltr'>Interrogatus</span> <span class='ocrx_word' id='word_1_166' title='bbox 1359 1303 1380 1326; x_wconf 91' lang='lat' dir='ltr'>a</span> <span class='ocrx_word' id='word_1_167' title='bbox 1405 1303 1492 1338; x_wconf 87' lang='lat' dir='ltr'>quo-</span> 
     </span>
     <span class='ocr_line' id='line_1_20' title="bbox 101 1358 1490 1405; baseline -0.001 -11"><span class='ocrx_word' id='word_1_168' title='bbox 101 1361 200 1403; x_wconf 89' lang='lat' dir='ltr'>dam,</span> <span class='ocrx_word' id='word_1_169' title='bbox 236 1363 269 1394; x_wconf 85' lang='lat' dir='ltr'>in</span> <span class='ocrx_word' id='word_1_170' title='bbox 308 1372 375 1405; x_wconf 87' lang='lat' dir='ltr'>quo</span> <span class='ocrx_word' id='word_1_171' title='bbox 407 1361 497 1394; x_wconf 88' lang='lat' dir='ltr'>libro</span> <span class='ocrx_word' id='word_1_172' title='bbox 535 1361 613 1405; x_wconf 90' lang='lat' dir='ltr'>plus</span> <span class='ocrx_word' id='word_1_173' title='bbox 650 1359 862 1401; x_wconf 88' lang='lat' dir='ltr'>studuisset,</span> <span class='ocrx_word' id='word_1_174' title='bbox 903 1358 1100 1403; x_wconf 87' lang='lat' dir='ltr'>respondit:</span> <span class='ocrx_word' id='word_1_175' title='bbox 1136 1360 1169 1392; x_wconf 88' lang='lat' dir='ltr'>in</span> <span class='ocrx_word' id='word_1_176' title='bbox 1202 1359 1292 1393; x_wconf 90' lang='lat' dir='ltr'>libro</span> <span class='ocrx_word' id='word_1_177' title='bbox 1320 1360 1490 1392; x_wconf 84' lang='lat' dir='ltr'>caritatis.</span> 
     </span>
     <span class='ocr_line' id='line_1_21' title="bbox 103 1424 1491 1469; baseline -0.002 -9"><span class='ocrx_word' id='word_1_178' title='bbox 103 1426 257 1466; x_wconf 82' lang='lat' dir='ltr'>Quadam</span> <span class='ocrx_word' id='word_1_179' title='bbox 305 1427 381 1460; x_wconf 87' lang='lat' dir='ltr'>vice</span> <span class='ocrx_word' id='word_1_180' title='bbox 429 1426 507 1460; x_wconf 91' lang='lat' dir='ltr'>dum</span> <span class='ocrx_word' id='word_1_181' title='bbox 557 1428 609 1460; x_wconf 95' lang='lat' dir='ltr'>vir</span> <span class='ocrx_word' id='word_1_182' title='bbox 646 1425 710 1460; x_wconf 90' lang='lat' dir='ltr'>Dei</span> <span class='ocrx_word' id='word_1_183' title='bbox 750 1425 950 1459; x_wconf 87' lang='lat' dir='ltr'>Dominicns</span> <span class='ocrx_word' id='word_1_184' title='bbox 988 1424 1081 1469; x_wconf 88' lang='lat' dir='ltr'>apud</span> <span class='ocrx_word' id='word_1_185' title='bbox 1119 1425 1310 1459; x_wconf 85' lang='lat' dir='ltr'>Bononiam</span> <span class='ocrx_word' id='word_1_186' title='bbox 1360 1426 1491 1458; x_wconf 88' lang='lat' dir='ltr'>consti-</span> 
     </span>
     <span class='ocr_line' id='line_1_22' title="bbox 100 1490 1491 1536; baseline -0.003 -10"><span class='ocrx_word' id='word_1_187' title='bbox 100 1496 195 1526; x_wconf 88' lang='lat' dir='ltr'>tutus</span> <span class='ocrx_word' id='word_1_188' title='bbox 225 1494 257 1525; x_wconf 90' lang='lat' dir='ltr'>in</span> <span class='ocrx_word' id='word_1_189' title='bbox 283 1492 436 1526; x_wconf 87' lang='lat' dir='ltr'>ecclesia</span> <span class='ocrx_word' id='word_1_190' title='bbox 460 1495 705 1536; x_wconf 85' lang='lat' dir='ltr'>pernoctaret,</span> <span class='ocrx_word' id='word_1_191' title='bbox 743 1490 914 1536; x_wconf 59' lang='lat' dir='ltr'>dyabolus</span> <span class='ocrx_word' id='word_1_192' title='bbox 942 1492 975 1524; x_wconf 91' lang='lat' dir='ltr'>in</span> <span class='ocrx_word' id='word_1_193' title='bbox 1001 1491 1120 1534; x_wconf 89' lang='lat' dir='ltr'>specie</span> <span class='ocrx_word' id='word_1_194' title='bbox 1146 1490 1266 1523; x_wconf 80' lang='lat' dir='ltr'>fratris</span> <span class='ocrx_word' id='word_1_195' title='bbox 1293 1490 1402 1524; x_wconf 90' lang='lat' dir='ltr'>eidem</span> <span class='ocrx_word' id='word_1_196' title='bbox 1429 1500 1491 1534; x_wconf 89' lang='lat' dir='ltr'>ap-</span> 
     </span>
     <span class='ocr_line' id='line_1_23' title="bbox 103 1556 1490 1603; baseline -0.001 -11"><span class='ocrx_word' id='word_1_197' title='bbox 103 1560 243 1603; x_wconf 91' lang='lat' dir='ltr'>paruit,</span> <span class='ocrx_word' id='word_1_198' title='bbox 280 1568 379 1603; x_wconf 85' lang='lat' dir='ltr'>quem</span> <span class='ocrx_word' id='word_1_199' title='bbox 417 1561 556 1591; x_wconf 87' lang='lat' dir='ltr'>sanctus</span> <span class='ocrx_word' id='word_1_200' title='bbox 590 1557 791 1591; x_wconf 85' lang='lat' dir='ltr'>Dominicus</span> <span class='ocrx_word' id='word_1_201' title='bbox 830 1557 970 1590; x_wconf 80' lang='lat' dir='ltr'>fratrem</span> <span class='ocrx_word' id='word_1_202' title='bbox 1007 1556 1212 1590; x_wconf 76' lang='lat' dir='ltr'>existimans</span> <span class='ocrx_word' id='word_1_203' title='bbox 1245 1557 1276 1590; x_wconf 91' lang='lat' dir='ltr'>ei</span> <span class='ocrx_word' id='word_1_204' title='bbox 1312 1557 1490 1594; x_wconf 77' lang='lat' dir='ltr'>innuebat.</span> 
     </span>
     <span class='ocr_line' id='line_1_24' title="bbox 100 1620 1491 1667; baseline -0.001 -9"><span class='ocrx_word' id='word_1_205' title='bbox 100 1629 138 1658; x_wconf 92' lang='lat' dir='ltr'>ut</span> <span class='ocrx_word' id='word_1_206' title='bbox 172 1634 245 1658; x_wconf 91' lang='lat' dir='ltr'>cum</span> <span class='ocrx_word' id='word_1_207' title='bbox 282 1625 432 1658; x_wconf 84' lang='lat' dir='ltr'>caeteris</span> <span class='ocrx_word' id='word_1_208' title='bbox 470 1623 513 1656; x_wconf 88' lang='lat' dir='ltr'>ad</span> <span class='ocrx_word' id='word_1_209' title='bbox 545 1622 791 1667; x_wconf 83' lang='lat' dir='ltr'>quiescendum</span> <span class='ocrx_word' id='word_1_210' title='bbox 828 1626 1004 1667; x_wconf 80' lang='lat' dir='ltr'>pergeret.</span> <span class='ocrx_word' id='word_1_211' title='bbox 1053 1620 1115 1655; x_wconf 93' lang='lat' dir='ltr'>llle</span> <span class='ocrx_word' id='word_1_212' title='bbox 1149 1631 1231 1655; x_wconf 89' lang='lat' dir='ltr'>vero</span> <span class='ocrx_word' id='word_1_213' title='bbox 1264 1623 1365 1666; x_wconf 84' lang='lat' dir='ltr'>quasi</span> <span class='ocrx_word' id='word_1_214' title='bbox 1396 1621 1491 1656; x_wconf 87' lang='lat' dir='ltr'>deri-</span> 
     </span>
     <span class='ocr_line' id='line_1_25' title="bbox 101 1687 1492 1732; baseline 0 -10"><span class='ocrx_word' id='word_1_215' title='bbox 101 1689 216 1724; x_wconf 91' lang='lat' dir='ltr'>dendo</span> <span class='ocrx_word' id='word_1_216' title='bbox 242 1689 385 1724; x_wconf 87' lang='lat' dir='ltr'>eundem</span> <span class='ocrx_word' id='word_1_217' title='bbox 413 1688 481 1722; x_wconf 87' lang='lat' dir='ltr'>sihi</span> <span class='ocrx_word' id='word_1_218' title='bbox 505 1689 646 1722; x_wconf 89' lang='lat' dir='ltr'>nutibus</span> <span class='ocrx_word' id='word_1_219' title='bbox 672 1688 921 1732; x_wconf 84' lang='lat' dir='ltr'>respondebat.</span> <span class='ocrx_word' id='word_1_220' title='bbox 970 1688 1068 1722; x_wconf 90' lang='lat' dir='ltr'>Tunc</span> <span class='ocrx_word' id='word_1_221' title='bbox 1101 1692 1243 1721; x_wconf 86' lang='lat' dir='ltr'>sanctus</span> <span class='ocrx_word' id='word_1_222' title='bbox 1277 1687 1492 1731; x_wconf 82' lang='lat' dir='ltr'>Dominicus‚</span> 
     </span>
     <span class='ocr_line' id='line_1_26' title="bbox 100 1754 1490 1800; baseline -0.001 -12"><span class='ocrx_word' id='word_1_223' title='bbox 100 1756 258 1800; x_wconf 84' lang='lat' dir='ltr'>quisnam</span> <span class='ocrx_word' id='word_1_224' title='bbox 291 1758 405 1795; x_wconf 89' lang='lat' dir='ltr'>esset,</span> <span class='ocrx_word' id='word_1_225' title='bbox 454 1756 513 1799; x_wconf 85' lang='lat' dir='ltr'>qui</span> <span class='ocrx_word' id='word_1_226' title='bbox 557 1765 654 1788; x_wconf 89' lang='lat' dir='ltr'>suum</span> <span class='ocrx_word' id='word_1_227' title='bbox 697 1754 894 1788; x_wconf 89' lang='lat' dir='ltr'>mandatum</span> <span class='ocrx_word' id='word_1_228' title='bbox 928 1758 1182 1795; x_wconf 88' lang='lat' dir='ltr'>contemneret,</span> <span class='ocrx_word' id='word_1_229' title='bbox 1230 1755 1321 1788; x_wconf 89' lang='lat' dir='ltr'>scire</span> <span class='ocrx_word' id='word_1_230' title='bbox 1355 1754 1490 1795; x_wconf 85' lang='lat' dir='ltr'>volens,</span> 
     </span>
     <span class='ocr_line' id='line_1_27' title="bbox 100 1819 1492 1865; baseline -0.001 -11"><span class='ocrx_word' id='word_1_231' title='bbox 100 1819 281 1854; x_wconf 85' lang='lat' dir='ltr'>candelam</span> <span class='ocrx_word' id='word_1_232' title='bbox 307 1820 353 1854; x_wconf 88' lang='lat' dir='ltr'>ad</span> <span class='ocrx_word' id='word_1_233' title='bbox 380 1819 577 1864; x_wconf 89' lang='lat' dir='ltr'>lampadem</span> <span class='ocrx_word' id='word_1_234' title='bbox 603 1820 764 1855; x_wconf 88' lang='lat' dir='ltr'>accendit</span> <span class='ocrx_word' id='word_1_235' title='bbox 789 1824 822 1855; x_wconf 89' lang='lat' dir='ltr'>et</span> <span class='ocrx_word' id='word_1_236' title='bbox 848 1822 881 1854; x_wconf 89' lang='lat' dir='ltr'>in</span> <span class='ocrx_word' id='word_1_237' title='bbox 912 1821 1035 1854; x_wconf 87' lang='lat' dir='ltr'>i&#39;aciem</span> <span class='ocrx_word' id='word_1_238' title='bbox 1062 1821 1137 1864; x_wconf 86' lang='lat' dir='ltr'>ejus</span> <span class='ocrx_word' id='word_1_239' title='bbox 1163 1822 1368 1865; x_wconf 88' lang='lat' dir='ltr'>respiciens,</span> <span class='ocrx_word' id='word_1_240' title='bbox 1398 1820 1492 1865; x_wconf 88' lang='lat' dir='ltr'>quod</span> 
     </span>
     <span class='ocr_line' id='line_1_28' title="bbox 99 1885 1491 1932; baseline 0.001 -12"><span class='ocrx_word' id='word_1_241' title='bbox 99 1885 270 1931; x_wconf 84' lang='lat' dir='ltr'>dyabolus</span> <span class='ocrx_word' id='word_1_242' title='bbox 307 1889 420 1928; x_wconf 86' lang='lat' dir='ltr'>esset,</span> <span class='ocrx_word' id='word_1_243' title='bbox 455 1886 637 1920; x_wconf 77' lang='lat' dir='ltr'>confestim</span> <span class='ocrx_word' id='word_1_244' title='bbox 670 1889 847 1932; x_wconf 76' lang='lat' dir='ltr'>cognovit.</span> <span class='ocrx_word' id='word_1_245' title='bbox 898 1886 1013 1925; x_wconf 84' lang='lat' dir='ltr'>Quare</span> <span class='ocrx_word' id='word_1_246' title='bbox 1040 1896 1113 1919; x_wconf 89' lang='lat' dir='ltr'>cum</span> <span class='ocrx_word' id='word_1_247' title='bbox 1152 1896 1226 1920; x_wconf 86' lang='lat' dir='ltr'>eum</span> <span class='ocrx_word' id='word_1_248' title='bbox 1253 1887 1491 1921; x_wconf 88' lang='lat' dir='ltr'>vehementius</span> 
     </span>
     <span class='ocr_line' id='line_1_29' title="bbox 99 1951 1492 1996; baseline 0.002 -12"><span class='ocrx_word' id='word_1_249' title='bbox 99 1952 345 1995; x_wconf 87' lang='lat' dir='ltr'>increpasset,</span> <span class='ocrx_word' id='word_1_250' title='bbox 392 1962 473 1985; x_wconf 85' lang='lat' dir='ltr'>mox</span> <span class='ocrx_word' id='word_1_251' title='bbox 517 1952 628 1987; x_wconf 90' lang='lat' dir='ltr'>eidem</span> <span class='ocrx_word' id='word_1_252' title='bbox 663 1952 834 1996; x_wconf 73' lang='lat' dir='ltr'>dyabolus</span> <span class='ocrx_word' id='word_1_253' title='bbox 874 1951 917 1985; x_wconf 90' lang='lat' dir='ltr'>de</span> <span class='ocrx_word' id='word_1_254' title='bbox 951 1951 1121 1986; x_wconf 82' lang='lat' dir='ltr'>fractione</span> <span class='ocrx_word' id='word_1_255' title='bbox 1157 1953 1287 1986; x_wconf 88' lang='lat' dir='ltr'>silentii</span> <span class='ocrx_word' id='word_1_256' title='bbox 1321 1953 1492 1988; x_wconf 87' lang='lat' dir='ltr'>insultare</span> 
     </span>
     <span class='ocr_line' id='line_1_30' title="bbox 102 2016 1492 2062; baseline 0.001 -12"><span class='ocrx_word' id='word_1_257' title='bbox 102 2017 231 2060; x_wconf 85' lang='lat' dir='ltr'>coepit,</span> <span class='ocrx_word' id='word_1_258' title='bbox 259 2021 401 2050; x_wconf 87' lang='lat' dir='ltr'>sanctus</span> <span class='ocrx_word' id='word_1_259' title='bbox 420 2021 535 2050; x_wconf 87' lang='lat' dir='ltr'>autem</span> <span class='ocrx_word' id='word_1_260' title='bbox 553 2017 766 2059; x_wconf 85' lang='lat' dir='ltr'>Dominieus,</span> <span class='ocrx_word' id='word_1_261' title='bbox 791 2021 913 2061; x_wconf 89' lang='lat' dir='ltr'>utpote</span> <span class='ocrx_word' id='word_1_262' title='bbox 940 2016 1084 2050; x_wconf 83' lang='lat' dir='ltr'>fratrum</span> <span class='ocrx_word' id='word_1_263' title='bbox 1109 2018 1279 2062; x_wconf 82' lang='lat' dir='ltr'>magistro</span> <span class='ocrx_word' id='word_1_264' title='bbox 1307 2018 1374 2051; x_wconf 89' lang='lat' dir='ltr'>sihi</span> <span class='ocrx_word' id='word_1_265' title='bbox 1394 2018 1492 2062; x_wconf 87' lang='lat' dir='ltr'>loqui</span> 
     </span>
     <span class='ocr_line' id='line_1_31' title="bbox 99 2080 1490 2126; baseline 0.001 -12"><span class='ocrx_word' id='word_1_266' title='bbox 99 2080 207 2115; x_wconf 87' lang='lat' dir='ltr'>licere</span> <span class='ocrx_word' id='word_1_267' title='bbox 242 2090 419 2123; x_wconf 87' lang='lat' dir='ltr'>asserens,</span> <span class='ocrx_word' id='word_1_268' title='bbox 456 2082 553 2126; x_wconf 86' lang='lat' dir='ltr'>cogit</span> <span class='ocrx_word' id='word_1_269' title='bbox 588 2083 722 2126; x_wconf 88' lang='lat' dir='ltr'>ipsum,</span> <span class='ocrx_word' id='word_1_270' title='bbox 757 2087 794 2116; x_wconf 93' lang='lat' dir='ltr'>ut</span> <span class='ocrx_word' id='word_1_271' title='bbox 827 2082 895 2115; x_wconf 89' lang='lat' dir='ltr'>sibi</span> <span class='ocrx_word' id='word_1_272' title='bbox 927 2081 1077 2123; x_wconf 86' lang='lat' dir='ltr'>diceret,</span> <span class='ocrx_word' id='word_1_273' title='bbox 1113 2081 1156 2115; x_wconf 92' lang='lat' dir='ltr'>de</span> <span class='ocrx_word' id='word_1_274' title='bbox 1191 2092 1258 2126; x_wconf 84' lang='lat' dir='ltr'>quo</span> <span class='ocrx_word' id='word_1_275' title='bbox 1295 2082 1423 2116; x_wconf 84' lang='lat' dir='ltr'>fratres</span> <span class='ocrx_word' id='word_1_276' title='bbox 1457 2084 1490 2116; x_wconf 92' lang='lat' dir='ltr'>in</span> 
     </span>
     <span class='ocr_line' id='line_1_32' title="bbox 101 2146 1488 2191; baseline 0.001 -11"><span class='ocrx_word' id='word_1_277' title='bbox 101 2146 209 2180; x_wconf 87' lang='lat' dir='ltr'>choro</span> <span class='ocrx_word' id='word_1_278' title='bbox 235 2150 398 2181; x_wconf 86' lang='lat' dir='ltr'>tentaret.</span> <span class='ocrx_word' id='word_1_279' title='bbox 447 2146 513 2186; x_wconf 70' lang='lat' dir='ltr'>Qut</span> <span class='ocrx_word' id='word_1_280' title='bbox 538 2146 739 2191; x_wconf 87' lang='lat' dir='ltr'>respondit:</span> <span class='ocrx_word' id='word_1_281' title='bbox 767 2147 858 2181; x_wconf 84' lang='lat' dir='ltr'>facio</span> <span class='ocrx_word' id='word_1_282' title='bbox 887 2157 947 2181; x_wconf 90' lang='lat' dir='ltr'>eos</span> <span class='ocrx_word' id='word_1_283' title='bbox 975 2146 1075 2181; x_wconf 86' lang='lat' dir='ltr'>tarde</span> <span class='ocrx_word' id='word_1_284' title='bbox 1100 2148 1217 2182; x_wconf 85' lang='lat' dir='ltr'>venire</span> <span class='ocrx_word' id='word_1_285' title='bbox 1239 2152 1273 2182; x_wconf 87' lang='lat' dir='ltr'>et</span> <span class='ocrx_word' id='word_1_286' title='bbox 1292 2149 1361 2181; x_wconf 86' lang='lat' dir='ltr'>cito</span> <span class='ocrx_word' id='word_1_287' title='bbox 1381 2149 1488 2183; x_wconf 81' lang='lat' dir='ltr'>exire.</span> 
     </span>
     <span class='ocr_line' id='line_1_33' title="bbox 99 2211 1489 2258; baseline 0.001 -12"><span class='ocrx_word' id='word_1_288' title='bbox 99 2211 234 2246; x_wconf 90' lang='lat' dir='ltr'>Deinde</span> <span class='ocrx_word' id='word_1_289' title='bbox 260 2211 359 2246; x_wconf 86' lang='lat' dir='ltr'>duxit</span> <span class='ocrx_word' id='word_1_290' title='bbox 385 2222 459 2246; x_wconf 91' lang='lat' dir='ltr'>eum</span> <span class='ocrx_word' id='word_1_291' title='bbox 485 2211 530 2245; x_wconf 89' lang='lat' dir='ltr'>ad</span> <span class='ocrx_word' id='word_1_292' title='bbox 555 2211 814 2254; x_wconf 88' lang='lat' dir='ltr'>dormitorium,</span> <span class='ocrx_word' id='word_1_293' title='bbox 851 2213 894 2248; x_wconf 91' lang='lat' dir='ltr'>de</span> <span class='ocrx_word' id='word_1_294' title='bbox 920 2223 987 2258; x_wconf 90' lang='lat' dir='ltr'>quo</span> <span class='ocrx_word' id='word_1_295' title='bbox 1016 2212 1142 2247; x_wconf 85' lang='lat' dir='ltr'>ibidem</span> <span class='ocrx_word' id='word_1_296' title='bbox 1174 2213 1300 2248; x_wconf 78' lang='lat' dir='ltr'>fratres</span> <span class='ocrx_word' id='word_1_297' title='bbox 1325 2218 1489 2256; x_wconf 87' lang='lat' dir='ltr'>tentaret,</span> 
     </span>
     <span class='ocr_line' id='line_1_34' title="bbox 100 2276 1491 2325; baseline 0.003 -15"><span class='ocrx_word' id='word_1_298' title='bbox 100 2277 295 2321; x_wconf 83' lang='lat' dir='ltr'>inquirens.</span> <span class='ocrx_word' id='word_1_299' title='bbox 346 2276 411 2316; x_wconf 82' lang='lat' dir='ltr'>Qui</span> <span class='ocrx_word' id='word_1_300' title='bbox 435 2278 502 2310; x_wconf 88' lang='lat' dir='ltr'>ait:</span> <span class='ocrx_word' id='word_1_301' title='bbox 529 2276 621 2311; x_wconf 85' lang='lat' dir='ltr'>facio</span> <span class='ocrx_word' id='word_1_302' title='bbox 647 2288 708 2312; x_wconf 90' lang='lat' dir='ltr'>eos</span> <span class='ocrx_word' id='word_1_303' title='bbox 735 2280 836 2312; x_wconf 89' lang='lat' dir='ltr'>nimis</span> <span class='ocrx_word' id='word_1_304' title='bbox 864 2279 1028 2321; x_wconf 86' lang='lat' dir='ltr'>dormire,</span> <span class='ocrx_word' id='word_1_305' title='bbox 1054 2278 1157 2313; x_wconf 85' lang='lat' dir='ltr'>tarde</span> <span class='ocrx_word' id='word_1_306' title='bbox 1182 2289 1342 2324; x_wconf 81' lang='lat' dir='ltr'>surgere,</span> <span class='ocrx_word' id='word_1_307' title='bbox 1370 2281 1491 2325; x_wconf 86' lang='lat' dir='ltr'>sicque</span> 
     </span>
     <span class='ocr_line' id='line_1_35' title="bbox 101 2341 1490 2391; baseline 0.004 -16"><span class='ocrx_word' id='word_1_308' title='bbox 101 2351 123 2375; x_wconf 87' lang='lat' dir='ltr'>a</span> <span class='ocrx_word' id='word_1_309' title='bbox 150 2341 270 2375; x_wconf 82' lang='lat' dir='ltr'>divino</span> <span class='ocrx_word' id='word_1_310' title='bbox 296 2341 414 2376; x_wconf 86' lang='lat' dir='ltr'>officio</span> <span class='ocrx_word' id='word_1_311' title='bbox 442 2352 622 2377; x_wconf 83' lang='lat' dir='ltr'>remanere</span> <span class='ocrx_word' id='word_1_312' title='bbox 648 2347 682 2377; x_wconf 89' lang='lat' dir='ltr'>et</span> <span class='ocrx_word' id='word_1_313' title='bbox 697 2344 868 2379; x_wconf 86' lang='lat' dir='ltr'>interdum</span> <span class='ocrx_word' id='word_1_314' title='bbox 885 2345 1077 2379; x_wconf 87' lang='lat' dir='ltr'>immundas</span> <span class='ocrx_word' id='word_1_315' title='bbox 1095 2346 1330 2391; x_wconf 81' lang='lat' dir='ltr'>cogitationes</span> <span class='ocrx_word' id='word_1_316' title='bbox 1346 2344 1490 2381; x_wconf 89' lang='lat' dir='ltr'>habere.</span> 
     </span>
     <span class='ocr_line' id='line_1_36' title="bbox 101 2405 1491 2455; baseline 0.004 -14"><span class='ocrx_word' id='word_1_317' title='bbox 101 2405 234 2441; x_wconf 88' lang='lat' dir='ltr'>Deinde</span> <span class='ocrx_word' id='word_1_318' title='bbox 260 2407 304 2441; x_wconf 90' lang='lat' dir='ltr'>ad</span> <span class='ocrx_word' id='word_1_319' title='bbox 329 2407 551 2442; x_wconf 77' lang='lat' dir='ltr'>refectorium</span> <span class='ocrx_word' id='word_1_320' title='bbox 577 2409 689 2452; x_wconf 85' lang='lat' dir='ltr'>ipsum</span> <span class='ocrx_word' id='word_1_321' title='bbox 716 2409 814 2444; x_wconf 85' lang='lat' dir='ltr'>duxit</span> <span class='ocrx_word' id='word_1_322' title='bbox 838 2413 890 2452; x_wconf 83' lang='lat' dir='ltr'>et,</span> <span class='ocrx_word' id='word_1_323' title='bbox 921 2410 964 2444; x_wconf 91' lang='lat' dir='ltr'>de</span> <span class='ocrx_word' id='word_1_324' title='bbox 997 2421 1064 2455; x_wconf 87' lang='lat' dir='ltr'>quo</span> <span class='ocrx_word' id='word_1_325' title='bbox 1100 2411 1228 2445; x_wconf 76' lang='lat' dir='ltr'>fratres</span> <span class='ocrx_word' id='word_1_326' title='bbox 1261 2410 1389 2445; x_wconf 87' lang='lat' dir='ltr'>ibidem</span> <span class='ocrx_word' id='word_1_327' title='bbox 1414 2415 1491 2446; x_wconf 90' lang='lat' dir='ltr'>ten-</span> 
     </span>
     <span class='ocr_line' id='line_1_37' title="bbox 100 2472 1490 2520; baseline 0.004 -14"><span class='ocrx_word' id='word_1_328' title='bbox 100 2476 206 2514; x_wconf 87' lang='lat' dir='ltr'>taret,</span> <span class='ocrx_word' id='word_1_329' title='bbox 233 2474 419 2518; x_wconf 90' lang='lat' dir='ltr'>quaesivit.</span> <span class='ocrx_word' id='word_1_330' title='bbox 457 2472 556 2507; x_wconf 89' lang='lat' dir='ltr'>Tunc</span> <span class='ocrx_word' id='word_1_331' title='bbox 580 2473 728 2509; x_wconf 87' lang='lat' dir='ltr'>daemon</span> <span class='ocrx_word' id='word_1_332' title='bbox 749 2487 813 2520; x_wconf 87' lang='lat' dir='ltr'>per</span> <span class='ocrx_word' id='word_1_333' title='bbox 831 2486 968 2510; x_wconf 87' lang='lat' dir='ltr'>mensas</span> <span class='ocrx_word' id='word_1_334' title='bbox 985 2475 1138 2510; x_wconf 86' lang='lat' dir='ltr'>saliens:</span> <span class='ocrx_word' id='word_1_335' title='bbox 1162 2476 1239 2520; x_wconf 89' lang='lat' dir='ltr'>plus</span> <span class='ocrx_word' id='word_1_336' title='bbox 1265 2481 1300 2512; x_wconf 91' lang='lat' dir='ltr'>et</span> <span class='ocrx_word' id='word_1_337' title='bbox 1327 2479 1490 2520; x_wconf 85' lang='lat' dir='ltr'>³)minus,</span> 
     </span>
     <span class='ocr_line' id='line_1_38' title="bbox 102 2536 1490 2584; baseline 0.005 -13"><span class='ocrx_word' id='word_1_338' title='bbox 102 2536 180 2582; x_wconf 87' lang='lat' dir='ltr'>plus</span> <span class='ocrx_word' id='word_1_339' title='bbox 193 2542 227 2572; x_wconf 86' lang='lat' dir='ltr'>et</span> <span class='ocrx_word' id='word_1_340' title='bbox 243 2539 354 2572; x_wconf 87' lang='lat' dir='ltr'>minus</span> <span class='ocrx_word' id='word_1_341' title='bbox 375 2540 516 2583; x_wconf 88' lang='lat' dir='ltr'>saepius</span> <span class='ocrx_word' id='word_1_342' title='bbox 536 2540 725 2584; x_wconf 88' lang='lat' dir='ltr'>repetendo</span> <span class='ocrx_word' id='word_1_343' title='bbox 736 2541 884 2576; x_wconf 88' lang='lat' dir='ltr'>dicebat.</span> <span class='ocrx_word' id='word_1_344' title='bbox 914 2541 1012 2581; x_wconf 88' lang='lat' dir='ltr'>Quod</span> <span class='ocrx_word' id='word_1_345' title='bbox 1032 2552 1106 2575; x_wconf 89' lang='lat' dir='ltr'>eum</span> <span class='ocrx_word' id='word_1_346' title='bbox 1128 2546 1267 2577; x_wconf 88' lang='lat' dir='ltr'>sanctus</span> <span class='ocrx_word' id='word_1_347' title='bbox 1279 2542 1490 2584; x_wconf 82' lang='lat' dir='ltr'>Dominicus,</span> 
     </span>
    </p>
   </div>
   <div class='ocr_carea' id='block_1_3' title="bbox 104 2636 1490 2720">
    <p class='ocr_par' dir='ltr' id='par_1_3' title="bbox 104 2636 1490 2720">
     <span class='ocr_line' id='line_1_39' title="bbox 169 2636 1490 2680; baseline 0.004 -18"><span class='ocrx_word' id='word_1_348' title='bbox 169 2637 195 2669; x_wconf 84' lang='lat'>1)</span> <span class='ocrx_word' id='word_1_349' title='bbox 214 2636 268 2664; x_wconf 86' lang='lat' dir='ltr'>Ed.</span> <span class='ocrx_word' id='word_1_350' title='bbox 286 2641 330 2664; x_wconf 88' lang='lat' dir='ltr'>l&#39;r.</span> <span class='ocrx_word' id='word_1_351' title='bbox 349 2636 453 2665; x_wconf 81' lang='lat' dir='ltr'>offert:</span> <span class='ocrx_word' id='word_1_352' title='bbox 475 2638 769 2666; x_wconf 78' lang='lat' dir='ltr'>Citaverensem</span> <span class='ocrx_word' id='word_1_353' title='bbox 788 2649 842 2674; x_wconf 73' lang='lat' dir='ltr'>ep.</span> <span class='ocrx_word' id='word_1_354' title='bbox 945 2641 974 2673; x_wconf 77' lang='lat'>2)</span> <span class='ocrx_word' id='word_1_355' title='bbox 1000 2639 1053 2666; x_wconf 86' lang='lat' dir='ltr'>Ed.</span> <span class='ocrx_word' id='word_1_356' title='bbox 1072 2643 1116 2669; x_wconf 85' lang='lat' dir='ltr'>I&#39;r.</span> <span class='ocrx_word' id='word_1_357' title='bbox 1134 2640 1213 2667; x_wconf 79' lang='lat' dir='ltr'>male</span> <span class='ocrx_word' id='word_1_358' title='bbox 1237 2641 1403 2676; x_wconf 82' lang='lat' dir='ltr'>judicem</span> <span class='ocrx_word' id='word_1_359' title='bbox 1423 2642 1490 2680; x_wconf 56' lang='lat' dir='ltr'>lgneo</span> 
     </span>
     <span class='ocr_line' id='line_1_40' title="bbox 104 2681 1212 2720; baseline 0.005 -12"><span class='ocrx_word' id='word_1_360' title='bbox 104 2681 300 2710; x_wconf 76' lang='lat' dir='ltr'>videlicet</span> <span class='ocrx_word' id='word_1_361' title='bbox 319 2682 400 2716; x_wconf 74' lang='lat' dir='ltr'>legit.</span> <span class='ocrx_word' id='word_1_362' title='bbox 504 2684 531 2717; x_wconf 83' lang='lat'>3)</span> <span class='ocrx_word' id='word_1_363' title='bbox 551 2683 604 2711; x_wconf 79' lang='lat' dir='ltr'>Ed.</span> <span class='ocrx_word' id='word_1_364' title='bbox 623 2687 666 2711; x_wconf 86' lang='lat' dir='ltr'>Pr.</span> <span class='ocrx_word' id='word_1_365' title='bbox 697 2684 820 2711; x_wconf 81' lang='lat' dir='ltr'>minus</span> <span class='ocrx_word' id='word_1_366' title='bbox 841 2683 929 2718; x_wconf 76' lang='lat' dir='ltr'>plns</span> <span class='ocrx_word' id='word_1_367' title='bbox 955 2684 1111 2720; x_wconf 75' lang='lat' dir='ltr'>saepius</span> <span class='ocrx_word' id='word_1_368' title='bbox 1131 2685 1212 2717; x_wconf 81' lang='lat' dir='ltr'>legit.</span> 
     </span>
    </p>
   </div>
  </div>
 </body>
</html>
