1742 3005
472 108 565 158 Cap.
595 107 639 144 L.
697 107 758 144 De
787 111 917 144 sancto
947 105 1126 143 Patricio.
1413 105 1491 142 213

105 216 236 247 cantem
261 210 480 256 lampadibus
515 220 536 245 a
563 210 653 245 cella
676 210 770 246 beati
794 210 978 246 Benedicti
1001 220 1121 245 versus
1147 209 1316 243 orientem
1338 207 1382 242 ad
1410 218 1490 244 coe-

101 278 168 312 lum
192 277 400 319 tendentem,
437 278 493 311 eui
516 276 712 312 venerando
738 275 860 310 habitu
894 278 948 311 vir
983 275 1135 319 desuper
1157 274 1272 309 clarus
1305 275 1489 316 assistens,

101 345 200 389 eujiis
226 347 322 378 esset
346 344 414 385 via,
443 354 543 388 quam
571 347 762 384 cernerent,
788 343 978 387 inquisivit.
1019 341 1084 380 Qui
1110 352 1183 374 cum
1209 341 1346 375 nescire
1371 350 1409 374 se
1435 340 1487 374 di-

100 413 238 451 cerent,
273 410 338 442 ait:
366 408 454 444 haec
485 413 539 443 est
563 410 640 451 via,
683 418 751 452 qua
777 407 925 441 dilectus
954 408 1005 441 vir
1029 406 1092 440 Dei
1117 405 1333 440 Benedictus
1355 405 1488 440 eoelum

98 474 291 509 adscendit.
339 474 502 518 Sepultus
528 484 610 508 vero
637 477 690 507 est
715 474 749 506 in
776 472 930 505 oratorio
965 472 1078 505 sancti
1103 471 1273 505 Johannis
1298 471 1487 515 baptistae,

98 540 190 585 quod
217 540 395 574 destructa
419 549 479 572 ara
505 538 679 582 Apollinis
714 539 790 581 ipse
818 538 1023 571 construxit.
1080 535 1216 571 Floruit
1250 538 1344 570 circa
1377 548 1486 571 annos·

96 606 224 639 domini
248 603 386 639 DXVlll
410 608 565 648 tempore
589 602 717 637 Justini
744 603 906 637 senioris.

592 928 716 990 cAP.
753 929 797 990 L.
845 927 987 990 (49).

437 1030 537 1073 De
575 1029 796 1073 saneto
825 1026 1119 1074 Patricio.

177 1124 368 1169 Patricius,
402 1128 460 1172 qui
487 1129 604 1172 coepit
630 1130 724 1163 circa
749 1138 858 1162 annos
885 1127 1015 1161 domini
1045 1124 1253 1166 (JCLXXX,
1289 1124 1367 1157 duni
1393 1124 1479 1157 Sco-

86 1195 199 1225 torum
224 1193 301 1237 regi
323 1191 367 1226 de
385 1192 515 1228 Christi
540 1195 706 1238 passione
725 1194 960 1239 praedicaret,
985 1197 1080 1226 stans
1108 1195 1191 1225 ante
1217 1202 1291 1225 euin
1317 1195 1349 1225 et
1369 1200 1479 1235 appo-

88 1255 189 1290 dians
208 1267 247 1291 se
262 1267 368 1302 super
383 1259 542 1302 ferulam,
571 1271 671 1305 quam
696 1270 796 1293 manu
818 1259 960 1293 tenebat
981 1263 1015 1293 et
1033 1268 1115 1291 casu
1126 1256 1208 1301 pedi
1235 1258 1330 1301 regis
1355 1267 1478 1300 super-

86 1326 264 1365 posuerat,
291 1333 364 1357 cum
387 1324 510 1359 aculeo
538 1325 663 1369 pedem
690 1325 893 1369 perforavit.
942 1323 1015 1357 Rex
1042 1334 1124 1356 vero
1150 1322 1298 1356 credens
1324 1326 1478 1355 sanctum

87 1388 287 1432 episcopum
321 1399 364 1422 ex
398 1389 569 1424 industria
601 1390 666 1424 hoe
704 1390 821 1423 facere
858 1393 891 1423 et
921 1399 959 1422 se
993 1388 1097 1422 aliter
1125 1387 1224 1421 iidem
1254 1387 1385 1421 (liii-isti
1410 1398 1479 1420 non

87 1462 195 1496 posse
223 1454 416 1498 suscipere,
438 1456 507 1488 nisi
532 1455 661 1489 similia
688 1466 750 1499 pro
783 1454 923 1488 (ihi-isto
950 1457 1148 1498 pateretur,
1174 1455 1347 1496 patienter
1370 1454 1477 1486 susti-

83 1518 168 1550 nuit.
217 1518 363 1552 Sanctus
392 1518 457 1553 hoc
487 1520 625 1555 tandein
653 1520 854 1565 intelligens
889 1519 1070 1563 obstupuit
1104 1523 1138 1552 et
1171 1518 1334 1562 precibus
1358 1528 1478 1563 regem

83 1583 221 1616 sanavit
246 1593 289 1617 ae
319 1585 384 1618 toti
409 1586 612 1629 provinciae
639 1585 801 1627 obtinuit,
841 1584 933 1629 quod
962 1583 1090 1617 nullum
1116 1594 1325 1618 venenosum
1351 1584 1477 1617 animal

82 1647 212 1683 ibidem
237 1651 351 1694 possit
376 1651 504 1685 vivere.
556 1651 655 1691 Quod
681 1662 750 1684 non
775 1649 887 1683 solum
912 1649 1073 1691 obtinuit,
1100 1650 1167 1683 imo
1199 1650 1302 1683 etiam
1327 1648 1425 1695 ligna
1444 1653 1477 1683 et

82 1715 179 1747 coria
204 1714 298 1748 illius
322 1716 478 1760 regionis
505 1718 693 1759 contraria,
719 1720 756 1750 ut
783 1715 921 1757 dicitur,
949 1719 1035 1765 sunt,
1059 1726 1201 1749 venene.
1253 1714 1398 1754 Quidam
1425 1715 1478 1748 vir

81 1789 179 1813 ovem
205 1781 308 1813 vicini
333 1781 388 1814 sui
412 1780 547 1815 furatus
566 1781 681 1815 suerat
706 1786 740 1816 et
767 1780 979 1823 comederat,
1006 1785 1131 1816 etcum
1156 1782 1209 1815 vir
1229 1784 1371 1814 sanctus
1393 1790 1473 1814 sae-

79 1845 158 1888 pius
183 1843 384 1880 hortaretur
406 1845 621 1882 satisfacere
650 1847 781 1889 furem,
820 1848 1014 1892 quicunque
1049 1846 1110 1881 ille
1136 1850 1251 1888 esset,
1288 1850 1322 1880 et
1357 1846 1473 1880 nullus

79 1915 308 1955 compareret,
335 1911 413 1945 dum
441 1916 535 1946 totus
561 1913 711 1958 populus
738 1913 783 1947 ad
812 1913 994 1947 ecclesiam
1022 1914 1258 1954 convenisset,
1284 1913 1319 1945 in
1344 1913 1473 1946 virtute

77 1973 162 2008 Jesu
189 1974 319 2010 Christi
343 1978 546 2022 praecepit,
589 1982 626 2012 ut
652 1980 686 2012 in
721 1980 821 2024 eujus
850 1982 1002 2012 ventrem
1031 1979 1108 2012 ovis
1135 1979 1321 2020 intrasset,
1356 1988 1472 2012 eoram

79 2039 238 2074 omnibus
260 2040 414 2075 balatum
439 2041 560 2084 daret3
598 2043 691 2088 quod
718 2044 843 2077 sactum
869 2047 922 2078 est
948 2047 982 2077 et
1017 2044 1092 2088 egit
1117 2053 1197 2077 reus
1222 2043 1470 2087 poenitentiam

77 2104 200 2140 etalii
225 2117 246 2141 a
277 2106 379 2141 furtis
413 2107 482 2141 sibi
513 2109 693 2143 cavebant.
748 2107 833 2142 Erat
865 2110 898 2142 ei
935 2107 1151 2142 consuetudo
1185 2118 1303 2142 omnes
1337 2118 1470 2151 eruces,

76 2180 163 2215 quas
187 2170 350 2214 videbat,
388 2172 516 2208 devote
541 2175 722 2216 venerari,
749 2173 812 2208 sed
842 2177 922 2208 ante
948 2172 1122 2218 quandam
1149 2183 1283 2208 crucem
1307 2184 1468 2219 magnam

76 2238 111 2269 et
132 2235 311 2279 pulchram
337 2238 483 2272 inviSam
510 2241 715 2283 praeteriit,
742 2250 764 2273 a
789 2240 861 2273 suis
891 2235 1006 2272 autem
1032 2239 1139 2272 sociis
1164 2238 1381 2281 admonitus,
1407 2250 1469 2273 cur

75 2299 171 2333 illam
197 2311 266 2335 11οη
292 2301 418 2337 viderit
442 2308 476 2338 et
500 2304 739 2346 inclinaverit,
785 2304 864 2338 dum
892 2303 1054 2349 precibus
1083 2313 1104 2337 a
1130 2303 1269 2339 domino
1307 2306 1466 2349 require-

75 2369 140 2407 ret,
167 2365 267 2410 eujus
292 2372 398 2410 esset,
425 2368 559 2403 audivit
584 2380 701 2404 vocem
730 2370 774 2404 de
799 2369 863 2405 sub
888 2375 1002 2404 terra:
1027 2381 1097 2403 11011
1122 2370 1262 2411 vidisti,
1289 2370 1371 2414 quia
1397 2380 1464 2415 ego

72 2430 130 2464 hic
155 2430 313 2475 sepultus
339 2441 413 2465 sum
441 2442 600 2477 paganus
622 2439 656 2469 et
682 2436 785 2480 signo
809 2436 922 2469 crucis
946 2434 1140 2479 indignus?
1166 2434 1257 2469 unde
1274 2434 1358 2468 secit
1383 2444 1462 2468 cru-

70 2507 144 2532 cem
168 2496 263 2530 illam
288 2495 418 2531 abinde
443 2496 532 2531 tolli.
582 2497 664 2532 Cum
693 2499 816 2533 beatus
841 2499 1014 2533 Patricius
1039 2509 1103 2543 per
1126 2499 1333 2544 H5be1·11iain
1357 2510 1461 2545 prae-

71 2562 206 2596 dicaret
242 2565 276 2596 ct
309 2561 457 2596 fructum
493 2561 540 2595 ibi
573 2563 810 2607 permodicum
836 2564 989 2605 faceret,
1030 2565 1171 2609 rogavit
1197 2564 1391 2608 domiuum,
1425 2570 1462 2600 ut

68 2627 212 2674 aliquod
237 2628 374 2674 signum
393 2627 608 2670 ostenderet,
632 2638 696 2673 per
722 2627 815 2674 quod
835 2628 946 2663 territi
968 2630 1197 2673 poeniterent.
1231 2629 1336 2664 Jussu
1352 2631 1462 2677 igitur

69 2693 197 2728 domini
223 2694 257 2728 in
281 2692 431 2739 quodam
456 2692 534 2727 loco
560 2693 721 2728 circulum
757 2703 915 2740 magnum
942 2704 1015 2729 cum
1044 2693 1168 2730 baculo
1197 2694 1397 2743 designavit
1424 2701 1459 2732 et
