1742 3005
255 90 337 128 418
542 90 636 138 Cap.
670 87 825 124 xcvii.
887 87 942 123 De
974 93 1104 122 sancto
1138 84 1361 134 Apollinari.

262 202 357 231 terra
378 197 500 240 jacens
528 190 723 230 clamabat,
761 189 924 234 quoniam
957 189 1034 232 ipse
1060 196 1161 221 verus
1187 191 1240 221 est
1267 186 1369 222 Deus.
1421 184 1521 218 Tunc
1545 182 1649 216 nudis

262 260 410 305 pedibus
436 267 542 302 super
565 264 696 300 prunas
723 264 797 288 eum
824 258 919 288 stare
945 253 1124 293 fecerunt,
1151 251 1212 286 sed
1238 262 1311 286 cum
1337 251 1452 286 adime
1476 248 1651 283 Christum

261 324 546 360 constantissime
571 320 806 366 praedicaret,
833 322 933 353 extra
957 318 1076 352 urbem
1104 327 1179 351 eum
1208 317 1442 361 projecerunt.
1489 314 1539 350 Eo
1563 318 1650 348 tem-

263 401 348 435 pore
386 389 464 422 dum
489 386 599 422 Rufus
636 386 802 431 patricius
830 384 1017 419 Ravennae
1044 382 1148 416 tiliam
1184 382 1350 415 infirmam
1376 381 1524 415 haberet
1549 385 1583 414 et
1607 378 1652 413 ad

262 466 338 491 eam
364 453 554 489 sanandam
579 451 818 496 Apollinarem
845 452 1027 491 vocasset,
1054 458 1132 482 mox
1158 452 1195 481 ut
1219 447 1354 481 domum
1382 435 1563 492 ingressus
1587 448 1652 486 est,

265 520 431 556 defuncta
446 523 510 553 est.
560 518 623 552 Cui
643 516 806 559 ¹)Rut'us:
833 517 962 550 utinam
986 514 1121 548 domum
1144 523 1254 548 meam
1282 524 1349 547 non
1371 513 1570 552 introisses,
1598 505 1654 544 Di'i

266 588 355 622 enim
380 586 497 631 magni
523 585 602 617 irati
628 587 725 623 sunt,
759 586 794 616 et
829 581 933 614 filiam
968 590 1077 615 meam
1110 590 1236 614 sanare
1261 579 1465 614 noluerunt:
1497 581 1536 610 tu
1571 585 1655 610 vero

264 652 346 698 quid
373 652 404 686 ei
431 650 546 684 facere
572 648 732 693 poteris?
784 647 846 681 Cui
870 647 1109 691 Apollinaris:
1140 646 1211 679 noli
1241 648 1384 686 timere,
1417 647 1549 677 tantum
1574 639 1657 674 mihi

263 722 363 763 jura,
392 715 498 760 quod,
525 716 554 747 si
583 712 701 757 puella
725 714 928 753 surrexerit,
956 721 1031 745 eam
1055 716 1246 745 creatorem
1273 721 1370 745 suum
1399 710 1498 753 sequi
1524 699 1657 752 nequa-

267 792 368 827 quam
394 778 611 826 prohibebis.
663 777 762 817 Quod
787 787 861 811 cum
889 777 1043 817 fecisset,
1070 777 1164 809 tacta
1181 778 1340 810 oratione
1363 776 1480 820 puella
1506 773 1659 808 surrexit

268 852 301 883 et
326 857 449 881 nomen
475 844 604 879 Christi
629 842 797 878 confitens
832 852 907 876 cum
942 845 1051 875 matre
1088 845 1121 875 et
1156 851 1284 886 magna
1320 840 1537 874 multitudine
1572 838 1659 882 bap-

270 916 373 948 tisma
405 912 561 954 suscepit
595 915 628 943 et
661 911 761 953 virgo
792 908 994 952 permansit.
1045 906 1146 947 Quod
1179 906 1326 940 audiens
1363 906 1495 939 Caesar
1520 904 1662 947 scripsit

271 979 315 1012 ad
342 977 554 1022 praefectum
582 975 769 1019 praetorii,
803 973 896 1019 quod
934 973 1173 1017 Apollinarem
1205 976 1264 1006 aut
1296 971 1494 1005 sacrificare
1531 971 1663 1003 taceret

270 1048 330 1077 aut
355 1044 387 1076 in
414 1041 573 1076 exsilium
600 1041 761 1074 mitteret.
811 1039 1015 1074 Praefectus
1042 1040 1150 1083 igitur
1171 1048 1245 1072 eum
1272 1037 1472 1071 sacrificare
1489 1036 1661 1070 nolentem

271 1107 421 1142 fustibus
449 1105 546 1139 caedi
575 1106 659 1139 fecit
684 1110 715 1138 et
742 1107 775 1138 in
802 1105 950 1150 equuleo
978 1109 1156 1139 extensum
1182 1105 1338 1147 torqueri
1363 1103 1549 1136 mandavit.
1598 1099 1664 1135 Ubi

272 1174 349 1207 dum
377 1172 549 1205 dominum
575 1171 857 1204 constantissime
883 1170 1125 1214 praedicaret,
1161 1180 1286 1215 aquam
1312 1170 1501 1204 ferventem
1527 1169 1559 1200 in
1585 1166 1663 1210 ejus

273 1237 473 1273 vulneribus
503 1237 632 1281 jactari
666 1237 777 1282 jussit
810 1241 844 1270 et
867 1238 918 1270 sic
947 1237 1048 1282 gravi
1076 1236 1230 1280 pondere
1258 1236 1342 1270 l‘erri
1368 1236 1517 1269 vinctum
1544 1234 1575 1266 in
1603 1243 1663 1266 ex-

273 1305 388 1339 silium
418 1304 552 1337 mittere
578 1302 697 1336 voluit.
747 1302 915 1337 Videntes
940 1306 1053 1336 autem
1081 1301 1263 1335 christiani
1283 1305 1412 1335 tantam
1440 1301 1663 1344 impietatem,

273 1372 409 1406 accensi
437 1371 550 1404 animo
575 1371 609 1403 in
636 1378 795 1413 paganos
819 1369 996 1402 irruerunt
1021 1372 1055 1401 et
1080 1367 1157 1412 plus
1185 1377 1285 1413 quam
1312 1367 1479 1401 ducentos
1504 1367 1597 1399 viros
1623 1374 1664 1398 ex

273 1439 362 1482 ipsis
397 1435 611 1470 occiderunt.
662 1434 761 1474 Quo'd
798 1433 919 1468 videns
961 1433 1161 1477 praefectus
1196 1433 1382 1467 abscondit
1407 1443 1445 1467 se
1472 1437 1505 1467 et
1529 1431 1666 1476 Apolli-

277 1512 392 1537 narem
418 1504 452 1535 in
484 1502 695 1535 artissimum
723 1510 899 1535 carcerem
925 1500 1048 1540 trusit,
1090 1499 1217 1535 deinde
1259 1503 1455 1534 catenatum
1492 1500 1526 1532 in
1554 1499 1667 1532 navim

277 1569 395 1612 posuit
417 1571 542 1601 etcum
562 1566 674 1601 tribus
703 1567 840 1600 clericis
868 1576 942 1600 eum
969 1565 1198 1610 sequentibus
1224 1566 1258 1599 in
1283 1566 1442 1600 exsilium
1466 1564 1668 1605 destinavit,

279 1632 337 1666 ubi
364 1632 580 1666 solummodo
607 1642 681 1666 cum
709 1632 844 1666 duobus
870 1632 1008 1666 clericis
1041 1637 1075 1666 et
1109 1631 1245 1665 duobus
1288 1631 1455 1665 militibus
1481 1629 1669 1676 periculum

281 1699 500 1742 tempestatis
529 1697 682 1732 evadens
708 1700 804 1742 ipsos
831 1697 958 1731 milites
985 1697 1198 1741 baptizavit,
1236 1697 1362 1731 deinde
1387 1696 1586 1731 Ravennam
1614 1705 1669 1729 re-

279 1763 378 1796 diens
405 1772 425 1795 a
449 1764 598 1807 paganis
624 1764 762 1806 capitur
786 1767 819 1796 et
844 1763 887 1796 ad
915 1762 1076 1805 templum
1104 1762 1279 1806 Apollinis
1304 1762 1460 1803 ducitur,
1493 1764 1593 1805 cujus
1621 1761 1670 1794 si-

280 1828 468 1861 mulacrum
495 1828 615 1861 videns
640 1827 820 1860 maledixit
849 1831 883 1861 et
907 1826 1023 1860 subito
1051 1827 1192 1860 corruit2
1244 1826 1345 1865 Quod
1371 1827 1527 1860 videntes
1554 1826 1671 1870 pontb

282 1892 364 1927 lices
388 1894 499 1936 ipsum
528 1892 647 1926 Tauro
669 1892 778 1942 judici
807 1897 1086 1936 praesentarunt,
1117 1894 1174 1937 qui
1195 1892 1318 1937 judex,
1345 1902 1418 1926 cum
1446 1891 1550 1925 lilium
1574 1901 1672 1924 suum

280 1968 420 1992 caecum
449 1958 699 1998 illuminasset,
737 1957 887 1991 credidit
920 1962 953 1991 et
977 1959 1087 2001 ipsum
1116 1960 1216 1991 antiis
1244 1962 1395 2002 quatuor
1420 1959 1452 1990 in
1480 1967 1543 1990 suo
1569 1966 1673 2001 prae-

283 2024 341 2057 dio
365 2034 505 2057 manere
532 2023 623 2057 fecit.
674 2022 757 2056 Post
783 2022 848 2056 hoc
875 2033 948 2059 cum
977 2023 1159 2067 pontifices
1191 2023 1281 2067 apud
1308 2023 1562 2068 Vespasianum
1598 2031 1673 2056 eum

281 2092 528 2129 accusassent,
552 2089 661 2132 ¹jussit
686 2087 945 2132 Vespasianum,
973 2092 1028 2129 ut,
1058 2089 1252 2133 quicunque
1279 2089 1350 2123 Diis
1378 2090 1554 2133 irrogaret
1579 2088 1672 2132 inju-

284 2155 390 2196 riam,
424 2158 484 2187 aut
515 2153 688 2187 sacrificet
721 2158 780 2187 aut
812 2154 898 2188 urbe
933 2155 1110 2199 privetur,
1150 2165 1217 2188 non
1253 2157 1341 2189 enim
1373 2155 1504 2199 justum
1531 2158 1604 2195 est,
1638 2158 1675 2187 ut

282 2218 375 2252 Deos
402 2218 636 2260 vindicemus,
667 2219 728 2253 sed
757 2221 824 2264 ipsi
852 2220 894 2255 de
923 2221 1070 2253 inimicis
1098 2221 1171 2253 suis
1197 2230 1235 2254 se
1267 2220 1391 2253 ulcisci
1425 2223 1607 2262 poterunt,
1644 2221 1675 2252 si

285 2285 493 2318 irascuntur.
544 2284 644 2318 Tunc
678 2285 931 2319 Demosthenes
968 2286 1137 2329 patricius
1173 2295 1248 2319 eum
1275 2285 1448 2319 nolentem
1476 2284 1676 2318 sacrificare

287 2348 422 2383 cuidam
447 2351 640 2383 centurioni
662 2352 734 2395 jam
761 2349 952 2384 christiano
977 2351 1144 2393 tradidit,
1178 2351 1278 2396 cujus
1313 2354 1438 2396 rogatu
1464 2359 1615 2395 pergens
1641 2350 1674 2382 in

285 2416 395 2448 vicum
422 2414 664 2458 leprosorum,
698 2419 735 2449 ut
768 2414 895 2449 ibidem
934 2420 1079 2461 propter
1106 2416 1255 2450 furorem
1282 2415 1461 2462 gentilium
1487 2415 1673 2455 habitaret,

289 2479 485 2523 ²)populus
510 2483 624 2514 autem
651 2490 727 2514 eum
755 2481 932 2516 insecutus
961 2486 1067 2522 esset,
1103 2493 1214 2527 usque
1239 2481 1283 2516 ad
1310 2485 1452 2516 mortem
1479 2478 1674 2513 diutissime

288 2553 412 2577 caesus
450 2547 521 2587 est,
556 2544 624 2578 ubi*
649 2550 781 2590 septem
818 2546 894 2581 dies
927 2549 1155 2592 supervivens
1189 2551 1224 2581 et
1257 2545 1450 2591 discipulos
1484 2542 1674 2589 admonens

286 2683 292 2688 ᾖ
354 2642 379 2672 1)
398 2642 451 2667 Ed.
478 2646 521 2671 l’r.
548 2647 577 2669 et
603 2643 650 2671 hie
675 2649 704 2672 et
728 2650 796 2672 ante
823 2644 962 2675 Paulus
983 2644 1063 2675 lvgit,
1132 2646 1162 2678 2)
1182 2646 1303 2672 necent.
1322 2641 1439 2674 legunt:
1466 2648 1481 2666 n
1508 2649 1527 2674 p
1540 2639 1672 2672 aganis

285 2689 488 2711 insecutus
515 2691 584 2715 ost,
