1742 3005
312 84 408 134 Cap.
439 83 576 120 XXVI.
636 82 693 121 De
724 89 856 120 sancto
884 81 1026 120 Basilio
1058 82 1251 134 episcopo.
1398 85 1473 123 123

88 192 152 231 Qui
188 189 319 225 vadens
349 189 536 226 daemones
564 187 752 225 invocabat
785 192 819 223 et
851 187 1006 224 chartam
1042 199 1104 234 per
1135 192 1251 225 aerem
1296 190 1470 235 ejiciebat.

87 254 131 290 Et
154 265 234 291 ecce
268 255 370 291 adest
402 257 565 302 princeps
599 254 820 290 tenebrarum
851 254 1001 291 vallatus
1030 254 1247 291 multitudiue
1271 254 1472 290 daemonio-

87 332 173 364 rum,
202 323 260 367 qui
285 331 360 356 cum
385 322 569 367 epistolam
597 321 822 367 perlegisset,
848 322 898 355 ait
922 320 964 355 ad
985 321 1170 366 juvenem:
1205 320 1319 356 credis
1346 323 1381 356 in
1405 332 1470 364 me,

87 392 124 422 ut
147 391 241 422 tuam
263 387 454 432 compleam
484 387 723 423 voluntatem?
748 387 812 427 Qui
839 388 908 421 ait:
932 385 1038 421 credo
1064 385 1212 420 domine.
1250 386 1313 421 Cui
1338 386 1471 432 dyabo-

88 454 160 488 lus:
185 457 220 489 et
245 452 403 499 abnegas
428 452 602 488 Christum
624 453 747 486 tuum?
781 452 847 492 Qui
876 452 944 485 ait:
971 450 1122 496 abnego.
1165 451 1255 485 Dicit
1280 451 1472 497 dJabolus:

88 519 210 565 perfidi
245 520 330 555 estis
363 528 426 554 vos
461 517 664 559 christiani,
716 518 799 562 quia
823 515 1103 562 quandoquidem
1127 526 1181 552 me
1208 527 1296 562 opus
1321 517 1472 564 habetis,

89 585 135 620 ad
158 596 211 620 me
238 585 384 626 venitis,
432 581 570 628 quando
604 586 719 618 autem
757 582 969 617 desiderium
1003 585 1154 616 vestrum
1186 585 1340 618 assecuti
1373 586 1471 622 estis,

89 652 204 686 statim
223 661 278 685 me
305 650 444 695 negatis
473 653 508 685 et
532 648 576 682 ad
601 648 773 683 Christum
787 652 939 683 vestrum
955 647 1135 690 acceditis,
1161 647 1220 683 ille
1235 653 1362 693 autem,
1393 652 1474 696 quia

88 716 375 751 clementissimus
401 719 475 758 est,
515 715 663 760 suscipit
685 725 762 750 vos.
833 714 903 750 Sed
929 715 958 749 si
986 715 1058 756 vis,
1103 718 1139 748 ut
1163 718 1257 749 tuam
1283 715 1473 761 compleam

88 781 323 824 voluntatem,
358 781 413 816 fac
439 780 521 816 mihi
546 781 581 814 in
608 790 711 814 manu
737 784 798 814 tua
822 781 1008 825 scriptum,
1041 781 1076 814 in
1101 791 1169 825 quo
1194 782 1412 825 confitearis,
1440 787 1474 818 te

90 846 336 882 abrenuntiare
361 846 513 890 Christo,
540 846 742 892 baptismati
767 849 801 881 et
823 845 1036 882 christianae
1061 846 1296 889 confessioni,
1322 852 1356 882 et
1379 859 1475 883 meus

91 915 140 948 sis
173 923 296 948 servus
327 917 361 948 et
394 923 524 948 mecum
555 912 745 957 injudicio
778 912 1069 947 condemnandus.
1142 912 1207 952 Qui
1233 914 1349 947 statim
1374 924 1475 949 manu

91 980 235 1024 propria
260 981 424 1024 scriptum
452 978 546 1021 fecit,
573 978 723 1023 qualiter
750 977 889 1013 Christo
914 978 1177 1014 abrenuntiaret
1201 982 1235 1014 et
1261 989 1298 1013 se
1317 981 1475 1014 servituti

90 1044 232 1090 dyaboli
264 1046 491 1089 manciparet.
562 1044 732 1079 Continuo
766 1045 874 1089 igitur
906 1043 1077 1089 dyabolus
1109 1046 1294 1080 accersivit
1318 1046 1474 1090 spiritus,

91 1111 150 1156 qui
175 1114 276 1145 erant
297 1121 403 1156 super
430 1110 714 1151 fornicationem,
753 1109 882 1155 Jubens
908 1112 974 1153 iis,
1012 1113 1048 1144 ut
1072 1110 1115 1145 ad
1142 1110 1353 1155 praedictam
1379 1112 1477 1156 puel-

92 1176 159 1211 lam
193 1175 400 1211 accederent
429 1180 464 1211 et
495 1186 555 1211 cor
587 1177 663 1221 ejus
697 1178 730 1210 in
756 1184 913 1211 amorem·
935 1178 1076 1222 Juvenis
1100 1177 1363 1212 inflammarent.
1413 1178 1476 1219 Qui

92 1242 297 1278 accedentes
323 1252 384 1277 cor
407 1242 484 1287 ejus
509 1241 599 1276 adeo
625 1242 877 1285 accenderunt,
913 1246 949 1276 ut
976 1242 1095 1287 puella
1119 1253 1156 1277 se
1182 1243 1215 1276 in
1243 1247 1369 1278 terram
1396 1255 1477 1288 pro-

89 1309 217 1353 jiceret
240 1312 275 1343 et
300 1307 343 1342 ad
369 1312 502 1352 patrem
527 1307 798 1342 lamentabiliter
825 1308 1055 1343 exclamaret:
1096 1310 1262 1344 miserere
1287 1308 1389 1351 mihi,
1416 1320 1478 1354 pa-

94 1377 165 1416 ter,
200 1374 364 1409 miserere
389 1372 491 1416 mihi,
531 1375 613 1419 quia
638 1373 712 1408 dire
734 1377 902 1418 torqueor
928 1377 1072 1418 propter
1096 1383 1246 1409 amorem
1271 1374 1352 1409 talis
1381 1378 1479 1420 pueri

97 1440 221 1482 nostri,
259 1443 294 1474 et
318 1443 496 1484 paternum
523 1449 673 1474 amorem
700 1438 782 1474 mihi
806 1439 951 1474 ostende
979 1443 1013 1473 et
1040 1450 1169 1484 puero,
1215 1451 1315 1485 quem
1343 1451 1420 1475 anio
1448 1447 1481 1476 et

97 1515 160 1550 pro
176 1515 243 1550 quo
256 1506 403 1547 crucior,
428 1514 481 1538 me
506 1505 700 1550 conjunge,
727 1507 758 1538 si
784 1515 851 1539 uon
879 1509 1006 1546 autem,
1034 1510 1114 1549 post
1139 1505 1307 1540 modicum
1332 1518 1385 1541 me
1410 1518 1481 1541 mo-

95 1572 239 1605 rituram
256 1569 404 1612 videbis,
433 1573 467 1604 et
492 1580 555 1614 pro
581 1580 634 1604 me
660 1571 694 1603 in
720 1569 775 1605 die
795 1570 919 1615 jiidicii
945 1572 1114 1605 rationem
1133 1571 1270 1606 reddes.
1297 1571 1402 1608 Pater
1421 1583 1481 1607 au-

96 1641 164 1671 tem
189 1636 324 1682 eJulans
353 1635 512 1670 dicebat:
546 1635 614 1670 lieu
640 1646 692 1671 me
718 1638 901 1678 miserum,
938 1636 1020 1681 quid
1045 1638 1192 1682 contigit
1215 1638 1364 1673 miserae
1390 1639 1482 1674 filiae

98 1712 217 1745 meae,
253 1703 330 1747 quis
354 1712 466 1737 meum
492 1701 693 1737 thesaurum
721 1701 856 1736 furatus
883 1705 958 1744 est,
998 1704 1075 1747 quis
1101 1702 1201 1738 dulce
1224 1703 1338 1739 lumen
1364 1705 1482 1739 oculo-

98 1779 171 1802 rum
195 1778 346 1803 meorum
370 1769 562 1804 exstinxit?
616 1767 693 1814 Ego
718 1772 752 1803 te
778 1767 936 1803 volebam
962 1769 1107 1804 coelesti
1133 1780 1263 1815 sponso
1289 1770 1483 1817 adjungere

98 1837 134 1869 et
162 1844 226 1879 per
258 1820 310 1869 te*
327 1834 459 1869 salvari
494 1833 659 1879 putabam
702 1838 736 1869 et
768 1837 806 1868 tu
839 1824 872 1868 sn
909 1844 1060 1870 amorem
1095 1836 1265 1871 lasciviae
1298 1838 1482 1872 insaniisti.

99 1900 182 1934 Sine
205 1899 290 1943 filia,
314 1904 364 1943 ut,
387 1902 477 1935 sieut
499 1900 671 1945 disposui,
696 1904 731 1935 te
757 1900 896 1935 domino
921 1903 1151 1948 conjungam:
1176 1913 1220 1937 ne
1248 1902 1356 1937 ducas
1383 1913 1483 1938 sene-

98 1968 225 1999 ctutem
248 1975 358 2001 meam
381 1975 457 2001 eum
482 1958 604 2001 dolor‘e
628 1965 674 2000 ad
698 1965 843 2001 inferos.
914 1966 981 2001 Illa
1004 1972 1118 2003 autem
1148 1968 1325 2004 clamabat
1349 1968 1485 2003 dicens:

100 2034 202 2076 pater
224 2032 268 2064 mi
290 2034 351 2065 aut
373 2034 442 2066 cito
467 2031 678 2067 desiderium
700 2043 810 2067 meum
833 2033 968 2078 comple
992 2037 1053 2068 aut
1079 2037 1280 2069 morituram
1306 2037 1388 2078 post
1413 2044 1485 2067 mo-

100 2095 212 2130 dicum
234 2107 288 2132 me
313 2096 461 2132 videbis.
510 2097 594 2132 Cum
615 2099 724 2144 igitur
746 2098 810 2133 illa
838 2100 1055 2135 amarissime
1080 2100 1180 2135 fleret
1204 2103 1238 2136 et
1263 2100 1364 2145 quasi
1391 2101 1486 2133 insa-

101 2163 215 2205 niret,
262 2165 365 2207 pater
400 2163 476 2208 ejus
507 2164 541 2197 in
576 2174 706 2210 magna
729 2164 947 2200 desolatione
975 2167 1111 2210 positus
1139 2169 1175 2201 et
1197 2167 1384 2200 amicorum
1404 2175 1486 2200 con-

101 2227 190 2261 siliis
213 2227 380 2273 deceptus
413 2238 510 2263 suam
542 2229 756 2265 voluntatem
781 2230 968 2275 complevit
992 2234 1027 2266 et
1049 2241 1124 2266 eam
1149 2242 1258 2276 puero
1286 2233 1319 2265 in
1345 2240 1486 2265 uxorem

103 2291 200 2326 dedit
224 2301 266 2326 ac
289 2295 486 2329 universam
512 2295 741 2330 substantiam
776 2296 845 2332 sibi
869 2295 992 2331 tribuit
1016 2296 1154 2332 dicens:
1203 2296 1292 2331 vade
1318 2296 1390 2329 filia
1412 2304 1488 2329 mea

103 2367 185 2392 vere
210 2357 350 2392 misera.
398 2357 480 2393 eum
507 2369 593 2405 ergo
617 2362 756 2395 insimul
778 2366 1035 2406 permanerent,
1055 2362 1197 2407 ⁴juvenis
1222 2360 1281 2395 ille
1306 2360 1486 2395 ecclesiam

103 2433 171 2457 non
198 2421 368 2457 introibat
391 2433 454 2458 nec
479 2423 546 2458 sibi
570 2427 683 2460 erucis
714 2427 931 2472 signaculum
957 2426 1130 2468 faciebat,
1182 2435 1244 2460 nec
1269 2425 1342 2460 Deo
1369 2436 1408 2461 se
1433 2437 1488 2462 re—

103 2487 380 2531 eommendabat,
408 2488 498 2523 unde
523 2489 566 2524 de
590 2489 656 2524 hoc
681 2495 822 2525 notatus
848 2495 903 2525 est
927 2500 949 2525 a
973 2491 1168 2534 nonnullis,
1195 2491 1253 2536 qui
1279 2492 1379 2525 uxori
1405 2501 1489 2526 suae

104 2552 285 2588 dixerunt:
311 2555 379 2587 scis
407 2555 489 2599 quia
514 2556 568 2588 vir
592 2559 690 2598 tuus,
719 2566 817 2601 quem
844 2555 908 2590 tibi
935 2556 1087 2603 elegisti,
1112 2556 1323 2591 christianus
1345 2567 1412 2591 uon
1438 2562 1491 2592 est

103 2628 165 2654 nec
190 2618 372 2653 ecclesiam
400 2619 623 2666 ingreditur?
693 2620 792 2661 Quod
820 2621 881 2655 illa
906 2621 1051 2656 audieus
1078 2621 1299 2657 veliementer
1334 2623 1490 2657 extimuit

106 2686 140 2718 et
165 2682 266 2718 humo
292 2693 330 2720 se
356 2688 582 2729 prosternens
608 2685 746 2732 ungulis
775 2697 812 2721 se
837 2687 947 2732 ipsam
973 2686 1172 2734 discerpere
1185 2689 1355 2734 coepitac
1372 2691 1492 2733 pectus
