1742 3005
286 112 368 153 874
426 114 525 162 Cap.
557 107 800 147 CLXXXIX.
835 108 894 145 De
913 106 1164 158 conceptione
1183 107 1316 145 beatae
1333 105 1482 144 Mariae
1503 104 1671 155 virginis.

286 219 393 245 diebus
414 222 640 242 consueveram.
677 213 737 240 Sed
754 216 905 248 protestor
924 210 1169 245 sollenmissime,
1195 211 1265 244 quia
1283 211 1439 245 repentino
1457 211 1563 238 morbo
1582 219 1675 237 vexa-

285 269 332 288 tus
352 260 395 286 sni
414 259 547 286 Uxoniae
567 257 692 289 singulis
711 258 797 285 annis
815 258 868 284 illa
892 257 955 289 die,
981 257 1022 283 ita
1046 256 1127 290 quod
1152 255 1235 282 nullo
1254 255 1345 282 modo
1364 255 1414 281 illa
1434 255 1483 282 die
1502 259 1674 289 susceptum

286 304 448 336 magisterii
474 303 607 330 officinm
634 302 757 336 exsequi
781 303 929 335 valerem,
963 301 1029 328 sive
1055 310 1140 329 casus
1167 305 1266 333 ageret
1297 300 1498 328 sivewlivina
1522 300 1674 331 voluntas,

285 350 413 382 quisque
437 348 626 375 considerare
650 351 760 382 potest.
797 347 857 374 Sed
883 350 911 373 et
937 345 996 372 viri
1019 346 1197 380 prudentes,
1231 344 1281 377 qni
1307 354 1354 371 me
1380 349 1452 371 tunc
1477 343 1620 377 temporis
1644 344 1675 370 iu

285 394 397 421 scholis
423 393 597 425 andierunt,
623 402 670 419 me
697 396 810 419 secrete
837 391 1058 425 corripuerant,
1085 399 1120 417 eo
1147 389 1228 423 quod
1250 389 1425 423 impugnare
1450 388 1531 415 velle
1548 388 1676 415 videbar

285 440 365 466 ‹liem
383 438 494 465 festum
514 438 700 465 celebrantes
720 436 926 471 conceptionis
954 437 1060 462 beatae
1086 434 1221 467 virginis.
1258 437 1318 465 Ego
1344 442 1417 460 vero
1437 433 1548 465 doceo,
1574 441 1675 459 assero

285 489 314 511 et
335 484 438 516 credo,
457 483 527 510 illos
545 484 623 508 bene
641 482 757 509 vidisse
776 487 805 508 et
824 481 924 515 potins
944 480 973 507 in
993 481 1049 507 boc
1068 479 1324 507 commendandos
1343 478 1417 511 sore,
1436 478 1486 511 qui
1506 477 1555 512 pie
1574 481 1603 504 et
1623 477 1675 503 de-

284 534 357 556 vote
383 537 415 555 se
438 527 626 563 praedictum
652 527 763 553 festum
790 527 942 553 celebrare
968 529 1106 557 satagunt
1132 525 1163 551 in
1188 524 1334 550 honorem
1358 527 1524 558 perpetuae
1549 521 1675 554 virginis

284 574 408 601 Mariae.
442 576 522 599 Haec
540 572 600 600 ille.
637 571 731 598 Offert
751 580 782 598 se
801 576 955 606 praeterea
976 569 1051 596 illud
1070 567 1375 600 commemorandum,
1395 567 1486 600 quod,
1505 578 1573 594 rum
1587 576 1677 602 super

285 621 340 646 hac
366 616 490 645 materia
517 616 554 642 de
580 621 683 643 sancta
709 615 906 650 conceptione
924 614 1117 641 beatissimae
1143 612 1268 645 virginis
1287 612 1391 639 fierent
1411 612 1552 647 publicae
1571 611 1675 646 dispu-

284 664 414 690 tationes
433 670 533 687 coram
551 665 652 687 sancta
673 660 788 693 synodo
806 659 983 692 Basilceusi‚
1002 658 1194 692 quamplures
1214 667 1249 683 ex
1269 657 1406 692 patribus
1425 657 1675 685 interessentibus

284 708 449 736 retulerunt
468 704 627 736 singularia
647 704 793 730 beneficia
813 704 991 730 miraculose
1010 713 1026 729 a
1047 706 1108 729 Deo
1128 702 1277 736 recepisse
1296 702 1335 728 ob
1356 701 1566 736 devotionem,
1586 713 1674 736 cpiam

284 754 437 780 habebant
456 750 494 776 ad
513 749 720 775 celebritatem
740 748 777 774 de
796 748 851 774 bac
871 752 973 774 sancta
992 747 1188 781 conceptione
1213 746 1405 773 beatissimae
1424 747 1558 779 virginis.
1594 751 1676 773 Inter

285 807 360 832 quos
380 800 477 823 autem
497 794 680 820 reverendus
698 793 728 819 in
749 792 864 819 christo
883 796 970 826 pater
990 795 1018 817 et
1039 791 1178 817 dominus
1197 791 1365 817 Rern-'trdus
1385 792 1545 826 episcopus
1564 792 1674 818 inolitis

284 841 395 870 Albani
414 840 463 866 die
482 837 603 865 sabbati
620 841 700 865 XXI.
719 836 832 872 Aprilis
853 845 931 863 anno
945 845 962 862 a
978 835 1136 862 nativitate
1150 835 1266 861 domini
1279 839 1536 869 mccccxxxw,
1555 837 1674 870 quamlo

285 888 380 923 prima
399 883 539 915 allegatio
559 882 637 909 sacta
655 882 711 908 suit
731 881 853 916 publice
872 881 910 907 de
928 881 985 906 hac
1003 880 1142 913 materia,
1168 880 1288 913 retulit,
1315 880 1444 913 qualiter
1467 888 1502 906 eo
1522 881 1674 913 equitante

284 941 373 967 super
391 933 515 965 pontem
532 927 634 959 fluvii,
662 927 713 960 qui
738 931 781 953 est
810 925 887 952 inter
914 925 1068 952 civitatem
1096 925 1331 952 Ebredinensem
1357 930 1386 951 et
1413 925 1560 960 oppidum
1581 925 1675 951 sancti

284 975 429 1011 Crispini,
456 974 521 1008 ipse
540 980 617 1007 pons
637 976 698 998 erat
717 976 821 1006 ruptus
840 970 869 996 in
890 970 990 997 medio
1015 978 1051 996 eo
1078 969 1144 996 loco
1171 979 1261 1004 snper
1286 970 1414 1003 flumen,
1437 970 1489 996 ubi
1508 975 1571 997 erat
1589 969 1675 997 navis

284 1020 466 1058 periculum,
492 1017 606 1043 habens
633 1026 724 1042 unum
748 1025 887 1048 maguum
911 1015 1062 1047 foramen,
1091 1024 1186 1048 eoque
1212 1015 1422 1041 inadvertente
1449 1024 1559 1048 equus,
1586 1024 1675 1048 quem

283 1066 452 1101 equitabat,
480 1061 627 1088 transiens
646 1070 682 1087 ex
701 1060 753 1086 illa
773 1065 870 1095 parte,
896 1060 948 1086 ubi
968 1068 1044 1094 pons
1063 1065 1168 1094 ruptus
1188 1064 1266 1092 erat,
1294 1061 1393 1095 posuit
1414 1059 1490 1087 duos
1510 1060 1603 1095 pedes
1623 1070 1675 1086 an-

282 1112 408 1139 teriores
435 1116 525 1142 super
550 1105 663 1132 dictum
688 1104 824 1131 foramen
848 1115 993 1138 vacuum,
1020 1114 1147 1138 cumque
1173 1109 1270 1131 rueret
1295 1105 1325 1131 in
1344 1114 1489 1139 praeceps
1509 1105 1547 1131 ad
1567 1115 1675 1138 aquam

285 1160 402 1193 jamque
427 1156 516 1188 capnt
544 1151 612 1185 equi
639 1154 718 1177 esset
744 1149 831 1183 quasi
857 1149 934 1175 infra
964 1155 1102 1183 pontem,
1130 1159 1291 1176 concussus
1317 1158 1430 1184 pavore
1456 1159 1563 1182 magno
1587 1150 1675 1176 invo-

283 1202 363 1230 cavit
381 1197 588 1226 beatissimam
605 1195 753 1227 virginem
773 1195 803 1221 in
822 1195 965 1221 auxilium
985 1204 1080 1227 Suum,
1099 1204 1215 1221 vovens
1231 1195 1382 1221 celebrare
1395 1194 1547 1221 annuatim
1563 1193 1673 1221 festum

283 1248 321 1274 de
348 1255 400 1273 sua
427 1247 530 1271 sancta
557 1240 770 1275 conceptione,
804 1244 833 1266 et
860 1239 1013 1266 nesciebat
1040 1239 1167 1272 referre,
1195 1240 1323 1272 qualiter
1348 1239 1457 1272 exivit,
1490 1240 1544 1266 sed
1571 1240 1674 1266 statim

282 1293 396 1324 absque
422 1287 556 1315 laesione
582 1285 683 1318 aliqua
711 1285 756 1312 sui
782 1289 811 1311 et
838 1284 907 1318 eqni
934 1284 1012 1311 vidit
1038 1293 1069 1311 se.
1094 1284 1226 1319 positum
1246 1285 1274 1311 in
1296 1293 1400 1311 securo
1420 1285 1456 1310 ab
1477 1284 1569 1310 altera
1588 1289 1674 1319 parte

279 1334 445 1364 foraminis.
481 1331 566 1360 Unde
585 1335 693 1357 extunc
712 1329 817 1364 majori
837 1329 944 1364 spiritu
964 1339 1032 1355 cum
1052 1329 1215 1355 devotione
1235 1329 1421 1356 continuavit
1440 1329 1673 1356 celebrationem

280 1382 378 1408 dictae
397 1376 583 1406 festivitatis.
619 1378 694 1402 Item
721 1375 862 1407 magister
888 1371 1039 1402 Johaniws
1058 1374 1162 1401 Roreti
1190 1374 1350 1401 canonicus
1369 1374 1537 1401 Aniciensis
1562 1374 1592 1401 in
1611 1383 1673 1401 ser-

278 1435 367 1454 mone
393 1425 430 1451 ab
459 1431 494 1449 eo
521 1421 600 1448 sacto
625 1420 663 1447 ‹le
690 1420 746 1446 hac
765 1420 940 1446 celebritate
961 1428 1061 1446 coram
1081 1423 1183 1445 sancta
1203 1419 1317 1452 synodo
1338 1419 1502 1446 ltasileensi
1522 1428 1600 1446 anuo
1619 1419 1673 1446 do-

278 1471 352 1498 miui
370 1469 606 1496 Mccccxxxv
635 1465 712 1492 inter
735 1465 793 1491 alia
816 1463 962 1491 *miracula
989 1464 1091 1490 retulit
1110 1464 1148 1490 de
1168 1464 1291 1490 domino
1310 1464 1413 1498 Ileylia
1434 1464 1471 1490 de
1491 1464 1671 1496 Lestrangiis

279 1515 425 1550 episcopo
444 1512 542 1539 dictae
562 1511 707 1538 ecclesiae
727 1509 896 1537 Aniciensis
916 1510 1051 1544 proximo
1071 1510 1231 1542 defuncto,
1259 1510 1356 1542 quod,
1383 1520 1449 1536 cum
1469 1510 1566 1537 dictus
1586 1520 1671 1537 reve—

278 1560 389 1587 rendus
415 1562 500 1593 pater
526 1556 557 1582 in
582 1555 780 1583 universitate
807 1555 958 1581 Tolosana
984 1554 1015 1580 in
1035 1554 1084 1581 die
1111 1554 1294 1581 celebritatis
1327 1554 1533 1589 conceptionis
1564 1555 1670 1583 beatae

276 1604 390 1632 Mariae
415 1602 541 1634 virginis
568 1605 670 1627 contra
697 1600 774 1626 lianc
798 1604 932 1626 sanctam
955 1599 1183 1634 conceptionem
1210 1599 1385 1634 praedicare
1419 1600 1604 1627 decrevisset
1632 1605 1670 1633 et,

277 1649 453 1684 priusquam
472 1646 648 1673 ascenderet
672 1645 842 1677 ambonem,
862 1645 952 1671 solito
979 1654 1061 1671 inore
1087 1644 1226 1670 fundaret
1247 1644 1412 1672 orationem
1432 1650 1501 1672 ante
1520 1645 1612 1672 altare
1632 1646 1670 1672 ad

277 1694 425 1725 virginem
443 1691 568 1718 Mariam
588 1695 617 1717 et
636 1699 671 1717 eo
691 1690 734 1716 ibi
753 1693 880 1716 exeunte
900 1698 1003 1716 omnes
1024 1689 1174 1716 orationes
1196 1694 1224 1716 et
1243 1694 1362 1724 puncta,
1384 1700 1459 1723 quae
1478 1695 1579 1717 contra
1599 1699 1669 1717 con-

278 1738 447 1773 ceptionem
466 1735 591 1768 virginis
611 1738 803 1769 conceperat,
830 1734 931 1760 subito
951 1734 989 1760 de
1009 1744 1060 1760 sna
1080 1735 1222 1761 memoria
1242 1739 1443 1767 evanuerunt,
1471 1735 1620 1770 oppositIs
1640 1740 1668 1762 et

277 1782 434 1811 contrariis
453 1782 483 1808 in
503 1781 607 1807 eadem
626 1780 684 1806 fixe
704 1779 959 1814 permanentibus,
979 1784 1160 1812 coactusque
1179 1784 1224 1806 est
1239 1780 1275 1805 ad
1292 1780 1497 1807 confusionem
1514 1781 1667 1808 vitandam

277 1827 452 1863 oppositum
472 1826 517 1852 sui
536 1825 625 1860 primi
643 1824 792 1858 propositi
812 1820 995 1858 praedicare.
1033 1827 1128 1859 Quem
1147 1833 1264 1855 casum,
1291 1828 1323 1849 ut
1344 1824 1402 1851 sibi
1422 1825 1601 1858 contigerat,
1628 1826 1667 1852 ad

277 1872 490 1899 exaltationem
509 1870 650 1901 virginis,
670 1868 813 1902 quamdiu
831 1867 924 1899 vixit,
951 1868 1094 1902 privatim
1114 1873 1143 1894 et
1162 1868 1282 1901 publice
1301 1868 1487 1901 frequentius
1507 1870 1666 1899 enarravit.

277 1922 351 1943 Item
371 1915 453 1942 aliud
472 1919 618 1941 assertum
640 1918 700 1945 est,
721 1912 802 1945 quod
822 1911 1006 1938 Barcliinone
1026 1912 1054 1938 in
1076 1912 1257 1938 monasterio
1277 1913 1383 1939 beatae
1403 1913 1513 1940 Mariae
1532 1915 1569 1940 de
1588 1918 1665 1940 Mor-

249 1994 256 2002 ,
276 1961 350 1986 ‹wls›
369 1959 554 1987 consuetudo
575 1962 634 1989 est,
662 1962 869 1991 praeterquam
895 1957 924 1982 in
951 1956 1057 1983 diebus
1086 1957 1214 1990 paschae
1241 1962 1267 1983 et
1297 1958 1400 1992 paucis
1424 1958 1561 1985 maximis
1581 1959 1664 1986 sesti—

275 2005 422 2031 vitatibus
449 2003 530 2029 omni
558 2002 607 2028 die
633 2002 723 2028 tribui
752 2001 894 2027 fratribus
921 2010 1014 2035 panes
1040 2007 1173 2028 recentes
1201 2007 1302 2029 coctos
1329 2003 1433 2029 eadem
1466 2003 1514 2030 die
1549 2013 1664 2031 summo

275 2059 371 2075 mane.
409 2048 544 2083 Quadam
564 2051 662 2072 anti-m
681 2046 766 2078 vice,
786 2056 851 2072 cum
872 2046 901 2071 in
921 2046 969 2071 (lie
991 2046 1075 2080 liujus
1095 2046 1270 2073 festivitatis
1291 2047 1328 2072 de
1348 2052 1449 2074 sancta
1469 2049 1664 2083 conceptione

274 2093 398 2124 virginis
418 2092 514 2126 pistor
531 2095 739 2126 praeparasset
755 2099 883 2117 massam
900 2090 1053 2123 velletque
1070 2101 1105 2117 ex
1123 2101 1156 2118 ea
1171 2101 1264 2125 panes
1283 2091 1419 2125 formare,
1439 2093 1664 2128 discooperiens

273 2137 383 2173 reperit
409 2147 491 2169 eam,
521 2136 607 2169 quasi
635 2140 712 2162 esset
737 2135 910 2167 coagulatus
937 2136 1057 2167 sangnis
1083 2146 1219 2171 respersa
1246 2137 1399 2169 nigredine
1426 2142 1476 2164 ant
1504 2138 1599 2165 lutum
1625 2139 1664 2165 ad

273 2183 397 2209 niodum
423 2181 524 2213 coeni,
552 2181 766 2213 divulgataque
793 2184 899 2214 postea
923 2180 1028 2206 notitia
1054 2181 1189 2208 miraculi
1208 2182 1264 2208 hoc
1284 2182 1404 2217 publice
1429 2182 1598 2210 ordinatum
1618 2188 1664 2211 est

273 2237 327 2262 per
347 2226 501 2253 civitatem
520 2225 695 2260 municipali
715 2234 768 2252 suo
789 2230 918 2258 statuto,
946 2226 1027 2258 quod
1046 2236 1079 2253 ea
1099 2227 1148 2253 die
1168 2227 1373 2261 conceptionis
1392 2236 1451 2254 non
1467 2227 1664 2255 incendantur

271 2271 361 2299 furni.
396 2274 432 2297 Et
458 2270 499 2296 ita
523 2270 553 2296 in
580 2270 685 2296 eadem
713 2270 834 2297 civitate
861 2271 1040 2298 observatur
1058 2272 1202 2304 usquein
1222 2272 1398 2299 hodiernum
1418 2272 1507 2299 diem.
1544 2276 1663 2300 Praeter

270 2318 344 2344 ltsst¹c
363 2320 463 2343 autem
482 2320 618 2349 tempore
637 2315 781 2342 Jobannis
800 2315 877 2347 rogis
897 2316 1063 2347 ,aragoniae
1084 2317 1180 2343 bonae
1199 2317 1377 2350 momoriae,
1402 2317 1452 2351 qni
1471 2317 1547 2344 circa
1567 2327 1661 2346 annos

271 2361 385 2388 domini
404 2362 523 2387 MCCCC
543 2360 677 2391 regnavit
698 2359 727 2386 in
747 2369 838 2392 reguo
858 2361 1040 2393 Aragoniae,
1066 2362 1168 2388 habita
1194 2362 1292 2396 primo
1316 2372 1414 2390 coram
1434 2363 1501 2397 ipso
1521 2363 1660 2390 sollemni

270 2411 299 2433 et
319 2405 441 2441 publica
461 2414 514 2439 per
532 2405 634 2439 plnres
654 2405 718 2431 dies
738 2405 943 2440 disputatione.
962 2406 1040 2434 inter
1058 2406 1232 2434 defensores
1252 2407 1403 2439 virgineae
1422 2407 1611 2435 innocentiae
1631 2412 1659 2434 et

269 2455 432 2478 assertores
449 2449 583 2477 maculae
597 2449 759 2482 originalis,
779 2451 855 2481 ref-:is
875 2451 1063 2478 ordinatione
1076 2455 1186 2478 statuta
1201 2457 1245 2478 est
1262 2452 1416 2480 sollemnis
1432 2453 1658 2481 confraternitas

272 2496 450 2523 devotorum
470 2494 640 2529 hujusmodi
660 2494 856 2521 festivitatem
878 2496 915 2521 de
934 2496 1131 2530 conceptione
1150 2496 1342 2524 beatissimae
1361 2497 1484 2529 virginis
1504 2499 1657 2526 celebran-

267 2541 350 2567 tium.
389 2543 520 2575 Quorum
547 2538 660 2573 primus
688 2538 867 2565 confratrum
897 2540 951 2566 snit
979 2540 1044 2574 ipse
1064 2551 1114 2567 rex
1134 2543 1319 2575 Aragonum,
1346 2547 1373 2569 et
1399 2543 1567 2569 ordinatum
1591 2541 1656 2575 luit,

265 2584 345 2617 quod
372 2588 526 2620 animatjm
552 2594 586 2610 ea
611 2583 660 2610 die
686 2584 770 2610 lieret
797 2584 952 2611 sollemnis
983 2585 1136 2619 processio
1161 2587 1198 2612 ad
1226 2586 1345 2614 laudem
1372 2592 1400 2614 et
1428 2587 1549 2620 gloriam
1569 2586 1656 2620 hujus

267 2628 450 2655 festivitatis.
488 2632 611 2654 nenium
640 2628 677 2654 de
704 2637 781 2655 :inno
809 2628 923 2654 doinini
950 2632 1113 2656 MCCCCIX
1147 2641 1213 2658 cum
1243 2631 1308 2666 ipso
1337 2632 1386 2659 die
1413 2633 1518 2658 beatae
1543 2633 1655 2659 Mariae

266 2671 390 2701 virginis
410 2672 437 2697 in
459 2672 583 2698 ecclc-sia
604 2672 800 2699 Gerundiensi
821 2673 1022 2708 praedicasset
1044 2675 1081 2701 de
1106 2676 1350 2709 praeservatione
1376 2677 1413 2702 ab
1436 2676 1571 2706 originali
1592 2687 1654 2703 ma-

265 2716 328 2742 cula
349 2715 439 2742 frater
457 2716 606 2743 solinum-⁵
625 2717 662 2743 dc
684 2720 758 2744 nota
779 2717 892 2745 ordinis
912 2718 1059 2746 minorum
1079 2729 1179 2747 sacrae
1201 2720 1368 2751 theologiae
1382 2719 1537 2755 professor
1553 2722 1653 2755 obque
