1742 3005
267 113 351 154 570
408 116 506 165 Cap.
525 115 679 151 CXXV.
738 114 798 151 De
828 113 1082 151 decollatione
1110 115 1228 151 sancti
1248 114 1432 151 Johannis
1455 114 1652 164 baptistae.

267 231 384 256 eorum
411 223 543 263 partem
568 217 736 252 tulerunt.
783 216 865 261 Ipsa
900 227 1038 262 quoque
1073 227 1156 251 ossa
1189 218 1233 252 ad
1268 218 1466 264 Philippum
1489 217 1656 253 Hieroso-

267 286 454 319 limitarum
490 285 694 328 episcopum
729 282 950 324 detulerunt,
992 283 1051 327 qui
1090 292 1131 317 ea
1169 284 1386 327 postmodum
1420 284 1656 329 ¹)Auastasi0

264 348 505 384 Alexandrino
531 350 701 393 episcopo
726 349 832 383 misit.
878 347 1101 382 Postmodum
1137 358 1219 383 vero
1245 347 1465 393 Theophilus
1500 349 1655 393 ejusdem

265 414 361 448 urbis
387 415 574 458 episcopus
602 424 646 448 ea
670 415 706 448 in
731 413 861 458 templo
887 413 1032 458 Serapis
1058 423 1079 447 a
1115 413 1281 448 sordibus
1316 418 1468 459 purgato
1500 416 1658 458 reposuit

265 483 300 514 et
332 481 366 513 iu
398 479 564 514 honorem
601 481 713 514 sancti
747 478 920 514 Johannis
955 479 1136 513 basilicam
1164 481 1395 516 consecravit.
1443 479 1536 513 Haec
1560 479 1658 514 Beda

265 550 300 580 et
337 545 497 590 hystoria
527 544 756 581 scholastica.
804 544 902 578 Nunc
939 549 1053 579 autem
1088 544 1181 589 apud
1206 544 1353 580 Januam
1378 544 1504 579 devote
1536 544 1657 579 colun-

262 615 340 652 tur,
388 612 478 644 sicut
518 610 721 645 Alexander
759 612 885 644 tertius
927 614 961 645 et
993 610 1215 645 Innocentius
1249 615 1393 655 quartus
1424 612 1476 645 rei
1509 612 1657 646 veritate

265 677 408 721 cognita
433 677 506 710 suis
532 676 731 722 privilegiis
757 676 1057 720 approbaverunt.
1106 676 1204 710 Sicut
1236 681 1350 710 autem
1381 676 1562 719 Herodes,
1600 678 1658 722 qui

263 742 340 785 ejus
382 745 487 784 caput
523 742 697 785 amputari
735 741 838 782 feeit,
874 751 1014 774 suorum
1041 742 1210 775 scelerum
1236 752 1383 786 poenam
1409 743 1572 787 pertulit,
1608 743 1658 776 sic

262 810 297 840 et
320 805 493 841 Julianum
523 809 743 850 apostatam,
780 807 839 850 qui
867 807 944 850 ejus
975 816 1059 840 ossa
1083 806 1238 840 comburi
1261 808 1392 851 jussit,
1429 807 1513 841 ultio
1538 807 1657 841 divina

263 873 449 917 percussit.
497 871 548 905 De
576 872 674 916 cujus
701 874 948 915 persecutione
974 871 1125 906 lia-betur
1152 873 1186 905 in
1206 871 1364 916 hystoria
1386 873 1495 906 sancti
1512 872 1656 915 Juliani,

263 947 354 983 quae
388 942 442 972 est
475 941 557 982 post
589 938 853 970 conversionem
881 939 993 971 sancti
1018 936 1129 971 Pauli.
1178 936 1229 971 De
1254 936 1359 982 hujus
1385 941 1498 972 autem
1525 937 1656 973 Juliani

262 1007 449 1048 apostatae
476 1004 635 1048 origine,
662 1003 829 1046 imperio,
856 1002 1064 1037 crudelitate
1091 1007 1124 1036 et
1150 1007 1260 1037 morte
1286 1004 1320 1036 in
1346 1002 1503 1047 hystoria
1526 1005 1655 1048 tripar-

261 1070 327 1103 tita
353 1069 489 1113 plenius
516 1067 696 1102 edocetur.
747 1066 971 1101 Constantius
1006 1077 1153 1112 namque
1186 1068 1296 1103 frater
1327 1070 1446 1114 magni
1480 1069 1654 1103 Constan-

261 1135 325 1168 tini
349 1144 390 1168 ex
418 1132 538 1167 eodem
565 1137 664 1177 patre
683 1132 770 1166 duos
795 1132 917 1166 habuit
934 1132 1048 1176 filios,
1084 1133 1219 1168 scilicet
1249 1133 1382 1168 Gallum
1411 1138 1445 1168 et
1467 1133 1653 1169 Julianum.

262 1199 402 1234 Mortuo
437 1202 551 1232 autem
591 1197 820 1231 Constantino
859 1198 1083 1232 Constantius
1119 1200 1195 1243 ejus
1230 1199 1321 1232 filius
1358 1198 1493 1233 Gallum
1520 1200 1653 1249 Caesa-

261 1276 332 1299 rem
362 1264 464 1307 fecit,
491 1275 590 1309 quem
616 1267 732 1298 tamen
757 1263 975 1308 postmodum
1005 1264 1190 1299 interfecit.
1240 1265 1286 1298 At
1311 1264 1471 1299 Julianus
1496 1270 1652 1301 metuens

261 1330 451 1365 monachus
482 1330 626 1364 effectus
653 1333 707 1364 est
734 1331 919 1374 coepitque
946 1339 1067 1375 magos
1093 1330 1298 1371 consulere,
1337 1331 1367 1364 si
1392 1335 1515 1374 posset
1539 1332 1653 1367 adhuc

260 1398 295 1430 in
330 1398 510 1441 imperium
547 1397 742 1440 pervenire.
790 1395 875 1430 Post
909 1395 975 1429 hoc
1003 1396 1228 1430 Constantius
1261 1396 1434 1431 Julianum
1464 1396 1650 1433 Caesarem

261 1462 343 1496 fecit
374 1466 409 1497 et
439 1462 484 1496 ad
519 1461 653 1496 Gallias
688 1463 802 1504 misit,
835 1462 896 1496 ubi
930 1462 1098 1496 victorias
1135 1462 1260 1496 multas
1295 1463 1463 1497 exercuit.
1514 1462 1653 1498 Corona

260 1531 374 1561 autem
403 1525 525 1562 laurea
550 1530 640 1562 inter
665 1527 752 1561 duas
780 1527 957 1561 columnas
992 1527 1194 1572 dependens
1230 1532 1332 1573 rupto
1360 1528 1512 1563 funiculo
1545 1539 1652 1574 super

260 1596 365 1637 caput
409 1594 484 1637 ejus
528 1593 609 1627 iude
648 1595 863 1628 transeuntis
900 1593 1031 1628 decidit
1073 1604 1219 1639 eumque
1252 1594 1433 1638 aptissime
1469 1596 1651 1629 coronavit

260 1660 394 1693 cunetis
413 1658 657 1699 clamantibus,
687 1660 770 1703 quia
789 1660 926 1702 imperii
944 1662 1080 1705 signum
1100 1664 1205 1694 esset.
1257 1659 1408 1704 Cumque
1434 1669 1454 1693 a
1481 1660 1649 1694 militibus

260 1724 501 1769 appellaretur
535 1725 716 1769 Augustus
753 1728 787 1758 et
817 1734 968 1766 corona,
1011 1736 1085 1759 cum
1122 1735 1191 1769 qua
1225 1730 1475 1767 coronaretur,
1517 1725 1648 1760 ibidem

260 1788 414 1831 deesset,
434 1800 522 1823 unus
542 1793 714 1834 torquem,
734 1799 832 1833 quem
853 1789 1019 1831 habebat,
1042 1791 1075 1822 in
1093 1790 1184 1823 eollo
1208 1790 1337 1824 Juliani
1357 1792 1463 1834 capiti
1485 1792 1650 1834 imposuit

260 1859 294 1889 et
319 1856 369 1888 sic
398 1855 442 1889 ab
469 1856 513 1889 iis
537 1856 728 1899 imperator
743 1858 796 1888 est
815 1854 972 1890 effectus.
1022 1854 1120 1888 Tunc
1139 1855 1335 1900 figmentum
1365 1854 1646 1896 christianitatis,

259 1919 351 1966 quod
379 1920 552 1963 habebat,
585 1920 716 1965 abJecit
748 1924 782 1954 et
813 1920 943 1965 templa
976 1920 1158 1965 ydolorum
1190 1921 1352 1965 aperiens
1378 1925 1413 1954 et
1441 1921 1483 1954 iis
1510 1920 1646 1954 sacrifi-

259 1996 342 2021 cans
378 1997 415 2020 se
450 1996 667 2032 paganorum
693 1984 890 2029 pontificem
917 1986 1119 2019 nominabat
1147 1990 1180 2020 et
1216 1987 1353 2031 signum
1379 1987 1492 2019 erucis
1517 1985 1647 2030 ubique

258 2051 474 2087 destruebat.
524 2051 682 2091 Quadam
703 2052 781 2085 vice
801 2061 859 2084 ros
885 2061 992 2095 super
1016 2052 1092 2095 ejus
1116 2052 1322 2085 vestimenta
1346 2055 1646 2095 caeterorumque,

257 2119 312 2163 qui
341 2127 414 2151 eum
443 2128 484 2151 eo
513 2121 631 2158 erant,
666 2116 793 2150 cecidit
827 2107 872 2150 et
898 2120 999 2161 gutta
1034 2116 1214 2161 quaelihet
1247 2127 1285 2151 se
1321 2118 1355 2151 in
1388 2118 1500 2151 crucis
1527 2118 1648 2162 signa-

255 2183 366 2217 culum
401 2182 675 2217 transformavit.
724 2181 856 2216 volens
900 2186 1015 2216 autem
1055 2182 1272 2226 complacere
1311 2182 1470 2216 omnibus
1511 2187 1646 2216 mortuo

257 2249 461 2283 Constantio
487 2248 618 2290 voluit,
652 2251 689 2282 ut
714 2249 973 2293 unusquisque,
1006 2249 1059 2282 cui
1091 2247 1195 2282 vellet
1221 2249 1321 2289 ritui,
1355 2247 1571 2289 deserviret,
1606 2258 1647 2282 ac

256 2314 298 2349 de
336 2315 434 2348 curia
468 2323 532 2348 sua
565 2312 765 2355 eunuchos,
811 2317 974 2348 tonsores
1011 2318 1045 2348 et
1088 2324 1219 2358 coquos
1252 2314 1401 2359 fugavit.
1457 2312 1645 2348 Eunuchos

256 2379 407 2426 quidem,
436 2380 520 2424 quia
544 2390 634 2414 uxor
663 2379 738 2424 ejus
766 2379 914 2421 obierat,
941 2384 1021 2423 post
1048 2389 1147 2424 quam
1175 2379 1278 2413 aliam
1303 2390 1370 2413 non
1397 2379 1558 2421 duxerat,
1585 2389 1645 2412 eo-

256 2455 363 2490 quos,
408 2446 490 2490 qnia
522 2444 610 2478 cibis
651 2444 926 2489 simplicioribus
963 2450 1140 2487 uteretur,
1185 2449 1350 2480 tonsores
1391 2449 1526 2486 autem,
1564 2445 1646 2488 quia

256 2521 364 2552 nnus,
402 2511 533 2556 inquit,
578 2510 711 2545 sufficit
742 2509 869 2543 multis.
924 2510 1056 2546 Multos
1092 2511 1203 2545 libros
1238 2511 1404 2553 dictavit,
1444 2512 1479 2544 in
1519 2508 1644 2554 quibus

257 2586 374 2610 omnes
402 2580 482 2611 aute
513 2586 551 2611 se
576 2576 753 2620 principes
780 2575 961 2612 laceravit.
1011 2576 1053 2611 Ut
1079 2587 1165 2623 ergo
1194 2587 1326 2622 coquos
1352 2580 1457 2620 atquc
1481 2578 1644 2608 tonsores

322 2718 422 2751 l)1·3d.
448 2723 489 2745 l'r.
511 2721 729 2748 Athanasio
751 2722 829 2751 logis.
