1742 3005
285 97 367 137 956
414 100 510 149 Cap.
534 98 742 135 CCXLttt.
778 99 864 135 Vita
878 106 915 136 et
930 102 1166 138 conversatio
1182 104 1302 138 sancti
1320 103 1483 141 Romani
1501 104 1660 140 abbatis.

284 214 343 239 quo
363 203 514 236 tenderet,
533 203 570 229 ab
591 211 626 229 eo
644 202 811 236 inquisivit.
847 204 934 237 Cujus
953 212 1018 230 cum
1038 204 1220 233 desideriiun
1238 207 1443 241 cognovisset,
1469 213 1499 235 et
1517 213 1662 236 secretum

285 249 379 276 tenuit
397 253 427 275 et
445 248 626 283 adjutorium
643 247 792 282 impendit
810 247 897 282 eique
916 253 1035 275 sauctae
1061 250 1297 278 conversationis
1322 252 1458 279 habitum
1474 253 1597 280 tradidit
1623 259 1662 287 et,

284 295 315 321 iu
333 298 477 327 quantum
493 293 593 326 licuit,
619 293 809 320 ministravit.
845 293 898 320 Vir
923 298 1022 320 autem
1049 294 1163 321 domini
1188 295 1227 321 ad
1252 295 1434 323 destinatum
1463 297 1562 325 locum
1594 308 1662 334 per-

284 339 408 366 veniens
431 338 463 365 in
486 338 635 365 artissimo
661 347 751 373 specu
776 347 807 366 se
834 338 952 366 abdidit
978 339 1133 373 tribusque
1157 340 1241 367 annis
1266 345 1391 376 excepto
1418 341 1506 369 beato
1526 341 1584 369 isto
1602 345 1662 370 Ro-

284 393 373 412 mano
397 384 543 411 monacho
568 383 740 410 hominibus
766 383 933 415 incognitus
959 384 1079 412 mansit.
1116 385 1173 420 Qui
1198 386 1304 412 beatus
1323 389 1473 413 Romanus
1497 395 1556 413 non
1574 386 1663 419 longe

283 431 338 457 sub
358 429 487 456 Deodati
505 428 598 464 patris
622 428 721 461 regula
749 427 893 461 degebat,
921 429 975 456 sed
1000 430 1049 465 pie
1069 430 1202 463 ejusdem
1219 430 1314 465 patris
1333 430 1379 457 sui
1397 431 1491 458 oculis
1509 431 1664 459 furabatur

284 476 372 502 horas
392 479 421 501 et
439 484 527 508 quem
545 473 605 501 sibi
623 473 662 507 ad,
678 473 918 501 manducandum
937 475 1092 510 subripere
1111 479 1243 510 poterat,
1264 475 1371 503 diebus
1392 476 1479 503 certis
1497 476 1662 504 Benedicta

282 530 391 557 panem
409 520 534 547 serebat.
561 518 618 546 >Ad
644 519 771 546 eundem
798 528 870 546 vero
898 528 1020 554 specum
1046 529 1062 546 a
1085 520 1168 547 beati
1192 520 1319 547 Romani
1345 521 1421 547 cella
1438 521 1495 548 iter
1512 530 1573 548 non
1591 526 1662 553 erat,

283 566 353 600 quia
371 565 450 592 celsa
470 564 599 599 desuper
617 573 707 599 rupes
727 564 893 597 eminebat,
920 564 974 591 sed
993 574 1029 591 ex
1047 564 1153 592 eadem
1171 575 1244 600 rupe
1262 565 1292 592 in
1311 565 1485 598 longissimo
1504 565 1574 593 sune
1592 566 1663 593 reli-

282 616 381 644 gatum
401 614 551 637 Romanus
570 618 677 644 panem
697 609 846 644 deponere
866 614 1070 637 consueverat.
1107 613 1141 636 In
1166 620 1224 643 qua
1250 610 1339 637 etiam
1363 615 1441 638 reste
1459 621 1586 646 parvum
1603 612 1662 638 tin-

280 655 471 683 tinnabulum
495 654 636 687 inseruit,
661 659 694 681 ut
719 654 757 681 ad
784 655 914 681 sonitum
936 654 1131 682 tintinnabuli
1155 655 1204 681 vir
1228 655 1283 682 Dei
1309 661 1517 692 cognosceret,
1542 657 1662 690 quando

281 701 341 729 sibi
360 700 496 727 alumnus
515 700 577 733 ejus
596 708 705 734 panem
723 700 897 734 praeberet,
923 703 952 725 et
975 705 1108 734 cryptam
1134 700 1235 727 exiens
1259 709 1327 727 eum
1345 701 1504 736 acciperet.
1539 705 1574 728 Et
1592 701 1663 729 licet

281 746 421 780 antiquus
444 744 540 771 hostis
564 745 626 777 ejus
653 743 769 770 caritati
794 744 934 771 invidens
960 744 1193 772 tintinnabulum
1219 745 1370 778 fregisset,
1395 751 1429 773 ut
1455 756 1521 773 eum
1544 747 1594 773 vel
1620 746 1663 774 sic

281 802 298 819 a
317 791 439 818 caritate
457 789 636 821 retraheret,
662 788 729 824 pius
755 793 855 815 tamen
881 793 910 816 et
934 789 1091 821 religiosus
1117 800 1134 816 a
1159 793 1221 816 Deo
1241 789 1368 817 dilectus
1387 791 1492 818 beatus
1511 794 1662 819 Romanus

281 837 402 864 minime
427 834 571 866 cessavit,
599 833 670 867 quin
695 833 793 860 modis
821 833 1051 866 congruentibus
1078 839 1107 861 et
1133 843 1251 870 semper
1285 835 1467 862 ministraret
1498 845 1592 869 usque
1623 837 1662 863 ad

280 887 400 916 tempus
419 879 533 907 scilicet
552 878 647 919 illud,
668 887 726 912 quo
754 878 875 906 divinae
894 878 1008 914 placuit
1025 879 1188 913 voluntati,
1216 890 1283 907 eum
1305 890 1322 907 a
1340 880 1443 908 labore
1463 889 1516 908 suo
1535 880 1662 908 liberare

282 931 311 954 et
330 926 446 961 ipsum,
470 923 517 951 cui
536 923 704 956 serviebat,
730 924 841 951 mundo
861 923 1021 952 declarare.
1058 928 1174 951 Interea
1199 929 1299 952 antem
1317 934 1384 952 cum
1402 925 1577 958 gravissima
1595 935 1662 961 per-

282 969 444 998 secutionis
475 968 609 1003 procella
640 977 695 1003 per
724 972 819 996 totam
844 969 962 996 Italiam
985 979 1018 996 ac
1046 979 1142 1004 paene
1168 979 1222 1005 per
1248 979 1367 997 omnem
1395 971 1521 998 Romani
1546 971 1665 1006 imperii

281 1021 391 1044 terram
408 1015 581 1046 insurgeret,
601 1012 719 1045 Gothis,
739 1013 841 1041 Alanis
861 1018 890 1040 et
907 1014 1053 1041 Vandalis
1071 1015 1198 1042 flammis
1219 1019 1248 1042 et
1265 1014 1344 1043 ferro
1363 1020 1469 1043 cuncta
1487 1024 1663 1043 consumen-

282 1061 373 1093 tibus,
392 1060 439 1086 vir
457 1059 572 1086 domini
590 1061 741 1085 Romanus
760 1067 821 1085 non
839 1060 976 1086 cessabat
995 1060 1150 1095 deprecari
1168 1060 1332 1093 dominum,
1349 1065 1382 1087 ut
1400 1070 1483 1088 suam
1502 1060 1663 1095 respiceret

282 1105 456 1137 ecclesiam,
483 1114 572 1137 quam
598 1103 657 1130 sibi
682 1112 736 1130 suo
763 1103 942 1136 acquisierat
969 1105 1129 1138 sangnine,
1154 1105 1208 1132 sed
1234 1115 1299 1132 eam
1321 1106 1353 1132 in
1376 1106 1435 1133 fide
1462 1106 1590 1134 nominis
1617 1106 1663 1133 sui

283 1154 475 1179 conservaret
493 1148 638 1176 illaesam.
674 1151 833 1183 Propterea
852 1149 935 1176 audit
955 1149 1014 1176 sibi
1031 1150 1128 1184 juberi
1147 1161 1163 1177 a
1182 1151 1320 1184 domino,
1347 1155 1379 1178 ut
1397 1151 1500 1178 relicta
1519 1151 1605 1178 Italia
1624 1151 1662 1177 ad

283 1195 396 1224 Gallias
414 1193 552 1221 tenderet
570 1198 599 1220 et
616 1193 704 1220 verbi
722 1193 819 1220 divini
838 1203 967 1228 pennam
984 1194 1072 1228 longe
1092 1195 1210 1228 lateque
1229 1201 1380 1231 spargeret
1398 1206 1432 1223 ac
1453 1200 1572 1223 sanctae
1591 1204 1661 1222 con—

282 1239 463 1270 versationis
491 1238 629 1274 exempla
654 1239 768 1266 cunctis
795 1240 962 1273 praeberet.
1016 1243 1224 1267 Commouetur
1255 1241 1345 1268 etiam
1374 1251 1562 1275 nequaquam
1596 1250 1661 1268 esse

281 1285 507 1315 formidandum
532 1284 643 1311 auxilio
666 1283 880 1319 praeveniente
905 1284 1026 1318 divino,
1059 1294 1237 1320 prosperum
1268 1285 1332 1313 fore
1358 1286 1415 1313 iter
1440 1291 1469 1313 et
1486 1286 1661 1313 ,mercedem

282 1331 382 1359 fidelis
409 1330 489 1358 servi
515 1329 663 1362 erogantis
690 1329 842 1357 conservis
866 1339 1036 1357 mensuram
1054 1330 1146 1358 tritici
1163 1340 1180 1358 a
1199 1330 1321 1358 domino
1339 1335 1536 1366 recepturum.
1571 1330 1663 1363 Igitur

282 1378 340 1404 hoc
359 1376 481 1411 spiritus
501 1374 595 1402 sancti
614 1379 737 1409 accepto
755 1383 900 1409 responso
919 1379 1004 1410 pater
1022 1378 1173 1403 Romanus
1193 1376 1366 1403 convocatis
1388 1376 1531 1403 fratribus
1550 1376 1592 1403 sic
1611 1385 1662 1402 eos

283 1423 431 1450 allocutus
450 1425 509 1448 est:
528 1420 635 1447 fratres
654 1424 683 1447 et
702 1419 790 1446 amici
809 1420 876 1456 ¹.¹¹⁰i³
895 1420 982 1447 dulce
1001 1421 1101 1448 lumen
1120 1422 1274 1449 oculorum
1291 1430 1425 1448 meorum
1442 1421 1662 1454 maximumque

283 1468 391 1504 pignus
409 1467 469 1494 mei
487 1466 596 1493 amoris
615 1470 644 1492 et
664 1465 819 1498 gaudium,
845 1465 946 1492 audite
969 1476 1016 1493 me
1036 1467 1144 1494 Clu-isti
1169 1477 1305 1499 servum,
1332 1471 1451 1493 sanctae
1470 1465 1663 1493 fraternitatis

284 1518 402 1541 vestrae
429 1511 664 1540 commilitonem
690 1515 719 1537 et
749 1510 872 1539 socium.
917 1510 1059 1544 cernitis,
1092 1513 1200 1546 quibus
1233 1511 1361 1539 mundus
1390 1511 1477 1538 malis
1511 1511 1663 1546 premitur,

284 1559 393 1593 quibus
412 1557 549 1585 cladibus
568 1560 750 1592 perurgetur,
768 1556 880 1589 ubique·
899 1556 978 1583 euim
998 1557 1103 1590 luctus,
1123 1557 1234 1591 ubique
1252 1567 1349 1592 pavor
1366 1562 1396 1584 et
1414 1556 1541 1592 plurima
1560 1556 1662 1583 mortis

285 1604 399 1636 imag03
435 1611 495 1630 non
520 1602 592 1629 haec
618 1610 701 1633 casu,
728 1601 782 1629 sed
806 1601 1051 1629 manifestissima
1072 1602 1127 1629 Dei
1151 1602 1194 1629 ira
1217 1602 1399 1635 contingunt.
1435 1601 1565 1628 Peccatis
1584 1601 1662 1628 enim

284 1649 438 1677 hominum
463 1647 518 1675 Dei
544 1647 689 1683 patientia
715 1647 891 1674 exacerbata
917 1656 1005 1674 versa
1030 1651 1075 1674 est
1101 1646 1132 1673 in
1156 1647 1302 1680 furorem,
1333 1647 1530 1674 mansuetudo
1563 1651 1608 1674 est
1632 1647 1663 1673 in

286 1694 478 1722 severitatem
490 1697 603 1720 mutata
622 1702 638 1720 a
657 1696 730 1725 Deo,
749 1697 781 1719 ut
800 1692 905 1719 mirum
925 1692 971 1726 sit,
991 1692 1072 1726 quod
1090 1692 1188 1719 adhuc
1206 1691 1313 1719 tolerat
1327 1691 1440 1719 leviora
1454 1691 1663 1727 peccatoribus

286 1739 432 1771 inserens,
458 1748 548 1772 quam
572 1742 737 1770 merentur,
765 1742 794 1764 et
819 1746 879 1764 nou
898 1737 973 1764 sicut
993 1737 1144 1771 quondam
1163 1737 1334 1764 Sodomitas
1354 1741 1383 1764 et
1402 1740 1596 1769 Gomorreos,
1621 1736 1662 1763 ita

286 1795 363 1812 nunc
389 1784 551 1812 sceleribus
578 1783 698 1818 plenam
723 1787 832 1810 terram
856 1782 1002 1810 imbribus
1029 1787 1131 1809 exurat
1156 1782 1319 1810 fulmineis.
1356 1784 1427 1809 Cum
1445 1782 1517 1809 haec
1535 1782 1576 1808 ita
1595 1781 1662 1811 sint,

285 1831 409 1862 fratres,
434 1838 495 1857 non
520 1828 664 1855 debemus
691 1827 729 1854 de
753 1827 858 1854 muudi
885 1827 1128 1862 percussionibus
1148 1827 1265 1860 dolere,
1292 1836 1380 1860 quem
1398 1827 1506 1854 scimus
1525 1826 1583 1861 ipsi
1601 1826 1661 1853 suis

286 1875 530 1911 percussionibus
555 1873 685 1902 interire.
720 1872 790 1900 Vita
814 1874 892 1899 euim
919 1873 977 1899 alia
1005 1882 1020 1900 a
1047 1871 1162 1899 christo
1186 1871 1333 1906 promissa
1352 1875 1413 1903 est,
1436 1872 1518 1904 cujus
1545 1870 1662 1897 duratio

286 1920 464 1948 inconvulsa
483 1924 571 1952 atque
590 1917 753 1945 immobilis
773 1922 926 1952 permanet
941 1917 1008 1944 finis
1022 1917 1130 1949 ignara,
1150 1915 1263 1942 doloris
1280 1915 1388 1947 nescia,
1406 1914 1437 1941 in
1451 1925 1507 1949 qua
1524 1915 1662 1947 gaudium

287 1971 333 1993 est
359 1970 387 1993 et
413 1965 563 2000 epulatio,
586 1964 638 1991 ubi
663 1964 751 1989 beata
775 1962 982 1989 immortalitas
1010 1967 1038 1988 et
1065 1961 1240 1988 immortalis
1266 1959 1439 1992 beatitudo,
1466 1960 1518 1986 ubi
1543 1965 1662 1987 aeterna

287 2011 429 2039 securitas
449 2015 478 2037 et
497 2018 599 2037 secura
618 2012 719 2040 regnat
737 2008 906 2036 aeternitas.
941 2011 1023 2034 Hanc
1041 2010 1248 2041 exspectantes
1266 2005 1393 2032 adversa
1416 2004 1509 2031 seculi
1534 2014 1592 2031 non
1611 2005 1663 2031 de-

288 2058 392 2084 bemus
411 2064 590 2090 pavescere,
617 2053 670 2080 sed
688 2053 781 2085 magis
800 2052 1090 2087 appropinquautem
1109 2055 1241 2077 nostram
1258 2049 1473 2076 redemtionem
1492 2050 1663 2077 exhilaratis

289 2101 429 2129 cordibus
453 2104 635 2134 exspectare.
670 2102 717 2125 Me
745 2099 770 2125 si
794 2101 962 2124 Deus¹1neo
988 2101 1060 2124 voto
1087 2104 1172 2128 agere
1197 2099 1225 2121 et
1259 2094 1421 2121 secundum
1454 2103 1552 2121 meum
1583 2094 1664 2122 velle

290 2147 393 2174 vivere
420 2145 544 2177 sineret,
574 2148 766 2179 optaveram,
799 2141 979 2170 sanctissimi
1002 2141 1124 2174 fratres,
1157 2140 1314 2168 vobiscum
1343 2139 1441 2166 onmia
1467 2139 1577 2166 saeculi
1602 2140 1647 2166 dis

291 2191 413 2219 crimina
436 2189 580 2226 perferre,
605 2197 808 2223 quaecumque
834 2196 990 2223 prospera,
1018 2195 1220 2220 quaecumque
1246 2185 1373 2212 adversa
1398 2183 1606 2217 contigissent,
1632 2185 1663 2211 in

292 2237 416 2264 tolerato
442 2234 600 2263 vobiscum
624 2235 732 2261 robore
756 2233 901 2261 sustinere
928 2237 957 2259 et
976 2232 1063 2260 simul
1083 2232 1230 2267 patienter
1246 2230 1350 2257 vivere
1368 2229 1514 2263 simulque
1533 2230 1663 2256 delecta-

290 2282 391 2309 biliter
409 2280 493 2308 mori.
530 2279 589 2307 Sed
608 2280 676 2313 quia
695 2287 754 2306 non
774 2283 818 2306 est
837 2278 867 2305 in
886 2277 1015 2305 hominis
1034 2281 1184 2313 potestate
1202 2276 1251 2304 via
1271 2277 1350 2309 ejus,
1376 2274 1430 2301 sed
1447 2274 1477 2301 iu
1495 2274 1593 2307 illius,
1612 2275 1663 2308 qui

293 2337 395 2359 magna
426 2325 643 2359 tranquillitate
672 2324 806 2359 disponit
837 2323 952 2356 omnia,
985 2331 1113 2356 quaeso,
1143 2331 1180 2349 ne
1206 2330 1253 2348 me
1278 2319 1405 2347 retinere
1430 2319 1541 2347 velitis.
1584 2323 1663 2347 Dens

291 2371 457 2408 praecepit,
484 2375 514 2397 ut
533 2379 690 2405 pergamus
709 2370 748 2396 ad
767 2369 894 2401 Gallias,
922 2377 1025 2403 parere
1045 2368 1205 2400 debemus,
1231 2366 1360 2393 eundum
1378 2369 1439 2396 θείς
1463 2373 1518 2392 vos
1538 2373 1606 2398 oro,
1632 2369 1664 2391 ut

292 2418 349 2445 mei
370 2417 494 2449 benigne
512 2423 657 2442 memores
677 2414 757 2446 sitis,
776 2413 844 2447 qnia
863 2418 892 2440 et
911 2422 978 2446 ego,
1005 2413 1075 2439 dum
1101 2412 1223 2448 spiritus
1249 2412 1305 2438 hoc
1328 2410 1440 2437 ''v—teum
1465 2409 1662 2436 inhabitando

291 2463 446 2490 vasculum
464 2460 663 2494 vegetaverit,
689 2468 744 2487 vos
770 2459 800 2486 in
824 2459 912 2486 corde
936 2467 1002 2485 meo
1022 2462 1051 2484 et
1077 2457 1107 2484 iu
1130 2456 1293 2484 visceribu‘
1354 2455 1412 2488 eis,
1437 2459 1525 2490 prout
1547 2455 1593 2483 fas
1619 2459 1663 2481 est

293 2513 321 2535 et
345 2507 449 2540 decet,
483 2516 601 2541 semper
633 2505 760 2532 habebo.
797 2507 875 2531 Deus
902 2508 1000 2531 autem
1026 2502 1216 2537 omnipotens
1242 2512 1267 2528 ν
1327 2504 1425 2527 sancta
1450 2509 1503 2528 sua
1529 2499 1664 2528 custodia

293 2552 496 2580 circumvallet
516 2555 602 2585 atque
629 2559 643 2576 a
672 2550 819 2585 praesenti
839 2549 958 2576 saeculo
977 2558 1104 2582 nequam
1123 2552 1239 2583 erepto‘
1295 2555 1369 2573 avos
1386 2545 1477 2573 faciat
1494 2545 1525 2572 in
1543 2553 1663 2577 regnum

294 2607 379 2624 suum
405 2597 534 2624 coeleste
560 2595 761 2628 concedatque
787 2595 859 2621 mihi
885 2595 991 2626 exiguo
1017 2598 1046 2620 et
1072 2592 1175 2619 humili
1198 2602 1214 2617 v
1241 2607 1253 2619 s
1277 2591 1308 2619 in
1325 2590 1376 2618 illa
1401 2591 1488 2617 beata
1513 2590 1576 2617 vita
1601 2589 1664 2616 sine

295 2642 469 2669 confusione
494 2642 607 2669 videre-
642 2644 722 2667 Haec
745 2640 846 2667 dicens
872 2640 978 2666 beatus
1002 2642 1087 2674 pater
1109 2640 1195 2665 Rom:
1217 2645 1259 2664 rus
1286 2640 1315 2663 et
1340 2635 1521 2663 valefaciens
1540 2633 1574 2661 iis
1595 2642 1664 2668 pro-

296 2685 389 2712 fectus
409 2692 452 2714 est
472 2696 505 2713 ac
524 2687 625 2713 relicta
645 2686 728 2713 ltalia
749 2685 874 2712 Galliam
895 2685 1042 2717 ingressus
1061 2692 1170 2719 perven
1188 2696 1198 2709 ι
1215 2681 1336 2708 tandem
1352 2681 1382 2708 in
1397 2689 1504 2715 pagum
1518 2678 1665 2706 Antissio-

296 2730 450 2757 ‹lorvnsvm
471 2731 498 2757 in
520 2731 633 2763 locum,
660 2731 710 2764 qui
735 2730 802 2758 sons
822 2739 908 2763 rogus
927 2729 1112 2765 appellatur,
1137 2739 1152 2755 u
1180 2728 1187 2755 i
1214 2727 1366 2761 aliquanto
1383 2730 1516 2760 tempore
1535 2731 1665 2751 commo-
