1742 3005
416 107 510 158 Cap.
532 108 684 146 CLXX.
733 108 791 146 De
823 115 957 146 sancto
991 108 1203 146 Clemente.
1424 109 1503 149 785

112 211 246 256 apertis
263 210 373 246 oculis
391 212 439 247 nil
453 211 621 248 videntem
641 217 674 249 et
694 211 778 247 nihil
800 214 938 259 penitus
960 213 1172 259 audientem,
1190 225 1333 262 cumque
1346 216 1504 253 Clemens

111 287 176 321 pro
202 286 244 311 eo
270 282 408 312 orasset
435 282 468 313 et
493 278 552 313 ille
578 279 732 313 auditum
760 284 794 313 et
819 279 932 315 lumen
959 283 1172 327 recepisset,
1199 281 1320 316 videns
1347 281 1505 318 Clemen-

110 346 177 377 tem
194 343 297 388 juxta
318 355 459 379 uxorem
481 355 578 379 suam
598 349 745 379 stantem
769 354 886 379 amens
908 346 1060 381 efficitur
1078 352 1111 381 et
1130 358 1167 382 sc
1194 347 1331 381 illusum
1356 349 1503 394 magicis

110 410 246 442 artibus
272 411 472 454 suspicatur
497 412 750 455 praecepitque
782 413 893 445 servis
920 412 1005 451 suis,
1033 416 1067 445 ut
1095 417 1254 446 tenerent
1282 412 1502 455 Clementem,

111 472 250 509 dicens:
284 479 320 509 ut
345 475 594 521 ingrederetur
618 475 662 509 ad
691 486 831 509 uxorein
859 485 985 517 meam,
1018 478 1164 522 magicis
1190 476 1326 511 artibus
1355 489 1407 512 me
1442 490 1504 513 ex-

110 542 282 577 caecavit.
329 540 582 585 Praecepitque
607 540 798 580 ministriS,
835 544 871 573 ut
909 539 1117 575 Clementem
1152 541 1307 585 ligarent
1343 547 1377 577 et
1410 543 1503 589 liga-

109 609 180 640 tum
206 606 397 641 traherent.
447 606 493 640 At
517 605 571 639 illi
596 606 750 651 ligantes
777 604 956 640 columnas
979 607 1139 651 jacentes
1168 611 1201 641 et
1216 617 1303 642 saxa
1320 608 1502 652 putabant,

108 672 201 705 sieut
227 673 327 705 etiam
358 671 512 705 Sisinnio
540 670 740 712 videbatur,
775 670 868 716 quod
902 676 1057 706 sanctum
1086 672 1293 707 Clementem
1327 683 1402 707 cum
1430 676 1503 709 suis

109 735 249 771 clericis
281 735 462 771 traherent
498 740 532 771 et
564 736 731 782 ligarent.
782 736 880 770 Tunc
920 736 1078 772 Clemens
1114 737 1270 772 Sisinnio
1304 741 1376 773 ait:
1422 742 1504 785 quia

109 811 197 836 saxa
221 802 313 837 Deos
341 801 451 844 dicis,
490 812 578 836 saxa
609 802 749 836 trahere
787 803 956 836 meruisti.
1007 802 1070 837 Ille
1108 807 1221 838 autem
1250 814 1331 838 vere
1358 816 1432 839 eum
1459 806 1502 839 li—

108 871 227 913 gatum
257 869 462 902 existimans
489 870 558 901 ait:
585 878 651 913 ego
679 872 712 902 te
740 868 882 902 inter-lici
912 868 1048 902 faciam.
1099 868 1259 903 Clemens
1287 874 1399 904 autem
1425 871 1505 906 iude

108 932 304 968 abscedens
340 932 566 968 Theodoram
603 935 760 979 rogavit,
804 944 846 967 ne
889 933 932 966 ab
978 934 1137 968 oratione
1174 939 1351 976 cessaret,
1394 936 1504 971 donec

109 999 217 1033 virum
261 1009 358 1033 suum
405 998 564 1033 dominus
611 1000 779 1033 visitaret.
830 998 953 1032 Oranti
989 1000 1098 1044 igilur
1131 998 1344 1034 Theodorac
1379 1000 1504 1037 Petrus

109 1065 292 1109 apostolus
318 1065 483 1109 apparuit
509 1063 649 1098 dicens:
677 1075 739 1108 per
765 1068 797 1099 te
825 1066 875 1097 vii·
900 1069 979 1098 tuus
1007 1064 1213 1107 salvabitur,
1241 1069 1278 1099 ut
1303 1067 1502 1111 impleatur,

109 1130 202 1175 quod
228 1129 316 1164 dixit
343 1129 454 1164 frater
478 1139 574 1164 meus
599 1129 740 1171 Paulus,
767 1129 965 1163 salvabitur
991 1131 1042 1163 vir
1066 1130 1216 1164 inlidelis
1242 1142 1306 1175 per
1327 1132 1503 1168 mulierem

107 1195 262 1238 fidelem,
290 1200 324 1230 et
352 1195 420 1230 hoc
444 1195 565 1230 dicens
592 1195 777 1230 abscessit.
827 1195 1022 1240 Statimque
1043 1194 1218 1230 Sisinnius
1237 1207 1378 1232 uxorem
1406 1209 1502 1233 suam

108 1260 154 1296 ad
181 1272 219 1296 se
245 1263 382 1296 vocavit
407 1261 614 1303 obsecrans,
644 1265 680 1295 ut
708 1272 770 1306 pro
797 1271 835 1295 se
854 1265 973 1295 oraret
995 1265 1027 1295 et
1052 1266 1206 1295 sanctum
1230 1262 1438 1299 Clementem
1458 1265 1503 1299 ad

112 1337 152 1362 se
179 1332 333 1362 vocaret.
384 1327 450 1367 Qui
474 1337 548 1361 cum
578 1328 742 1368 venisset,
770 1328 880 1372 ipsum
908 1328 942 1361 in
969 1326 1036 1361 fide
1066 1329 1232 1362 instruxit
1267 1333 1301 1363 et
1326 1340 1400 1364 eum
1429 1341 1503 1365 cum

29 1367 134 1382 χ

112 1378 281 1428 CCCXIII
305 1393 348 1428 de
375 1392 476 1427 domo
503 1403 567 1427 sua
592 1393 794 1437 baptizavit.
844 1392 911 1427 Per
935 1392 1024 1427 hunc
1050 1398 1164 1427 autem
1192 1393 1381 1429 Sisinnium
1408 1396 1506 1431 multi

107 1458 245 1493 nobiles
287 1463 322 1493 et
358 1460 460 1492 amici
492 1457 630 1493 Nervae
673 1459 894 1503 imperatoris
931 1458 1071 1493 domino
1108 1459 1343 1496 crediderunt.
1404 1460 1503 1496 Tunc

107 1535 224 1559 comes
252 1534 433 1558 sacrorum
460 1526 640 1570 pec-uniam
665 1524 782 1558 multis
811 1524 906 1559 dedit
927 1530 960 1560 et
977 1529 1098 1559 contra
1116 1529 1272 1559 sanctum
1293 1525 1502 1561 Clementem

107 1591 315 1626 seditionem
343 1593 523 1625 maximam
550 1591 727 1625 excitavit.
779 1589 878 1624 Tunc
912 1590 1142 1625 Mamertinus
1177 1590 1273 1624 urbis
1300 1592 1501 1636 praefectus

107 1656 231 1702 populi
268 1656 474 1692 seditionem
509 1658 690 1691 maximam
725 1667 792 1690 non
827 1656 944 1690 ferens
978 1655 1022 1689 ad
1055 1666 1094 1690 se
1129 1655 1339 1692 Clementem
1374 1657 1503 1692 adduci

108 1721 204 1760 fecit.
253 1722 359 1763 Quem
389 1733 462 1757 cum
490 1723 721 1769 redargueret
747 1726 781 1757 et
807 1721 853 1756 ad
874 1732 912 1756 se
936 1721 1104 1756 inclinare
1124 1726 1325 1764 attentaret,
1354 1723 1413 1758 ille
1431 1726 1500 1759 ait:

109 1793 271 1833 optarem
296 1792 331 1823 te
359 1788 402 1823 ad
432 1790 600 1823 rationem
628 1788 816 1830 accedere,
852 1798 929 1822 nam
965 1790 995 1822 si
1031 1798 1135 1823 canes
1169 1788 1264 1822 multi
1293 1794 1414 1823 contra
1438 1801 1502 1825 nos

107 1854 314 1889 latraverint
341 1859 374 1889 et
400 1853 574 1888 morsibus
600 1856 886 1896 attrectaverint,
918 1865 1092 1899 nunquam
1125 1854 1192 1888 hoc
1225 1854 1326 1889 nobis
1361 1855 1502 1891 auferre

108 1923 279 1965 possunt,
307 1919 400 1966 quod
423 1931 488 1955 nos
515 1930 632 1954 sumus
659 1920 892 1955 rationabiles
917 1920 1075 1955 homines
1103 1925 1135 1955 et
1161 1922 1229 1965 ipsi
1255 1925 1334 1955 sunt
1361 1914 1501 1955 irratio-

108 1985 246 2021 nabiles
274 1996 401 2028 canes,
436 1985 566 2020 seditio
605 1990 720 2021 autem
748 1985 792 2020 ab
827 1987 998 2031 imperitis
1026 1991 1148 2021 exorta
1174 1986 1329 2021 ostendit
1353 1996 1392 2021 se
1416 1986 1503 2020 nihil

111 2050 244 2085 habere
269 2055 398 2085 certum
425 2051 479 2085 vel
506 2062 634 2086 verum.
684 2051 784 2086 Tune
810 2051 1040 2086 Mamertinus
1066 2051 1108 2085 de
1137 2062 1178 2085 eo
1206 2051 1364 2095 Trajano
1390 2052 1502 2095 impe-

110 2117 221 2151 ratori
246 2115 404 2150 scribens
431 2126 637 2161 responsum
665 2118 819 2160 accepit,
852 2116 945 2161 quod
971 2120 1030 2150 aut
1057 2116 1280 2150 sacrificaret
1311 2119 1370 2148 aut
1404 2119 1502 2148 trans

109 2187 253 2228 pontum
280 2183 385 2216 maris
412 2183 446 2215 in
472 2192 610 2224 eremo,
648 2181 742 2227 quod
776 2181 918 2227 adjacet
949 2182 1081 2216 civitati
1112 2180 1357 2223 ¹)Tersonae‚
1390 2182 1504 2225 ipsum

114 2249 150 2282 in
177 2247 337 2282 exsilium
365 2249 527 2290 mitteret.
578 2247 679 2282 Tunc
712 2247 915 2292 praetectus
949 2247 1118 2282 Clementi
1149 2257 1223 2281 cum
1248 2245 1411 2290 lacrymis
1437 2247 1506 2281 ait:

109 2312 206 2359 Deus
239 2317 345 2357 tuus,
378 2324 478 2359 quem
513 2323 600 2358 pure
633 2313 740 2356 eolis,
776 2314 853 2358 ipse
888 2318 923 2348 te
956 2313 1110 2358 adJuvet.
1160 2311 1364 2348 Praefectus
1391 2315 1505 2346 autem

113 2379 147 2413 ei
173 2388 296 2412 navem
319 2379 445 2414 ⁴tribuit
472 2383 507 2421 et
532 2380 648 2413 omnia
671 2381 876 2414 necessaria
900 2380 1130 2420 ministravit,
1166 2377 1262 2412 multi
1296 2380 1408 2410 autem
1436 2376 1506 2411 cle-

112 2444 178 2478 rici
221 2447 256 2478 et
296 2442 378 2478 laici
410 2445 523 2488 ipsum
555 2445 591 2477 in
626 2445 786 2478 exsilium
823 2449 903 2479 sunt
933 2446 1054 2480 secuti.
1103 2443 1288 2478 Profectus
1326 2445 1440 2475 autem
1471 2443 1506 2475 in

111 2508 259 2543 insulam
296 2509 429 2543 invenit
466 2508 514 2542 ibi
550 2508 628 2553 plus
661 2519 762 2554 quam
805 2509 872 2544 duo
915 2510 1026 2544 millia
1063 2508 1332 2543 christianorum
1376 2505 1506 2540 ibidem

107 2573 311 2619 jamdudum
329 2573 372 2607 ad
398 2573 552 2608 secanda
571 2583 745 2609 marmora
769 2575 1020 2617 damnatorum,
1047 2575 1104 2619 qui
1123 2568 1277 2607 sanctum
1297 2571 1505 2606 Clementem

111 2638 274 2674 videntes
308 2641 422 2674 statim
461 2640 495 2672 in
521 2638 635 2672 fletum
663 2644 697 2673 et
720 2639 892 2685 lacrymas
919 2643 1165 2685 proruperunt.
1215 2637 1310 2678 Quos
1335 2636 1395 2672 ille
1420 2646 1504 2672 con-

180 2718 341 2752 1)1·:‹l.1²r.
362 2719 524 2747 erisona
537 2728 552 2743 e
572 2717 654 2749 legit,

1179 2772 1225 2804 50
