1742 3005
325 125 420 176 Cap,
462 124 630 163 CXLVI.
688 124 746 162 De
777 131 907 162 sancto
938 125 1181 173 HieronymO.
1367 123 1446 164 653

63 231 270 272 corruisset,
304 230 421 274 tetigit
452 239 527 265 eum
563 227 712 275 angelus
745 227 883 263 dicens:
921 228 993 262 noli
1024 229 1165 269 timere,
1203 238 1271 273 pax
1295 227 1380 272 tihi,
1414 232 1448 264 et

62 295 262 330 confortare
291 298 326 329 et
350 299 426 329 esto
453 294 639 337 rohustus3
674 292 826 329 seeundo
861 293 904 327 ab
938 294 1157 338 impatientia
1191 294 1446 337 conservando,

62 360 208 395 Psalm.:
243 360 381 406 angelis
416 362 489 394 suis
515 360 692 394 mandavit
717 359 760 394 de
785 364 820 394 te
847 363 909 394 etc.
958 358 996 392 In
1020 358 1177 393 manibus
1202 359 1390 403 portabunt
1413 363 1447 394 to

61 430 147 469 etc.;
184 428 289 461 tertio
317 428 427 471 ipsam
452 426 712 460 tribulationem
740 423 985 469 refrigerando
1017 427 1052 457 et
1080 424 1284 466 minuendo,
1319 429 1353 459 et
1379 425 1446 460 hoe

60 493 222 537 signatur
248 492 335 527 Dan.
359 490 422 534 ΙΙΙ,
450 491 509 525 ubi
528 490 676 536 angelus
695 490 823 523 domini
846 499 920 522 cum
938 488 1049 522 trihus
1068 489 1186 532 pueris
1209 490 1242 521 in
1270 488 1443 525 fornacem

61 556 243 592 descendit
268 561 302 592 et
327 556 408 592 fecit
436 555 582 591 medium
610 554 762 588 fornacis
788 554 889 598 quasi
918 557 1053 588 ventum
1079 554 1170 587 roris
1197 553 1350 590 flantem.

499 877 624 939 CAP.
661 877 838 939 cml.
873 877 1012 940 (141.)

272 979 382 1023 De
430 979 689 1024 sancto
741 977 1231 1032 Hieronymo.

147 1085 375 1131 Hieronymus
396 1086 522 1120 dicitur
547 1096 567 1120 a
583 1096 700 1132 gerar,
729 1086 820 1131 quod
847 1092 901 1122 est
926 1091 1095 1130 sanetum,
1122 1091 1157 1121 et
1182 1096 1316 1128 nemus,
1344 1087 1445 1130 quasi

59 1156 214 1186 sanetum
246 1162 387 1194 nemus,
423 1151 478 1186 vel
516 1162 637 1195 noma,
676 1152 769 1197 quod
804 1157 857 1188 est
896 1153 962 1188 lex.
1029 1152 1126 1187 Unde
1163 1152 1289 1186 dicitur
1325 1152 1358 1184 in
1393 1150 1444 1185 le-

56 1216 176 1264 genda
208 1227 290 1260 sua,
327 1217 419 1262 quod
453 1217 680 1263 Hieronymus
714 1220 966 1264 interpretatur
1000 1227 1101 1252 sacra
1133 1217 1201 1252 lex.
1251 1216 1330 1250 Fuit
1356 1217 1444 1250 enim

57 1287 220 1326 sanetus,
252 1283 287 1318 id
321 1287 375 1318 est
404 1283 520 1318 firmus
555 1283 609 1318 vel
635 1283 780 1318 mundus
807 1285 860 1319 vel
888 1285 1060 1329 sanguine
1092 1285 1242 1325 tinctus,
1278 1282 1332 1316 vel
1365 1282 1443 1316 usui

57 1359 161 1384 sacro
184 1349 384 1395 deputatus,
406 1351 499 1383 sicut
520 1359 606 1384 vasa
621 1350 741 1394 templi
761 1349 969 1384 dicebantur
991 1354 1123 1391 sancta,
1145 1350 1227 1394 quia
1245 1357 1346 1382 sacro
1365 1348 1445 1381 usui

57 1414 236 1460 deputata.
284 1414 364 1448 Fuit
390 1416 479 1448 enim
505 1419 667 1457 sanctus,
699 1415 734 1448 id
760 1419 813 1450 est
844 1414 960 1449 firmus
986 1417 1021 1448 in
1045 1415 1137 1449 hono
1165 1424 1272 1458 opere
1299 1417 1446 1458 propter

56 1480 342 1525 perseverantiae
366 1480 666 1525 longanimitatem
694 1485 727 1514 et
751 1480 898 1515 mundus
917 1482 949 1514 in
971 1484 1083 1515 mente
1111 1491 1174 1524 per
1199 1480 1385 1524 puritatem
1409 1482 1445 1512 et

57 1547 228 1591 sanguine
249 1547 377 1578 tinctus
396 1555 459 1589 per
484 1545 677 1580 dominicae
698 1547 876 1591 passionis
894 1546 1165 1587 meditationem,
1198 1547 1346 1588 ¹)sacr0
1364 1544 1443 1578 usui

57 1610 245 1655 deputatus
275 1620 339 1654 per
365 1611 560 1654 scripturae
585 1620 708 1646 sacrae
746 1612 1001 1656 expositionem
1036 1615 1069 1646 et
1106 1611 1441 1655 interpretationem.

55 1676 192 1711 Dieitur
217 1680 252 1710 et
274 1685 394 1711 nemus
421 1685 443 1710 a
468 1687 628 1720 nemore,
663 1676 723 1710 ubi
749 1677 938 1722 aliquando
967 1681 1197 1711 conversatus
1223 1675 1300 1718 suit,
1328 1679 1361 1709 et
1386 1674 1443 1710 lex

56 1745 202 1786 propter
219 1741 418 1787 regularem
445 1742 675 1787 disciplinam,
703 1752 802 1787 quam
828 1742 1019 1777 monachos
1039 1753 1121 1776 suos
1145 1741 1265 1776 docuit
1286 1740 1340 1775 vel
1361 1741 1444 1785 quia

56 1816 191 1842 sacram
210 1807 323 1853 legem
342 1809 505 1852 exposuit
524 1812 558 1843 et
576 1809 826 1853 interpretatus
842 1808 919 1843 fuit.
966 1808 1195 1853 Hieronymus
1212 1809 1314 1843 etiam
1332 1808 1441 1841 inter-

55 1876 215 1917 pretatur
245 1874 336 1907 visio
370 1872 638 1918 pulchritudinis
671 1875 725 1909 vel
760 1874 958 1920 dijudicans
984 1874 1194 1908 locutiones.
1241 1872 1305 1907 Est
1328 1877 1443 1908 autem

0 1967 1 1977 ,
56 1937 237 1983 multiplex
268 1937 509 1984 pulchritudo:
541 1941 653 1985 prima
691 1945 746 1975 est
777 1940 990 1985 spiritualis,
1027 1949 1117 1985 quae
1152 1943 1207 1974 est
1240 1940 1275 1972 in
1306 1939 1442 1978 anima;

57 2001 213 2036 secunda
246 2004 409 2047 moralis,
451 2015 541 2051 quae
576 2007 738 2040 consistit
771 2007 805 2039 in
837 2005 1023 2040 honestate
1056 2015 1205 2047 morum;
1244 2005 1350 2040 tertia
1389 2005 1440 2038 in-

55 2066 291 2109 tellectualis,
322 2078 414 2112 quae
445 2074 500 2103 est
530 2070 754 2114 pulchritudo
789 2070 970 2115 angelica3
1009 2073 1136 2114 quarta
1167 2070 1441 2113 supersubstan-

55 2131 173 2174 tialis,
213 2141 302 2177 quae
333 2139 388 2168 est
423 2131 564 2175 divina3
597 2134 718 2177 quinta
746 2134 934 2175 eoelestis,
971 2143 1060 2179 quae
1096 2137 1150 2167 est
1184 2136 1381 2167 sanctorum
1406 2134 1441 2166 in

54 2198 184 2241 patria.
231 2196 328 2232 Hane
353 2197 601 2243 quintuplicem
633 2197 922 2242 pulchritudinem
954 2197 1180 2242 Hieronymus
1217 2199 1252 2232 in
1283 2208 1323 2232 se
1356 2197 1443 2232 vidit

56 2265 92 2298 et
115 2261 255 2305 habuit,
280 2272 358 2297 nam
384 2262 507 2297 habuit
531 2263 747 2307 spiritualem
786 2264 821 2298 in
855 2265 1018 2299 virtutum
1055 2265 1247 2306 varietate,
1275 2263 1439 2298 moralem

54 2327 91 2361 in
116 2328 210 2362 vitae
233 2327 438 2369 honestate,
474 2327 743 2364 intellectualem
769 2330 804 2363 in
832 2314 1017 2365 excellenti
1041 2330 1214 2374 puritate,
1249 2329 1439 2374 supersub-

55 2392 253 2428 stantialem
276 2394 312 2427 in
336 2392 472 2427 ardenti
495 2395 655 2438 caritate,
681 2394 868 2430 coelestem
895 2396 930 2429 in
956 2399 1101 2430 aeterna
1127 2395 1181 2430 vel
1200 2396 1234 2428 in
1256 2393 1440 2428 excellenti

55 2459 215 2493 caritate.
260 2458 474 2504 Dijudieavit
505 2460 607 2494 etiam
630 2449 825 2495 locutiones
857 2462 933 2496 sive
957 2461 1087 2503 verba,
1118 2464 1188 2495 tam
1220 2470 1304 2502 sua,
1337 2468 1439 2504 quam

56 2522 227 2566 aliorum3
269 2533 333 2558 sua
367 2525 562 2559 examinate
603 2525 838 2570 proferendo,
880 2526 1027 2561 aliorum
1066 2535 1152 2562 vera
1191 2523 1438 2566 confirmando,

56 2585 150 2623 salsa
173 2588 404 2632 confutando,
431 2589 538 2624 dubia
562 2599 647 2625 vero
675 2591 892 2636 exponendo.

124 2731 149 2765 ι)
167 2731 282 2760 Verba:
311 2741 421 2761 sacro
440 2749 472 2753 —
492 2733 877 2770 interpretationem
896 2735 1007 2764 omittit
1024 2735 1079 2766 Ed.
1097 2739 1142 2767 Pr,
