1742 3005
177 101 274 150 Cap.
304 100 368 137 lx.
427 99 485 137 De
517 107 647 136 sancto
677 98 850 136 Johanne
882 99 1056 149 apostolo
1081 107 1115 135 et
1150 100 1393 150 evangelista.
1454 102 1505 139 57

121 203 233 238 silium
258 203 443 249 relegavit,
470 202 528 237 ubi
555 202 651 237 solus
676 202 807 249 degens
831 202 1058 247 apocalipsim
1086 205 1238 248 scripsit.
1267 203 1396 239 Eodem
1417 215 1505 239 anno

119 271 309 314 imperator
344 272 488 314 propter
521 270 573 302 sui
609 270 745 302 nimiam
781 268 1021 303 crudelitatem
1061 269 1228 303 occiditur
1265 274 1297 304 et
1323 280 1342 304 a
1369 277 1504 310 senatu,

121 334 290 380 quidquid
319 334 461 376 fecerat,
490 337 674 368 revocatur
698 336 817 379 sieque
842 334 967 368 sactum
995 338 1059 376 est,
1088 339 1123 369 ut
1148 339 1287 369 sanctus
1314 335 1503 377 Joliannes,

122 402 179 446 qui
204 410 277 435 enm
304 401 431 446 injuria
459 401 492 433 in
521 399 668 433 insulam
698 400 902 445 deportatus
933 400 1057 438 suc-rat,
1087 411 1159 434 cum
1186 401 1317 436 honore
1331 400 1505 446 Ephesum

122 466 268 508 rediret,
320 470 521 502 oeetn·rente
548 467 578 500 ei
607 467 769 500 universa
795 464 895 499 turba
924 469 957 499 et
982 465 1136 500 dicente:
1186 466 1409 509 benedictus,
1450 470 1505 513 qui

121 535 213 567 venit
237 535 270 566 in
296 534 431 567 nomine
455 531 593 565 domini.
644 530 726 564 Cum
754 534 867 564 autem
892 530 1136 576 ingrederetur
1162 531 1300 574 urbem,
1334 532 1505 567 Drusiana

121 599 196 643 ejus
221 598 400 637 dilectrix,
438 605 527 641 quae
554 606 650 629 51111111
678 595 857 641 plurimum
882 595 1106 630 desiderabat
1132 596 1336 640 adventum,
1374 603 1506 633 mortua

121 662 341 698 efferebatur.
414 662 580 697 Parentes
611 663 717 707 igitur
754 663 829 707 ejus
864 660 988 696 viduae
1026 665 1059 696 et
1089 661 1236 706 orphani
1271 663 1430 698 dixerunt
1456 668 1505 700 ei:

122 733 241 764 sanc-te
267 728 468 771 Johannes,
495 737 574 763 eece
601 727 808 762 Drusianain
838 727 1035 770 efferimus,
1066 738 1155 773 quam
1180 730 1248 763 tuis
1274 740 1411 775 semper
1434 742 1508 765 mo-

119 795 199 829 nitis
225 794 466 829 obsecundans
500 803 563 828 nos
594 803 711 828 omnes
746 792 864 827 alebat
890 797 1052 839 tuumque
1078 794 1259 839 plurimum
1285 795 1509 832 desiderabat

120 859 303 895 adventum
340 859 477 895 dicens:
527 870 546 893 o
574 861 603 893 si
630 859 765 894 videam
791 859 987 904 apostolum
1013 858 1097 901 Dei,
1152 864 1339 906 antequam
1365 864 1504 897 moriar.

121 925 209 961 Eece
235 930 272 960 tu
298 927 423 961 venisti
449 930 482 960 et
506 930 539 960 te
568 925 687 960 videre
712 935 778 959 non
807 926 930 969 potuit.
1002 924 1099 959 Tunc
1121 927 1229 971 jussit
1255 928 1419 962 feretrum
1447 928 1507 963 de—

122 994 202 1037 poni
229 996 263 1042 et
284 1001 410 1036 corpus
434 991 565 1026 resolvi
591 991 730 1025 dicens:
774 991 929 1025 deminus
964 1001 1058 1025 meus
1083 988 1186 1027 Jesus
1213 992 1371 1027 Christus
1398 996 1508 1028 susci—

121 1063 171 1094 tet
196 1062 229 1093 te
245 1086 253 1101 ,
297 1057 491 1100 Drusiana,
528 1068 634 1103 surge
660 1061 694 1092 et
721 1056 808 1091 vade
834 1058 869 1090 111
893 1056 1027 1091 (1011111111
1055 1061 1147 1092 tuam
1174 1062 1207 1093 et
1229 1069 1317 1103 para
1344 1059 1425 1093 1111111
1453 1071 1507 1094 re—

121 1124 315 1160 sectionem.
386 1123 510 1158 Statim
545 1123 607 1157 illa
639 1124 792 1157 surrexit
822 1126 856 1157 et
887 1125 1003 1168 eoepit
1028 1125 1079 1158 ire
1105 1124 1256 1159 sollicita
1283 1125 1325 1160 de
1346 1127 1508 1170 jussione

121 1191 293 1236 apostoli,
331 1191 381 1224 ita
405 1192 442 1223 ut
466 1188 532 1223 sibi
557 1188 754 1230 videretur7
790 1188 882 1234 quod
908 1200 975 1223 non
1005 1189 1047 1224 de
1072 1194 1202 1232 morte,
1231 1191 1291 1226 sed
1318 1191 1360 1226 de
1386 1202 1506 1226 somno

119 1258 309 1292 excitasset
334 1266 421 1291 eam.
455 1275 498 1282 —
523 1275 568 1281 -——-
598 1258 638 1292 ἓ.
674 1254 797 1289 Altera
830 1259 942 1290 autem
982 1256 1036 1291 die
1065 1256 1193 1291 Craton
1218 1256 1448 1302 philosophus
1475 1259 1507 1291 in

122 1323 197 1357 foro
223 1321 386 1368 populum
410 1322 635 1363 convocavit,
670 1324 705 1354 ut
730 1320 949 1363 ostenderet,
977 1321 1148 1366 quomodo
1173 1321 1228 1356 hic
1254 1322 1399 1356 mundus
1426 1333 1506 1356 eon-

120 1387 322 1424 temnendus
349 1391 454 1422 esset.
510 1386 605 1421 Duos
633 1387 721 1421 enim
747 1386 937 1420 ditissimos
960 1388 1110 1432 Juveues
1138 1387 1266 1422 fratres
1292 1389 1508 1432 pretiosissi-

122 1464 196 1489 mas
220 1462 374 1500 gemmas
397 1451 566 1486 distracto
591 1456 665 1486 toto
692 1453 901 1496 patrimonio
928 1463 1041 1487 emere
1071 1452 1214 1496 fecerat,
1243 1457 1275 1488 et
1302 1463 1362 1488 eas
1375 1455 1409 1488 111
1425 1464 1506 1487 eon-

122 1523 242 1565 spectu
269 1521 417 1553 omnium
443 1518 615 1563 confringi
637 1519 807 1563 Jusserat.
878 1518 1033 1564 Contigit
1066 1521 1175 1565 igitur
1201 1519 1399 1564 apostolum
1420 1519 1508 1553 illuc

120 1587 302 1620 transitum
337 1584 452 1618 facere
491 1593 688 1628 vocansque
723 1583 766 1617 ad
803 1594 841 1617 se
879 1584 1124 1629 philosophum
1163 1585 1359 1629 hujusmodi
1393 1585 1507 1618 mundi

121 1654 328 1685 contemtum
354 1649 483 1694 triplici
517 1651 652 1684 ratione
678 1649 930 1684 condemnavit.
986 1650 1099 1685 Primo
1138 1653 1219 1696 quia
1246 1661 1307 1684 ore
1334 1650 1506 1684 11011111111111

122 1716 301 1758 laudatur,
351 1715 411 1751 sed
450 1715 567 1750 divino
599 1715 734 1762 judicio
769 1715 1035 1758 condemnatur-3
1086 1716 1237 1751 seeundo
1273 1718 1356 1762 quia
1380 1728 1422 1751 ex
1447 1716 1507 1750 tali

73 1796 77 1800 ‘
122 1778 296 1818 contemtu
320 1784 437 1817 vitiiun
463 1793 531 1816 non
557 1786 699 1817 curatur
725 1785 758 1816 et
784 1781 862 1817 ideo
889 1792 997 1817 vanus
1024 1786 1089 1825 est,
1118 1784 1207 1817 sieut
1230 1782 1401 1817 medicina
1418 1793 1508 1817 vana

123 1848 268 1891 dieitur,
306 1858 348 1884 ex
376 1857 446 1893 qua
470 1847 610 1882 morbus
636 1858 856 1893 nequaquam
880 1852 1040 1890 curatur-3
1079 1850 1184 1883 tertio
1211 1851 1292 1894 quia
1317 1853 1508 1883 contemtus

123 1915 320 1949 meritorius
345 1918 419 1956 est,
455 1915 515 1960 qui
541 1924 605 1948 sua
631 1913 845 1959 pauperibus
871 1914 1062 1959 elargitur,
1096 1916 1185 1949 sicut
1210 1914 1367 1948 dominus
1388 1916 1509 1960 juveni

125 1979 231 2013 dixit:
256 1981 292 2023 ‚si
316 1981 370 2014 vis
399 1979 575 2024 perfectus
601 1990 698 2022 esse,
728 1979 818 2014 vade
846 1984 880 2015 et
904 1979 1015 2014 vende
1040 1981 1176 2023 omnia,
1203 1990 1292 2026 quae
1318 1980 1449 2023 habes,
1476 1984 1509 2014 et

123 2045 169 2079 da
194 2044 419 2093 pauperibus.
468 2045 531 2080 Cui
556 2045 686 2080 Craton
712 2045 819 2080 dixit:
871 2048 902 2080 si
929 2056 1011 2081 vere
1037 2046 1130 2080 Deus
1155 2049 1326 2093 magister
1352 2051 1431 2080 tuus
1458 2050 1511 2081 est

124 2115 159 2146 et
184 2110 277 2153 vult,
312 2115 349 2145 ut
373 2110 494 2146 harum
518 2121 727 2158 gemmarum
756 2113 903 2157 pretium
930 2112 1146 2157 pauperibus
1171 2117 1358 2159 erogetur,
1395 2112 1451 2146 sao
1477 2116 1511 2146 ut

107 2186 113 2191 ⁷·
124 2179 401 2223 reintegrentur,
458 2182 495 2212 ut
519 2178 564 2212 ad
590 2179 666 2224 ejus
695 2178 804 2212 facias
830 2179 1002 2225 gloriam,
1054 2178 1146 2223 quod
1172 2189 1239 2224 ego
1265 2178 1310 2212 ad
1335 2177 1508 2213 hominum

125 2242 191 2276 feei
217 2243 352 2278 samam.
429 2243 683 2300 Tuncsbeatus
707 2243 884 2280 Johannes
908 2254 1120 2290 gemmarum
1149 2245 1346 2291 fragmenta
1370 2246 1404 2278 in
1438 2253 1510 2277 ma-

125 2317 204 2340 num
238 2317 335 2342 suam
367 2309 578 2355 recolligens
613 2311 748 2351 oravit,
793 2315 828 2344 et
855 2310 969 2345 sactae
994 2315 1074 2345 sunt
1100 2312 1259 2356 integrae
1286 2312 1375 2344 sieut
1400 2310 1508 2353 prius,

125 2373 312 2416 statimque
345 2372 576 2418 philosophus
611 2379 645 2410 et
677 2375 726 2410 illi
761 2375 828 2410 duo
859 2377 1008 2421 juvenes
1043 2375 1264 2410 crediderunt
1299 2379 1333 2409 et
1356 2383 1510 2419 gemmas

128 2437 315 2472 rendentes
350 2439 497 2482 pretium
533 2440 748 2485 pauperibus
782 2445 985 2486 erogarunt.
1020 2460 1065 2465 —-
1098 2460 1142 2465 —
1180 2443 1223 2476 3.
1261 2440 1336 2473 Duo
1370 2440 1512 2483 insuper

122 2504 272 2547 juvenes
306 2502 466 2537 honorati
500 2503 620 2538 horum
657 2506 816 2549 exemplo
854 2505 1002 2540 venditis
1042 2504 1199 2538 omnibus
1233 2508 1267 2538 et
1298 2502 1510 2548 pauperibus

126 2570 282 2614 erogatis
307 2569 502 2613 apostolum
529 2574 608 2603 sunt
630 2572 750 2604 secuti.
809 2570 963 2609 Quadam
990 2574 1105 2604 autem
1130 2569 1184 2604 die
1212 2569 1366 2604 videntes
1388 2579 1510 2604 servos

127 2644 208 2668 suos
239 2636 402 2678 pretiosis
430 2634 638 2669 indumentis
668 2635 862 2678 fulgentes.
890 2637 922 2668 111
951 2646 1016 2668 uno
1045 2645 1127 2669 vero
1154 2636 1260 2680 pallio
1289 2646 1326 2670 se
1353 2640 1509 2679 egentes.

125 2701 322 2734 contristari
351 2704 549 2745 coeperunt.
599 2699 697 2740 Quod
724 2710 797 2734 eum
824 2704 964 2734 sanctus
990 2700 1167 2737 ,lohannes
1194 2700 1426 2738 advertisset,
1470 2712 1511 2734 eo

934 2756 948 2766 κ
