1742 3005
367 119 464 171 Cap.
498 118 647 157 CLXX.
714 119 773 156 De
803 124 934 155 sancto
967 117 1181 155 Clemente.
1386 113 1462 155 781

77 226 196 260 matris
235 224 338 260 ruunt
372 229 406 260 et
442 236 516 261 eam
554 225 711 260 erebrius
749 225 964 260 osculantur.
1011 225 1057 258 At
1089 223 1151 257 illa
1182 222 1248 256 ait:
1286 221 1369 266 quid
1394 222 1465 256 vult

75 291 141 326 hoe
166 292 272 326 esse?
319 291 373 327 Ad
400 302 501 337 quam
527 291 669 327 Petrus:
696 293 754 326 isti
778 294 858 325 sunt
876 290 936 323 filii
963 290 1010 323 tui
1034 288 1220 323 Faustinus
1245 292 1279 323 et
1299 287 1462 329 Faustus,

75 368 163 403 quos
196 359 229 391 in
261 359 347 392 mari
380 360 530 403 periisse
567 357 728 402 putabas.
777 356 869 391 Haec
901 355 1048 390 audiens
1089 358 1200 389 mater
1239 364 1325 399 prae
1359 356 1464 389 nimio

74 423 207 469 gaudio
240 424 332 458 velut
365 433 482 458 amens
518 424 641 458 ell'ecta
676 424 807 456 corruit
834 426 867 456 et
892 424 974 465 post
999 420 1043 453 ad
1069 430 1107 454 se
1133 429 1277 454 reversa
1301 422 1369 454 ait:
1400 421 1463 455 ob-

74 499 175 524 secro
202 500 284 532 vos,
319 489 508 524 dulcissimi
536 489 617 531 lilii,
650 492 791 522 narrate
827 486 928 527 mihi,
966 485 1139 529 quomodo
1173 487 1351 520 evasistis,
1399 486 1463 526 Qui

74 555 348 600 responderunt:
381 565 454 588 eum
487 555 586 587 navis
622 553 749 587 fnisset
781 553 940 587 resoluta
975 557 1009 586 et
1045 561 1107 585 nos
1144 561 1251 595 super
1289 551 1462 595 quandam

74 620 228 655 tabulam
257 619 480 661 veherentur,
517 619 656 664 quidam
683 620 820 663 piratae
845 628 909 652 nos
938 619 1154 652 invenientes
1180 618 1214 650 in
1241 626 1337 651 suam
1363 619 1464 651 navi-

72 685 182 720 culam
207 688 400 730 posuerunt
424 693 466 718 ac
493 686 634 718 mutatis
662 685 859 719 nominibus
888 685 1022 719 cuidam
1050 694 1114 717 nos
1132 683 1303 717 honestae
1325 683 1462 727 viduae,

71 750 230 786 Justinae
255 752 412 792 nomine,
448 750 702 791 vendiderunt,
738 760 826 796 quae
861 755 1034 795 tamquam
1069 749 1160 783 lilios
1191 759 1255 782 nos
1281 748 1404 783 habuit
1429 753 1464 784 et

70 815 278 850 liberalibus
311 816 448 851 artibus
479 827 543 850 nos
577 816 709 850 erudiri
736 815 840 858 secit;
874 816 1013 850 tandem
1046 815 1294 860 philosophiae
1321 826 1462 860 operam

73 881 231 917 dedimus
266 886 301 916 et
331 882 471 927 Symoni
505 881 639 916 cuidam
672 892 776 928 mago
811 882 991 916 nobiscum
1032 881 1179 915 educato
1223 881 1461 923 adhaesimus,

69 957 215 993 eumque
241 948 318 993 ejus
345 947 519 982 fallaciam
547 948 853 992 cognovissemus,
880 949 991 992 ipsum
1018 947 1154 981 omnino
1184 945 1402 981 deseruimus
1429 952 1463 982 et

69 1012 166 1048 Petri
199 1013 362 1057 discipuli
394 1023 457 1058 per
491 1012 686 1047 Zaehaeum
728 1012 841 1047 ellecti
877 1023 1007 1047 sumus.
1057 1012 1223 1057 Sequenti
1257 1016 1370 1047 autem
1405 1013 1461 1049 die

72 1080 236 1113 assumtis
267 1078 390 1113 Petrus
415 1079 528 1112 tribus
556 1077 744 1119 fratribus,
781 1079 915 1113 scilieet
952 1078 1150 1119 Clemente,
1181 1079 1311 1123 Aquila
1342 1083 1376 1113 et
1399 1079 1462 1114 Ni-

70 1150 169 1187 ceta,
212 1143 254 1179 ad
291 1144 460 1190 quendam
495 1145 720 1178 secretiorem
753 1144 863 1178 locum
900 1145 1070 1178 orationis
1111 1145 1228 1189 gratia
1267 1144 1460 1180 descendit.

72 1211 166 1251 Quos
195 1209 414 1245 venerandus
442 1209 579 1256 quidam
606 1220 733 1252 senex,
769 1211 830 1245 sed
863 1215 977 1245 tamen
1015 1220 1151 1255 pauper
1186 1209 1319 1254 alloqui
1344 1212 1462 1255 coepit

71 1276 210 1311 dicens:
243 1277 413 1311 misereor
437 1277 562 1318 vestri,
598 1276 744 1315 fratres,
782 1278 863 1322 quia
887 1276 951 1310 sub
978 1278 1096 1321 specie
1121 1277 1263 1320 pietatis
1290 1286 1350 1310 vos
1376 1286 1460 1322 gra-

72 1343 162 1377 viter
177 1352 298 1377 errare
324 1342 528 1385 considero,
555 1352 668 1387 neque
696 1344 783 1376 enini
800 1342 893 1377 Deus
912 1347 965 1376 est
983 1353 1095 1387 neque
1115 1341 1227 1376 cultus
1251 1340 1306 1375 hie
1331 1341 1460 1387 aliquis

72 1413 126 1443 est
153 1419 215 1443 nee
242 1408 464 1453 providentia
488 1409 521 1441 in
547 1408 686 1449 mundo,
714 1408 775 1442 sed
802 1408 966 1441 fortuitus
986 1417 1088 1441 casus
1117 1412 1151 1442 et
1177 1409 1321 1453 genesis
1346 1410 1461 1442 omnia

71 1478 198 1520 agunt,
233 1475 323 1508 sicut
355 1477 390 1507 et
421 1483 488 1519 ego
527 1484 569 1508 ex
604 1484 657 1508 me
684 1475 762 1518 ipso
794 1473 976 1508 manifeste
1006 1475 1178 1518 comperi,
1215 1475 1250 1507 in
1275 1473 1461 1518 disciplina

70 1539 239 1574 mathesis
276 1549 362 1584 prae
395 1541 547 1574 caeteris
582 1539 760 1581 eruditus3
804 1539 913 1573 nolite
947 1550 1033 1585 ergo
1071 1549 1211 1581 errare,
1254 1541 1328 1573 sive
1370 1541 1459 1573 enim

71 1607 180 1639 oretis
207 1607 282 1640 sive
306 1615 398 1648 non,
429 1604 522 1650 quod
548 1610 667 1640 vestra
690 1606 832 1650 genesis
856 1606 1022 1646 continet,
1049 1604 1149 1638 vobis
1174 1607 1249 1639 erit.
1300 1605 1460 1640 Clemens

71 1675 186 1705 autem
220 1671 254 1704 in
288 1680 363 1705 eum
399 1672 591 1715 respiciens
626 1673 739 1705 animo
774 1670 983 1715 pulsabatur
1016 1675 1051 1705 et
1083 1670 1151 1704 sibi
1185 1681 1223 1706 se
1257 1681 1331 1705 eum
1369 1672 1460 1706 alias

72 1737 204 1771 vidisse
233 1736 431 1773 videbatur.
479 1736 630 1782 Cumque
664 1737 707 1771 de
742 1736 906 1771 mandato
934 1736 1028 1770 Petri
1056 1735 1236 1779 Clemens,
1271 1737 1400 1782 Aquila
1427 1742 1462 1773 et

71 1801 215 1837 Nicetas
239 1812 314 1837 eum
343 1812 384 1837 eo
410 1801 540 1837 diutius
568 1797 810 1848 disputassent
843 1807 877 1837 et
907 1802 1161 1847 providentiam
1187 1804 1320 1847 apertis
1348 1805 1459 1838 ratio-

70 1867 174 1903 nibus
200 1867 441 1902 ostendissent
465 1878 610 1914 eumque
636 1868 680 1903 ob
707 1870 936 1904 reverentiam
969 1869 1094 1903 crebro
1122 1873 1254 1913 patrem
1282 1873 1460 1912 vocarent,

72 1933 160 1968 dixit
183 1933 333 1979 Aquila:
367 1933 451 1979 quid
485 1944 632 1969 neeesse
666 1938 738 1978 est,
774 1938 811 1969 ut
845 1945 919 1969 eum
946 1938 1081 1979 patrem
1107 1944 1291 1978 vocemus,
1325 1945 1399 1970 cum
1427 1937 1461 1970 in

71 1998 246 2033 mandatis
283 1999 476 2034 habeamus
515 2001 685 2035 neminem
723 2010 830 2045 super
868 2004 997 2035 terram
1039 2004 1173 2044 patrem
1214 2002 1370 2036 vocare?
1416 2000 1462 2036 Et

71 2063 248 2109 posthoc
278 2066 472 2108 respiciens
497 2065 541 2099 ad
574 2076 692 2099 senem
726 2067 794 2099 ait:
830 2076 898 2099 non
932 2066 1102 2108 injuriose
1137 2067 1315 2110 accipias,
1347 2070 1461 2110 pater,

73 2129 166 2175 quod
187 2129 331 2164 fratrem
350 2139 460 2163 meum
485 2129 637 2173 culpavi,
664 2131 746 2174 quia
771 2133 805 2164 te
830 2134 963 2174 patrem
988 2131 1149 2174 vocavit3
1176 2129 1343 2164 habemus
1371 2131 1462 2164 enim

71 2195 144 2230 tale
169 2194 388 2237 mandatum,
423 2205 465 2229 ne
491 2194 641 2239 aliquem
667 2196 804 2229 nomine
833 2195 900 2229 isto
927 2205 1102 2229 vocemus.
1153 2194 1306 2240 Cumque
1331 2195 1462 2241 Aquila

72 2260 140 2295 hoc
177 2260 345 2303 dixisset,
385 2261 465 2294 risit
505 2262 653 2294 omnium
687 2260 898 2295 adstantium
940 2265 1062 2295 coetus
1098 2271 1166 2296 una
1201 2271 1276 2295 eum
1309 2272 1393 2297 sene
1427 2266 1463 2296 et

73 2326 199 2368 Petro,
229 2330 265 2360 et
287 2336 361 2361 cum
387 2325 446 2361 ille
470 2335 610 2360 eausam
638 2327 728 2361 risus
754 2327 966 2371 inquireret,
1000 2326 1088 2360 dixit
1111 2326 1155 2360 ad
1180 2337 1256 2361 eum
1283 2327 1461 2362 Clemens:

75 2392 158 2437 qula
183 2391 272 2426 sacis
296 2391 350 2434 id,
377 2390 420 2426 de
443 2401 510 2437 quo
534 2391 625 2426 alios
649 2392 783 2437 culpas,
808 2403 925 2427 senem
951 2396 1083 2437 patrem
1111 2392 1281 2427 vocando.
1330 2393 1376 2427 At
1400 2392 1462 2427 ille

74 2456 231 2503 negabat
260 2456 399 2492 dicens:
430 2467 511 2492 vere
547 2459 688 2500 nescio,
732 2460 762 2493 si
797 2469 873 2493 eum
910 2462 1042 2503 patrem
1077 2460 1284 2494 vocaverim.
1318 2450 1461 2493 ‘Verum

73 2532 148 2557 eum
174 2524 262 2557 satis
290 2522 333 2557 de
359 2522 581 2567 providentia
604 2523 816 2568 disputatum
846 2527 960 2566 esset,
996 2523 1083 2558 dixit
1116 2534 1243 2558 senex:
1281 2523 1460 2559 crederem

73 2589 211 2634 utique,
249 2587 506 2633 providentiam
540 2599 638 2631 esse,
673 2588 736 2623 sed
770 2599 791 2623 a
818 2590 964 2634 propria
1005 2591 1221 2624 conscientia
1252 2589 1460 2634 prohibeor,

74 2652 156 2688 huic
179 2652 261 2689 fidei
286 2653 548 2689 accommodare
582 2664 806 2694 consensuum
842 2655 926 2690 novi
957 2656 1045 2689 enim
1077 2664 1187 2690 meam
1225 2660 1260 2690 et
1294 2657 1458 2702 conjugis

75 2728 172 2755 meae
194 2722 343 2766 genesin
370 2724 405 2756 et
429 2722 503 2755 scio
529 2730 584 2764 ea,
611 2731 699 2766 quae
726 2721 911 2767 unicuique
936 2726 1090 2757 nostrum
1116 2721 1275 2758 dictabat
1299 2723 1458 2769 genesis,
