1742 3005
229 74 310 114 326
488 74 582 123 Cap.
616 69 770 108 LXXll.
827 69 886 106 De
916 67 1168 106 ads-censione
1198 65 1356 104 domini.

229 183 335 223 tuitu,
371 183 405 213 et
431 178 479 211 ihi
508 177 616 223 figere
650 174 884 215 desiderium,
919 184 988 218 quo
1026 183 1182 219 nequeas
1216 171 1348 206 inferre
1382 172 1619 214 conspectum.

231 246 448 291 Augustinus
475 243 537 278 lib.
562 241 797 276 confession.:
821 238 1014 274 exsultavit
1038 242 1076 272 ut
1103 239 1208 284 gigas
1238 237 1282 271 ad
1304 234 1511 271 currendum
1531 235 1621 268 viam

230 321 338 344 suam.
386 308 463 343 Non
488 309 577 342 enim
601 305 768 347 tardavit,
794 304 857 339 sed
877 305 1030 338 cucurrit
1047 303 1201 337 clamans
1217 302 1332 343 dictis,
1358 301 1473 344 factis,
1500 304 1623 341 morte,

231 378 321 418 vita,
356 375 549 415 descensu,
584 372 771 413 adscensu,
796 370 972 412 clamans,
1007 373 1044 403 ut
1068 368 1252 403 redeamus
1279 366 1324 400 ad
1350 376 1448 408 eum,
1485 371 1519 401 et
1548 365 1622 399 dis-

230 442 339 476 cessit
372 440 415 474 ab
451 439 582 481 oculis,
618 442 657 473 ut
680 437 864 472 redeamus
892 434 938 469 ad
962 444 1023 468 cor
1054 438 1088 469 et
1113 434 1330 468 inveniamus
1356 442 1443 466 eum.
1493 430 1626 470 Quarta

232 511 286 541 est
309 510 431 541 nostra
454 506 638 540 securitas.
686 503 769 538 ldeo
795 503 883 537 enim
911 500 1114 542 adscendit,
1149 503 1188 533 ut
1211 502 1333 532 noster
1358 496 1554 532 advocatus
1581 496 1627 529 sit

231 571 322 617 apud
356 575 502 616 patrem.
550 568 661 605 Valde
696 572 807 603 autem
843 568 960 602 securi
995 576 1074 601 esse
1105 574 1312 610 possumus,
1346 562 1486 608 quando
1520 561 1628 596 talem

232 638 439 672 advocatum
465 635 557 681 apud
584 638 717 679 patrem
743 633 876 667 habere
901 631 1176 666 consideramus.
1225 629 1304 665 Joh.
1331 628 1381 663 ll:
1419 628 1628 663 advocatum

233 703 401 737 habemus
427 701 519 746 apud
547 704 679 745 patrem
707 698 825 733 Jesum
853 697 1027 731 Christum
1049 698 1205 742 justum,
1240 699 1274 730 et
1306 696 1383 739 ipse
1418 697 1471 728 est
1504 694 1626 738 propi-

230 769 331 801 tiatio
360 778 422 811 pro
452 766 608 811 peccatis
633 764 776 798 nostris.
826 762 877 796 De
902 762 969 795 hac
996 763 1183 796 securitate
1211 761 1295 794 dicit
1319 759 1538 794 Bernardus:
1572 768 1628 792 se-

231 842 350 866 curum
375 842 557 866 accessura
581 829 707 871 habes,
733 840 752 863 ο
777 828 894 869 homo,
922 826 1016 871 apud
1042 827 1170 869 Deum,
1195 827 1257 861 uhi
1284 830 1395 860 mater
1419 829 1498 859 ante
1525 824 1630 857 filium

233 902 267 933 et
291 897 381 931 filius
408 902 488 932 ante
514 900 670 941 patrem,
706 898 817 928 mater
848 892 1005 928 ostendit
1037 891 1108 925 filio
1143 897 1268 937 pectus
1304 896 1339 926 et
1373 890 1502 932 ubera,
1539 888 1631 923 filius

233 963 388 998 ostendit
413 963 505 1007 patri
529 961 621 995 latus
651 963 684 994 et
711 960 875 994 vulnera:
901 959 997 993 nulla
1024 969 1109 1004 ergo
1135 960 1265 1003 poterit
1291 968 1369 992 esse
1388 956 1542 1001 repulsa,
1571 954 1632 988 ubi

232 1033 285 1063 tot
316 1032 397 1062 sunt
429 1028 588 1061 caritatis
623 1027 790 1071 insignia.
840 1026 968 1065 Quinta
1013 1028 1068 1059 est
1103 1029 1226 1058 nostra
1261 1023 1428 1069 dignitas.
1476 1021 1634 1057 Maxima

234 1092 372 1139 quidem
396 1096 518 1126 nostra
544 1091 700 1137 dignitas
727 1096 802 1134 est,
838 1089 977 1136 quando
1002 1093 1129 1124 natura
1152 1094 1275 1123 nostra
1300 1099 1411 1134 usque
1434 1087 1479 1121 ad
1512 1087 1634 1122 dexte-

234 1168 307 1193 ram
332 1158 397 1193 Dei
424 1157 580 1192 exaltata
605 1159 680 1199 est,
705 1156 797 1191 unde
824 1161 858 1191 et
882 1156 1002 1201 angeli
1027 1155 1117 1189 hanc
1142 1155 1347 1200 dignitatem
1377 1155 1411 1187 in
1435 1152 1635 1187 hominihus

236 1223 502 1258 considerantes
529 1223 697 1267 deinceps
726 1221 983 1267 prohibuerunt
1007 1231 1046 1255 se
1072 1220 1215 1254 adorari
1238 1220 1281 1254 ah
1305 1219 1517 1261 hominihus,
1545 1220 1636 1252 sicut

235 1289 363 1323 dicitur
388 1289 537 1334 Apocal.
561 1287 663 1322 XIX:
690 1288 824 1330 cecidi,
853 1289 988 1333 inquit,
1013 1291 1093 1321 ante
1118 1286 1227 1331 pedes
1255 1287 1353 1330 ejus,
1387 1289 1424 1319 ut
1448 1285 1633 1319 adorarem

238 1366 335 1397 eum,
363 1359 398 1390 et
425 1355 513 1388 dixit
539 1353 644 1387 mihi:
673 1353 753 1388 vide
781 1364 823 1388 ne
850 1354 991 1396 seceris,
1016 1363 1208 1387 conservus
1232 1356 1312 1386 tuus
1340 1362 1413 1385 sum
1434 1354 1468 1384 et
1489 1350 1633 1384 fratrum

235 1426 384 1463 tuorum,
412 1421 473 1455 ubi
499 1420 584 1454 dicit
612 1419 760 1455 Glossa:
792 1421 828 1454 in
863 1420 976 1454 veteri
1007 1419 1090 1465 lege
1116 1429 1184 1452 non
1207 1416 1389 1463 prohibuit
1413 1427 1453 1451 se
1478 1415 1633 1457 adorari,

237 1487 300 1522 sed
335 1492 416 1532 post
449 1487 716 1521 adscensionem
755 1486 887 1520 domini
925 1485 1049 1520 videns
1081 1495 1188 1529 super
1215 1493 1254 1517 se
1288 1483 1437 1517 exaltari
1461 1482 1634 1516 hominem

235 1553 350 1586 timuit
375 1551 530 1585 adorari.
578 1551 652 1586 Leo
682 1562 776 1596 papa
801 1553 833 1585 in
860 1562 1021 1587 sermone
1056 1551 1100 1585 de
1125 1550 1361 1585 adscensione
1389 1548 1535 1582 domini:
1568 1547 1633 1581 ho-

238 1618 294 1653 die
319 1621 445 1651 natura
467 1621 610 1650 nostrae
637 1616 862 1652 humanitatis
890 1618 981 1652 ultra
1008 1622 1208 1652 cunctarum
1233 1614 1451 1650 altitudinem
1476 1618 1636 1659 potesta-

236 1688 308 1718 tum
339 1682 383 1717 ad
409 1683 473 1717 Dei
505 1683 616 1727 patris
653 1686 708 1716 est
741 1687 910 1726 provecta
941 1683 1218 1727 ¹)consessum,
1254 1685 1292 1715 ut
1317 1681 1513 1716 mirabilior
1538 1680 1638 1715 fieret

238 1751 356 1795 gratia
378 1749 444 1783 Dei
469 1758 544 1782 cum
569 1748 712 1782 remotis
738 1757 759 1781 a
786 1752 975 1792 conspeetu
1000 1747 1195 1789 hominum,
1234 1748 1292 1792 qui
1317 1749 1441 1781 merito
1468 1756 1635 1781 reveren-

237 1817 321 1849 tiam
348 1816 402 1848 sui
427 1812 669 1848 sentiebantur
694 1812 860 1855 indicere,
890 1813 976 1847 tides
998 1824 1066 1847 non
1085 1813 1272 1855 diffideret,
1299 1822 1381 1856 spes
1403 1823 1471 1845 non
1490 1812 1634 1845 [luctua-

239 1884 311 1922 ret,
338 1881 469 1914 caritas
495 1890 561 1913 non
587 1883 734 1924 teperet.
784 1879 893 1914 Sexta
920 1882 974 1914 est
994 1880 1068 1924 spei
1086 1883 1228 1914 nostrae
1244 1879 1426 1920 soliditas3
1454 1876 1634 1913 Hetle:

239 1945 411 1980 habentes
438 1955 523 1989 ergo
555 1944 800 1990 ²)pontis1eem
826 1956 1008 1991 magnum,
1049 1946 1106 1990 qui
1132 1946 1330 1990 penetravit
1353 1944 1494 1985 coelos,
1518 1943 1636 1978 Jesum

239 2010 345 2044 filium
369 2010 434 2044 Dei
460 2014 640 2045 teneamus
667 2012 743 2055 spei
766 2015 908 2059 nostrae
934 2010 1203 2045 consessionem.
1252 2010 1336 2045 Item
1362 2009 1466 2044 Hebr.
1492 2008 1552 2044 vl:
1579 2010 1637 2054 qui

240 2076 461 2121 confugimus
495 2075 541 2109 ad
572 2075 760 2110 tenendam
793 2078 1011 2121 propositam
1048 2086 1168 2121 spem,
1209 2086 1311 2121 quam
1337 2077 1438 2118 {sicut
1472 2085 1636 2110 ancoram

239 2142 406 2176 habemus
444 2142 633 2175 animaram
668 2145 776 2176 tutam
811 2152 852 2176 ac
887 2141 1016 2176 firmam
1053 2146 1087 2177 et
1120 2141 1334 2177 incedentem
1369 2152 1480 2186 usque
1511 2141 1555 2175 ad
1582 2142 1635 2175 in-

237 2208 372 2241 teriora
395 2206 595 2249 velaminis,
621 2207 681 2241 ubi
708 2217 922 2251 praecursor
945 2218 1010 2253 pro
1036 2207 1139 2241 nobis
1158 2208 1314 2241 introivit
1333 2206 1448 2241 Jesus.
1498 2206 1548 2241 De
1570 2206 1637 2241 hac

238 2273 362 2307 iterum
394 2270 486 2306 Leo:
526 2271 657 2305 Christi
693 2272 880 2307 adscensio
913 2277 1036 2307 nostra
1074 2278 1129 2307 est
1161 2274 1342 2317 provectio
1380 2277 1414 2307 et
1438 2284 1505 2318 quo
1531 2284 1636 2318 prae-

238 2338 348 2372 cessit
373 2337 491 2383 gloria
517 2338 664 2381 capitiS,
692 2348 733 2372 eo
760 2348 842 2382 spes
870 2338 982 2373 tendit
1008 2342 1042 2373 et
1066 2339 1237 2383 corporis.
1287 2338 1444 2383 Septima
1476 2344 1531 2373 est
1558 2341 1637 2374 viae

241 2404 421 2444 ostensio,
449 2402 557 2438 Mieh.
588 2402 648 2437 111:
676 2402 863 2438 adscendit
886 2403 1044 2448 pandens
1077 2406 1144 2439 iter
1171 2408 1252 2439 ante
1278 2415 1350 2439 eos,
1399 2405 1635 2450 Augustinus:

242 2469 298 2501 xia
321 2468 385 2502 tihi
410 2468 522 2502 sactus
552 2473 606 2503 est
630 2470 706 2513 ipse
734 2469 910 2504 salvator:
939 2481 1047 2515 surge
1075 2475 1109 2505 et
1136 2470 1294 2512 ambula,
1321 2470 1430 2504 habes
1458 2481 1537 2515 quo,
1564 2470 1636 2503 noli

242 2533 456 2576 pigrescere.
507 2533 643 2567 Octava
678 2534 811 2579 januae
845 2536 1013 2571 coelestis
1048 2537 1219 2581 aperitio:
1259 2538 1351 2571 sicut
1385 2536 1471 2570 enim
1504 2535 1635 2577 primus

313 2630 339 2660 1)
367 2629 423 2654 Alii
454 2630 566 2658 legunt:
594 2641 829 2662 concessum.
933 2635 963 2666 ¹2)
983 2634 1035 2661 lid.
1055 2633 1206 2667 1'r.legit:
1233 2631 1472 2668 pontificem
1498 2631 1535 2659 in
1563 2642 1636 2666 qno

246 2683 275 2707 p.
295 2672 446 2699 coelum
466 2673 575 2701 illum
595 2674 727 2703 silium
746 2676 872 2705 Dcite
892 2678 986 2713 spei.
