1742 3005
331 114 425 164 Cap,
455 114 520 151 Ll.
576 114 634 150 De
666 113 953 151 annuntiatione
986 113 1187 150 dominica.
1374 113 1451 151 217

68 215 200 251 uitione
223 215 378 261 mysterii
409 215 661 251 incarnationis
697 220 731 252 et
762 217 1050 259 resurrectionis,
1088 217 1138 251 sic
1165 216 1268 250 etiam
1300 225 1364 250 nec
1390 226 1452 251 an-

67 281 204 326 gelicus
228 281 379 315 nuntius.
435 279 504 314 Imo
530 280 623 316 Deus
655 286 837 328 utrumque
862 281 988 328 angelo
1023 281 1197 316 mediante
1221 282 1356 316 nuntiat
1380 292 1454 316 mu-

68 345 164 389 lieri,
202 346 340 381 scilicet
363 347 636 382 incarnationem
661 349 790 393 virgini
814 347 951 382 Mariae
978 351 1012 382 et
1033 348 1326 382 resurrectionem
1349 346 1453 393 Mag-

69 410 228 446 dalenae.
277 411 359 446 Cum
384 422 470 457 ergo
497 414 599 458 virgo
631 414 736 447 beata
760 422 781 447 a
804 414 907 447 tertio
943 422 1032 446 anno
1067 414 1193 447 aetatis
1228 423 1313 448 suae
1345 423 1456 459 usque

69 477 115 512 ad
140 481 297 523 quartum
324 477 491 512 decimum
515 488 638 512 amium
671 479 706 511 in
728 478 857 522 templo
894 488 968 512 cum
1003 478 1083 512 aliis
1117 478 1312 523 virginibus
1347 480 1456 513 exsti-

69 543 174 577 tisset
209 547 244 578 et
273 547 387 577 votum
426 542 470 577 de
496 542 669 577 servanda
699 544 863 577 castitate
896 544 1091 585 emisisset,
1133 544 1202 577 nisi
1226 543 1320 578 Deus
1354 544 1459 579 aliter

71 607 293 653 disponeret,
328 618 403 643 eam
434 607 569 652 Joseph
599 607 827 652 desponsavit
853 609 991 642 domino
1026 608 1223 651 revelante,
1265 613 1298 643 ct
1324 609 1458 654 Joseph

72 675 172 720 virga
194 673 397 716 frondente,
432 675 523 708 sicut
547 674 582 707 in
610 673 768 718 hystoria
793 673 836 709 de
862 675 1045 708 nativitate
1070 673 1197 709 beatae
1221 673 1357 709 Mariae
1381 675 1456 720 ple-

70 740 148 773 nius
175 740 393 783 continetur,
428 743 462 774 et
487 740 522 774 in
546 738 768 782 Bethlehem,
805 739 897 774 unde
921 738 1089 774 oriundus
1129 744 1222 783 erat,
1255 743 1459 776 necessaria

68 806 199 849 nuptiis
224 806 428 850 provisurus
454 806 534 848 ivit,
575 807 654 849 ipsa
683 816 767 840 vero
793 807 829 840 in
848 805 1023 840 Nasareth
1047 807 1082 840 in
1116 804 1253 840 domum
1278 810 1458 850 parentum

71 870 188 905 rediit.
242 870 417 906 Nasareth
451 873 701 916 interpretatur
724 872 799 906 flos.
860 871 958 907 Unde
987 871 1072 905 dicit
1103 871 1317 913 Bernartius,
1365 870 1459 916 quod

71 937 136 972 flos
160 939 258 972 nasci
284 938 393 972 voluit
415 937 459 972 de
484 937 591 979 flore,
627 938 662 970 in
687 937 774 972 ssore
808 942 841 972 et
868 938 965 971 floris
990 942 1158 981 tempore.
1213 936 1267 970 Ibi
1292 938 1401 981 igitur
1427 937 1459 970 ei

71 1003 220 1049 angelus
245 1005 409 1048 apparuit
433 1007 468 1038 et
493 1004 603 1048 ipsam
628 1002 794 1037 salutavit
818 1003 960 1038 dicens:
997 1013 1061 1037 ave
1087 1004 1203 1048 gratia
1229 1003 1356 1048 plena,
1393 1002 1458 1036 do—

71 1069 183 1103 minus
207 1073 340 1111 tec-um,
376 1068 566 1104 benedicta
598 1072 636 1102 tu
663 1069 698 1102 in
722 1068 938 1104 mulieribus.
985 1068 1198 1104 Bernartius.
1246 1067 1372 1102 invitat
1395 1078 1460 1102 nos

71 1134 118 1169 ad
140 1133 277 1170 Mariae
302 1135 547 1170 salutationem
575 1133 750 1169 Gabrielis
778 1134 991 1180 exemplum,
1026 1134 1196 1170 Johannis
1221 1133 1410 1179 tripudium
1428 1139 1462 1169 et

72 1199 334 1234 resalutationis
362 1199 503 1235 lucrum.
553 1199 623 1235 Sed
652 1199 709 1235 hic
732 1202 843 1247 primo
868 1200 1052 1235 videndum
1080 1204 1144 1242 est,
1171 1209 1278 1245 quare
1303 1199 1462 1235 dominus

72 1269 214 1300 matrem
237 1275 335 1300 suam
359 1266 470 1301 voluit
494 1265 714 1311 desponsari.
750 1266 864 1311 Super
888 1266 955 1300 hoc
978 1267 1139 1312 assignat
1161 1265 1362 1300 Bernardus
1389 1269 1462 1301 tres

73 1332 227 1366 rationes
257 1331 399 1366 dicens:
437 1333 640 1366 necessario
669 1332 884 1376 desponsata
911 1335 965 1366 est
982 1330 1097 1365 Maria
1116 1330 1271 1375 Joseph,
1298 1332 1460 1376 quoniam

72 1407 136 1449 per
159 1396 227 1431 hoc
252 1398 449 1441 mysterium
482 1407 503 1431 a
527 1396 755 1431 daemonibus
781 1395 1012 1430 absconditur
1038 1399 1072 1431 et
1097 1405 1118 1430 a
1145 1406 1276 1440 sponso
1311 1397 1461 1442 virgini-

71 1466 126 1496 tas
152 1462 399 1507 comprobatur
423 1467 457 1497 et
481 1463 629 1508 virginis
657 1466 726 1496 tam
758 1461 990 1496 verecundiae
1025 1472 1125 1506 quam
1160 1462 1272 1497 famae
1298 1461 1463 1506 provide-

71 1531 137 1561 tur.
205 1527 337 1568 Quarta
369 1530 458 1562 ratio
497 1532 569 1569 est,
614 1532 650 1561 ut
683 1527 726 1561 ab
767 1528 858 1560 omni
892 1527 1005 1572 gradu
1038 1527 1194 1561 mulieris
1236 1527 1463 1571 opprobrium

70 1591 265 1635 tolleretur,
292 1594 430 1629 scilicet
454 1603 475 1628 a
499 1593 698 1639 conjugatis
724 1591 919 1638 virginibus
938 1596 973 1627 et
996 1591 1124 1634 viduis,
1150 1591 1242 1627 unde
1260 1593 1337 1637 ipsa
1362 1594 1463 1637 virgo

70 1658 107 1692 in
132 1657 200 1692 hoc
224 1658 356 1703 triplici
382 1663 475 1694 statu
499 1658 575 1693 fuit.
624 1658 762 1699 Quinta,
788 1662 825 1692 ut
849 1658 915 1691 viri
940 1659 1135 1692 ministerio
1159 1662 1337 1702 uteretur;
1362 1663 1466 1692 sexta

70 1727 109 1757 ut
133 1724 343 1758 matrimonii
367 1724 495 1759 honum
520 1724 827 1769 comprobaretur;
849 1725 1017 1768 septima,
1045 1728 1082 1758 ut
1108 1735 1170 1769 per
1196 1726 1305 1759 virum
1330 1735 1462 1770 genea-

71 1788 190 1834 logiae
214 1790 326 1824 series
352 1794 540 1824 texeretur.
576 1789 673 1824 Dixit
698 1800 783 1835 ergo
808 1789 976 1835 angelus:
1003 1800 1067 1824 ave
1093 1791 1209 1835 gratia
1234 1774 1349 1835 plena.
1377 1789 1463 1824 Ber-

71 1854 223 1888 nardus:
250 1855 285 1888 in
303 1859 424 1890 ventre
441 1857 557 1901 gratia
574 1854 727 1897 deitatis,
751 1856 784 1889 in
800 1855 905 1890 corde
923 1856 1040 1900 gratia
1064 1856 1234 1898 caritatis,
1253 1857 1288 1890 in
1305 1866 1366 1890 ore
1380 1865 1464 1901 gra-

71 1920 123 1953 tia
149 1919 383 1962 affabilitatis,
408 1921 622 1956 inmanibus
647 1922 764 1967 gratia
786 1920 1053 1955 misericordiae
1083 1925 1117 1955 et
1134 1921 1324 1967 largitatis.
1350 1920 1464 1955 Idem:

72 1995 154 2019 vere
171 1985 285 2029 plena,
298 1986 434 2032 quiade
446 1987 662 2032 plenitudine
685 1988 762 2032 ejus
783 1988 923 2031 capiunt
936 1987 1091 2021 universi
1112 1986 1465 2032 capthiredemptio-

71 2060 160 2092 nem,
187 2051 525 2096 aegricurationem,
543 2054 663 2087 tristes
678 2051 965 2093 consolationem,
984 2056 1192 2096 peccatores
1213 2053 1357 2093 veniam,
1376 2051 1466 2095 justi

72 2116 233 2161 gratiam,
255 2116 375 2162 angeli
397 2116 578 2159 laetitiam,
604 2116 754 2162 denique
769 2121 844 2151 tota
866 2118 1006 2151 trinitas
1023 2117 1183 2163 gloriam,
1210 2116 1301 2150 filius
1315 2116 1465 2150 hominis

71 2180 242 2215 humanae
267 2183 382 2216 carnis
407 2182 649 2217 substantiam.
698 2182 865 2217 Dominus
885 2187 1010 2224 tecum,
1036 2182 1194 2217 dominus
1218 2186 1320 2227 pater
1341 2186 1465 2223 tecum,

72 2246 133 2290 qui
155 2247 288 2291 genuit,
311 2258 411 2292 quem
440 2249 609 2293 concipis,
635 2252 670 2283 et
697 2247 855 2282 dominus
874 2249 1018 2292 spiritus
1045 2253 1198 2290 sanctus,
1228 2247 1271 2282 de
1297 2258 1364 2293 quo
1382 2257 1465 2281 con-

72 2311 174 2354 cipis,
199 2315 234 2345 et
259 2311 416 2347 dominus
444 2312 554 2356 filius,
583 2324 684 2359 quem
712 2323 816 2348 carne
840 2318 902 2348 tua
925 2313 1061 2357 induis3
1088 2315 1179 2348 sicut
1204 2313 1289 2348 dicit
1313 2313 1466 2347 Bernar-

72 2375 160 2410 dus:
185 2374 374 2411 benedicta
397 2381 435 2412 tu
461 2379 497 2412 in
513 2378 729 2422 mulieribus,
759 2379 795 2413 id
823 2384 887 2422 est,
913 2390 1020 2424 super
1044 2389 1163 2414 omnes
1182 2378 1357 2418 mulieres,
1385 2377 1468 2421 quia

71 2441 209 2475 scilic-et
233 2442 302 2476 eris
330 2446 441 2476 mater
465 2444 566 2488 virgo
595 2448 629 2478 et
649 2449 762 2479 mater
786 2444 863 2478 Dei.
913 2443 1064 2488 TripIIei
1088 2443 1276 2477 maledicto
1301 2442 1466 2477 mulieres

70 2504 255 2551 subjectae
281 2510 397 2549 erant,
422 2507 560 2542 scilicet
579 2508 766 2543 maledicto
793 2508 996 2553 opprobrii,
1024 2507 1140 2552 quoad
1165 2518 1235 2542 non
1264 2509 1465 2553 concipien-

70 2575 143 2613 tes,
176 2571 269 2606 unde
295 2571 384 2606 dixit
411 2571 563 2607 Rachel:
605 2573 752 2607 abstulit
787 2573 882 2608 Deus
915 2573 1142 2617 opprobrium
1177 2583 1308 2615 meum,
1357 2572 1465 2608 male-

73 2635 166 2671 dicto
198 2639 357 2682 peccati,
395 2638 510 2684 quoad
546 2639 808 2683 concipientes,
852 2637 942 2672 unde
979 2637 1151 2683 psalmus:
1189 2648 1272 2673 ecce
1308 2639 1396 2673 eniin
1433 2640 1467 2673 in

71 2701 314 2747 iniquitatibus
341 2707 531 2748 conceptus
566 2713 639 2738 sum
669 2707 757 2744 etc„
801 2702 987 2739 maledicto
1015 2703 1202 2749 supplicii,
1245 2703 1360 2750 quoad
1385 2713 1466 2749 par-
