1742 3005
340 80 436 130 Cap.
469 79 715 117 CLXXXVI.
778 79 837 118 De
869 86 998 117 sancto
1031 78 1223 116 Conrado.
1393 77 1473 115 863

486 306 613 370 GAP.
650 306 907 369 cuxxvl.
941 269 1104 369 (185.)

282 408 401 452 De
474 409 784 453 sancto
860 406 1268 452 Conrado.

183 517 308 543 Sanctus
320 515 470 543 Conradus
489 515 526 542 de
545 515 699 542 nobilibus
718 515 894 550 parentibus
913 514 944 542 iu
956 514 1130 542 Alemannis!
1148 515 1264 546 genitus
1280 518 1307 540 et
1328 513 1470 541 educatus

82 563 136 588 est.
171 560 243 593 Hic,
262 560 331 593 quia
348 561 397 587 vir
413 561 525 587 multae
544 559 710 586 honestatis
730 563 759 585 et
778 560 925 585 bonorum
945 568 1060 585 morum
1078 559 1153 592 suit,
1181 559 1346 586 advocatus
1371 569 1386 585 a
1414 562 1470 585 No-

81 605 183 637 thingo
212 605 356 632 ecclesiae
382 603 657 637 1)Constantiensis
686 603 830 638 episcopo
856 603 912 630 toti
940 603 1128 638 episcopatui
1155 603 1275 630 auditor
1301 604 1472 639 praeficitur

81 658 246 678 causarum.
283 649 468 676 Succedente
487 653 585 675 autem
605 652 741 683 tempore
761 648 791 675 in
810 648 1016 683 praepositum
1035 649 1157 683 majoris
1177 649 1322 676 ecclesiae
1342 650 1471 680 eligitur.

79 694 227 725 Nothingo
246 698 345 719 autem
364 693 508 727 episcopo
526 692 608 720 viam
627 693 786 720 universae
806 693 901 719 caruis
928 693 1061 725 ingresso
1087 697 1215 720 vocatur
1241 699 1360 721 sanctus
1380 694 1470 721 [ulal-

80 738 158 764 ricus
177 737 322 765 ecclesiae
341 737 538 770 Augustensis
558 737 719 772 episcopus
739 742 766 764 et
787 738 823 764 ab
844 738 910 772 ipso
931 746 1038 771 corpus
1058 737 1191 764 defuncti
1219 739 1356 773 episcopi
1383 749 1469 774 sepe-

36 804 39 805 r
78 781 164 815 litur,
192 782 243 816 qui
270 782 350 809 clero
378 787 408 809 et
432 782 548 817 populo
573 782 746 809 triduanum
773 782 881 808 indixit
909 782 1066 815 jejunium,
1098 787 1130 808 ut
1157 783 1326 815 benignitas
1344 784 1398 810 Dei
1426 784 1469 810 illi

79 826 223 854 ecclesiae
243 827 327 853 daret
345 826 515 861 placentem
534 826 592 853 sibi
613 826 786 855 antistitem.
823 829 941 854 Statuto
961 827 1050 859 igitur
1069 827 1134 859 (lie,
1156 836 1214 860 quo
1234 828 1272 854 ad
1292 828 1468 854 electionem

77 871 129 898 vel
154 871 256 906 potius
283 880 471 898 communem
493 871 721 906 inspirationem
746 872 783 897 (le
812 871 956 905 episcopo
983 871 1206 906 providendum
1239 871 1311 903 suit,
1349 877 1469 898 sanctus

79 916 235 943 Udalricus
255 916 399 942 describit
417 915 516 950 ipsum
534 917 741 951 praepositum
763 916 882 941 beatum
903 916 1070 942 Conradum
1089 916 1179 942 talem
1199 924 1278 948 esse,
1299 916 1373 942 sicut
1395 925 1467 950 apo-

78 961 174 987 stolus
207 960 246 986 ad
272 960 465 987 Timotheum
494 964 522 986 et
556 959 671 986 Titum:
705 964 823 994 oportet
858 960 1034 994 episcopum
1068 969 1133 986 esse
1164 960 1468 994 irrcprvlwnsilnilem.

77 1006 165 1032 unius
183 1004 284 1031 uxoris
303 1004 415 1037 virum,
436 1003 584 1036 sobriuun,
603 1009 748 1037 ornatum,
767 1005 961 1039 prudentem,
981 1004 1133 1040 pudicum,
1153 1004 1342 1038 hospitalem,
1363 1005 1469 1031 docto-

77 1058 156 1081 rem,
183 1057 244 1076 non
267 1049 473 1081 vinolentum,
498 1058 557 1075 non
582 1058 804 1083 percussorem,
830 1050 883 1076 sod
909 1050 1094 1082 modestum,
1121 1059 1180 1075 non
1207 1050 1385 1081 litigiosum,
1409 1058 1467 1076 nou

76 1094 235 1128 cupidum,
255 1102 325 1120 suae
345 1093 448 1120 domui
474 1094 551 1120 bene
577 1094 799 1128 praepositum,
832 1095 911 1121 lilios
938 1095 1099 1121 habentem
1126 1094 1265 1121 subditos
1292 1103 1357 1120 cum
1387 1095 1467 1120 omni

77 1140 224 1167 castitate.
261 1137 292 1166 Si
311 1138 376 1172 quis
396 1137 478 1164 domi
496 1147 567 1165 suae
585 1148 725 1172 pras-csse
744 1139 848 1171 nescit,
872 1139 1024 1172 quomodo
1044 1139 1188 1166 ecclesiae
1207 1139 1263 1166 Dei
1282 1139 1466 1170 â€¹liligmuinm

76 1183 219 1210 habehim
252 1185 317 1210 Non
342 1183 538 1218 neophytum,
566 1192 626 1209 nou
652 1183 683 1209 iu
709 1184 880 1218 superbiam
910 1184 1038 1217 elatum,
1065 1194 1102 1211 ne
1126 1185 1155 1211 in
1181 1184 1324 1219 judicium
1348 1184 1467 1210 decidat

77 1228 210 1263 dyaboli.
245 1230 372 1262 Oportet
391 1232 491 1255 autem
510 1232 538 1254 et
558 1229 763 1255 testimonium
783 1229 893 1255 hahere
920 1229 1033 1255 bonum
1058 1230 1095 1255 ab
1122 1230 1185 1262 his,
1215 1229 1265 1262 qui
1289 1228 1363 1254 soris
1388 1233 1468 1256 sunt.

76 1278 110 1300 ut
134 1273 166 1300 in
191 1273 391 1308 opprobrium
417 1281 478 1299 non
504 1273 617 1299 incidat
637 1278 665 1299 et
684 1273 713 1299 in
734 1273 873 1306 laqueum
893 1273 1025 1307 dyaboli.
1062 1278 1136 1301 uem
1156 1275 1194 1301 ad
1214 1274 1406 1301 Timotheum
1426 1274 1470 1300 sic

76 1318 134 1345 ait:
153 1322 273 1353 oportet
292 1317 371 1344 enim
391 1317 567 1352 episcopum
594 1318 658 1345 sine
683 1319 805 1345 crimine
831 1328 913 1351 esse,
943 1319 1019 1345 sicut
1045 1319 1101 1345 Dei
1127 1319 1381 1354 dispensatorem,
1409 1327 1468 1345 non

77 1363 256 1398 superbum,
274 1370 335 1388 non
352 1361 545 1396 iracundum,
564 1372 625 1390 non
642 1364 844 1395 vinolentum,
871 1372 931 1389 non
950 1373 1174 1398 percussorem,
1200 1373 1260 1390 non
1279 1365 1374 1399 turpis
1395 1364 1467 1390 lucri

77 1407 237 1446 cupidum,
263 1406 318 1434 sed
341 1406 539 1440 hospitalem,
558 1408 736 1441 benignum,
762 1408 959 1443 prudentem,
988 1409 1137 1441 sobrium,
1164 1410 1289 1443 justum,
1322 1414 1467 1439 sanctum,

77 1453 296 1484 continentem,
323 1451 554 1486 amplectentem
574 1463 658 1486 eum,
686 1453 736 1487 qui
761 1453 924 1480 secuudum
945 1453 1110 1480 doctrinam
1130 1458 1191 1486 est,
1214 1453 1335 1480 fidelem
1355 1462 1466 1480 sermo-

76 1506 162 1530 nem,
195 1501 228 1524 ut
261 1501 370 1531 potens
397 1497 435 1524 sit
463 1497 669 1525 exhortatione
696 1499 725 1525 iu
753 1498 887 1525 doctriua
915 1507 985 1525 sana
1020 1503 1049 1524 et
1075 1507 1141 1530 eos,
1173 1499 1222 1531 qui
1251 1498 1466 1529 contradicunt,

77 1551 208 1574 arguere.
243 1541 296 1569 His
323 1542 462 1569 omnibus
489 1552 589 1569 coram
615 1543 807 1569 multitudiue
834 1553 850 1569 a
877 1548 979 1570 sancto
1006 1544 1145 1570 [dalrico
1180 1544 1217 1569 de
1242 1543 1309 1578 ipso
1336 1543 1468 1570 recitatis

77 1595 180 1614 omnes
207 1586 321 1614 ibidem
347 1593 571 1617 consenserunt.
606 1588 692 1615 Unde
718 1588 831 1614 ibidem
855 1588 984 1622 rapitur,
1008 1588 1135 1615 trahitur
1161 1593 1189 1614 et
1217 1587 1354 1621 quamvis
1372 1588 1468 1622 pluri-

76 1641 157 1658 mum
175 1631 307 1659 renitens
327 1632 488 1667 episcopus
507 1633 682 1660 instituitur.
719 1636 752 1659 In
773 1633 935 1659 cathedrali
955 1642 1024 1665 ergo
1042 1633 1136 1660 insula
1156 1634 1334 1660 sublimatus
1347 1638 1466 1659 sanctus

77 1676 229 1704 conradus
247 1676 446 1711 prilicipalem
465 1682 585 1704 sanctae
607 1678 659 1704 Dei
678 1677 828 1709 genitricis
849 1677 1006 1704 ecclesiam
1032 1679 1140 1705 ditavit
1164 1678 1298 1711 reliquiis
1326 1677 1466 1712 pretiosis

76 1726 105 1748 et
124 1726 230 1748 ornatu
247 1720 388 1749 maximo.
424 1726 550 1757 Insuper
572 1726 633 1748 tres
659 1722 825 1748 construxit
844 1722 1003 1756 ecclesiaS,
1028 1734 1118 1750 unam
1146 1723 1176 1750 in
1203 1723 1326 1750 civitate
1352 1724 1380 1755 2)
1391 1725 1466 1749 Con-

77 1766 247 1800 stzmtiensi,
267 1766 341 1794 duas
361 1771 454 1796 extra,
489 1771 523 1794 In
544 1776 667 1800 quarum
685 1777 758 1800 una,
782 1767 925 1794 videlicet
950 1768 979 1794 in
1006 1769 1101 1803 prima
1121 1768 1248 1795 ecclesia
1267 1768 1361 1794 sancti
1382 1771 1465 1795 Mau-

75 1811 138 1838 ritii
156 1811 347 1846 sepulchnun
366 1812 481 1838 domini
498 1812 594 1839 nostri
613 1814 681 1838 Jesu
703 1812 810 1839 Christi
829 1812 1013 1839 simillimum
1032 1813 1093 1845 illi,
1113 1814 1193 1846 quod
1213 1817 1258 1840 est
1276 1812 1305 1839 iu
1326 1814 1466 1840 Hierusa-

74 1855 150 1889 lem,
184 1865 251 1883 cum
276 1856 370 1883 multa
395 1856 550 1889 diligentia
577 1857 710 1884 construi
742 1858 923 1893 procuravit.
968 1857 1026 1885 tbi
1061 1858 1151 1885 etiam
1186 1861 1242 1884 XII
1274 1859 1464 1892 praebendas

75 1900 191 1928 clericis
210 1900 325 1928 ibidem
345 1901 460 1929 Christo
485 1901 701 1930 famulantibus
727 1904 758 1930 in
784 1908 963 1938 perpetuum
990 1903 1134 1936 instituit,
1162 1903 1245 1930 auxit
1270 1903 1465 1931 nihilomiuus

75 1945 286 1973 canonicorum
308 1957 464 1975 numerum
487 1947 610 1981 majoris
637 1948 781 1976 ecclesiae
816 1959 882 1976 cum
909 1948 1024 1975 allodio
1048 1948 1163 1983 proprii
1189 1948 1372 1982 patrimonii.
1410 1952 1467 1976 Cn-

73 1990 161 2026 piens
185 1990 276 2017 etiam
298 1991 381 2019 idem
403 1992 451 2019 vir
477 1998 596 2020 sanctus
621 2003 687 2021 cuin
714 1994 853 2028 apostolo
881 2002 988 2028 corpus
1016 2003 1101 2020 suum
1128 1993 1291 2021 efficaciter
1309 1994 1463 2027 castigaro,

73 2034 171 2061 tribus
188 2034 309 2062 vicibus
326 2036 524 2063 transfretans
554 2046 662 2064 versus
686 2038 840 2065 civitatem
866 2043 1000 2065 sanctam
1026 2038 1212 2064 Hierusalem
1235 2038 1325 2070 adiit,
1350 2038 1380 2064 iu
1407 2048 1465 2072 qna

63 2079 175 2106 vlocum
192 2080 344 2114 passionis
364 2081 471 2109 Christi
491 2085 520 2107 et
539 2082 712 2115 sepulturae
731 2087 760 2108 ct
778 2081 1004 2109 resurrectioniâµ
1024 2081 1162 2108 similiter
1181 2087 1209 2108 et
1230 2081 1414 2108 ascensionis
1433 2083 1463 2109 in

75 2123 239 2152 devotione
273 2124 403 2151 maxima
427 2124 573 2151 visitavit.
617 2126 811 2152 Postmodum
843 2126 925 2160 apud
959 2129 1087 2152 castrum
1120 2125 1233 2151 Lausen
1264 2135 1331 2152 cum
1360 2132 1464 2154 sancto

74 2169 214 2198 Udalrico
234 2169 397 2202 exsistens,
425 2178 491 2196 cum
508 2169 639 2197 vidisset
656 2170 686 2197 in
705 2171 770 2205 ipsa
789 2171 908 2197 turbiue
928 2179 1022 2204 aquae
1042 2169 1183 2204 procellis
1201 2169 1270 2197 hinc
1295 2170 1366 2197 inde
1392 2180 1464 2206 spu-

73 2215 227 2242 mantibus
246 2223 318 2242 aves
342 2214 530 2241 introeuntes
556 2215 649 2247 mergi
669 2220 699 2242 et
717 2221 877 2249 exeuntes,
902 2215 1053 2242 intellexit
1079 2215 1126 2241 vir
1152 2219 1272 2242 sanctus
1297 2215 1329 2242 in
1355 2216 1463 2251 spiritu

75 2259 149 2287 duas
168 2259 282 2286 animas
302 2257 367 2286 sore
386 2259 442 2286 sub
462 2259 562 2294 specie
580 2259 700 2288 illarum
720 2261 837 2294 avium,
865 2270 940 2295 quae
965 2260 1081 2287 ibidem
1107 2259 1146 2286 ob
1171 2259 1317 2287 scelerum
1341 2270 1463 2288 suornm

74 2304 236 2338 aliquando
271 2303 499 2331 commissorum
530 2304 753 2333 multitudinem
780 2315 865 2333 suum
891 2304 1094 2340 purgatorium
1123 2304 1313 2333 sustinerent.
1356 2309 1463 2338 Itaque

74 2350 164 2377 ambo
188 2347 356 2376 visceribus
379 2348 603 2377 misericordiae
628 2350 718 2384 moti,
742 2351 899 2378 Udalricns
925 2350 1053 2385 primam
1083 2349 1206 2377 missam
1228 2358 1284 2384 pro
1312 2349 1463 2377 defunctis

74 2394 226 2422 celebrare
243 2402 305 2420 non
323 2392 456 2426 distulit,
481 2395 632 2423 conradus
656 2400 755 2423 autem
774 2396 839 2431 ipsa
860 2395 909 2422 die
929 2394 1091 2423 secundam
1109 2394 1232 2422 missam
1251 2394 1389 2421 similiter
1405 2403 1462 2430 pro

73 2438 225 2466 defunctis
245 2437 396 2473 complere
414 2447 476 2465 non
493 2439 651 2474 pigritatus
671 2445 726 2470 est.
762 2444 798 2468 Et
824 2440 867 2468 sic
892 2440 923 2467 in
950 2448 1052 2467 eorum
1077 2439 1242 2466 devotione
1268 2444 1297 2466 et
1321 2439 1461 2466 sollemni

74 2483 176 2511 attaris
196 2483 350 2510 oblatione
368 2482 487 2509 illarum
505 2484 607 2512 avium
626 2485 742 2520 species
762 2485 891 2520 amplius
906 2494 967 2511 non
981 2485 1133 2513 viderunt.
1170 2484 1330 2511 Gebhardo
1345 2484 1461 2519 optimo

72 2528 272 2561 adolescenti,
291 2528 343 2562 qui
361 2537 431 2555 casu
450 2537 540 2562 super
558 2530 762 2565 episcopalem
781 2531 886 2557 sedem
905 2529 1098 2561 consederat,
1127 2529 1288 2563 prophetat
1308 2529 1460 2556 conradus

72 2572 189 2601 dicens:
207 2577 397 2608 praemature
416 2572 518 2599 sedem
536 2583 648 2608 meam,
668 2575 844 2608 Gebharde,
863 2574 1027 2609 occupasti,
1045 2573 1119 2600 mihi
1141 2573 1291 2607 succedet,
1310 2573 1360 2607 qui
1378 2574 1461 2609 prior

139 2661 167 2693 1)
185 2660 239 2688 Ed.
258 2663 316 2687 1â€™r.:
338 2660 879 2697 constantinopelit-anorum
896 2661 977 2694 legit.
1063 2662 1091 2696 2)
1110 2661 1163 2691 Ed,
1183 2665 1244 2690 Pr.:
1264 2664 1459 2690 Constan-

71 2693 434 2729 tinoporitanorum
452 2693 533 2726 legit,
