1742 3005
402 165 496 212 Cap.
538 162 650 200 XXV.
717 162 775 199 De
807 168 934 198 sancto
968 161 1177 199 Vincentio.
1401 161 1480 199 liu

89 267 155 300 cini
182 265 286 302 ferrei
307 269 342 301 et
365 265 528 301 ardentes
557 266 706 302 laminae
730 266 932 312 infiguntur,
959 265 1108 311 dumque
1132 265 1269 300 flamma
1295 266 1473 311 respergi-

89 336 165 375 tur,
201 328 570 367 vulnera'vulneribus
596 334 854 378 imprimuntur,
891 332 943 366 sal
970 333 1111 376 insuper
1134 332 1168 365 in
1193 333 1308 378 ignem
1334 333 1475 378 spargi-

88 401 162 440 tur,
213 401 249 432 ut
279 399 314 432 in
348 408 476 443 corpus
511 399 588 443 ejus
622 398 774 443 undique
805 397 1022 431 vulneratum
1055 397 1216 431 resiliens
1247 396 1475 432 stridentibus

88 464 234 498 flammis
259 463 433 499 crudelius
456 463 691 498 comburatur.
737 462 885 508 Jamque
910 472 977 495 non
1003 460 1048 495 ad
1072 465 1169 495 artus
1185 489 1193 503 ,
1244 463 1306 496 sed
1333 463 1377 497 ad
1403 465 1473 498 vis-

87 539 170 564 cera
192 529 264 564 tela
283 531 461 574 jaciuntur
480 529 624 573 jamque
649 529 770 562 intima
795 529 932 562 viscera
957 526 999 562 de
1023 527 1099 571 ejus
1122 536 1271 572 corpore
1298 532 1397 563 extra
1422 529 1473 563 la-

88 593 229 629 buntur:
266 595 356 629 inter
379 593 465 627 baec
491 593 550 628 ille
576 597 691 628 manet
713 592 898 627 immobilis
923 597 957 628 et
982 603 1116 626 sursum
1142 594 1268 628 erectis
1290 593 1475 628 luminibus

87 658 259 693 dominum
290 658 512 704 precabatur.
585 659 738 705 Cumque
775 660 922 693 ministri
954 658 1040 694 haee
1064 658 1219 693 Daciano
1259 659 1474 700 retulissent,

87 726 167 769 heu,
193 726 243 759 ait
265 725 462 767 Dacianus,
489 726 684 768 vincimini,
709 725 772 761 sed
793 727 868 771 jam
892 735 981 759 nune
1004 729 1041 759 ut
1063 726 1097 758 in
1123 718 1238 769 poena
1265 724 1395 760 diutius
1424 728 1480 764 vi2

88 795 163 834 vat,
189 792 300 837 ipsum
323 792 502 826 teterrimo
530 793 663 826 carceri
689 791 853 826 includite
880 795 915 826 et
940 789 988 825 ibi
1012 794 1123 825 testas
1145 792 1366 826 acutissimas
1391 802 1469 826 con-

85 859 220 903 gerite,
253 856 362 902 pedes
387 858 464 902 ejus
491 857 587 903 ligno
613 857 770 903 affligite,
800 859 875 892 sine
903 859 994 891 omni
1020 856 1168 890 lnimano
1197 856 1326 890 solatio
1351 861 1470 892 exten-

85 934 157 958 sum
184 924 235 957 sic
260 933 367 967 super
390 926 500 958 testas
526 922 712 968 relinquite
737 927 792 966 et,
818 933 891 957 cum
919 922 1099 965 defecerit,
1127 923 1293 957 nuntiate.
1342 922 1474 957 Favent

84 990 290 1035 quantoe-ius
324 990 471 1022 ministri
495 988 654 1023 crudeles
678 988 816 1022 domino
841 989 1050 1030 crudeliori,
1096 988 1158 1023 sed
1182 998 1262 1023 ecee
1288 998 1371 1030 rex,
1410 999 1472 1033 pro

83 1065 150 1100 quo
177 1054 276 1089 miles
302 1055 453 1099 patitur,
503 1065 650 1100 poenam
675 1057 895 1090 commutavit
919 1056 951 1088 in
976 1053 1138 1100 gloriam.
1194 1053 1280 1088 Nam
1308 1054 1473 1090 tenebrae

82 1122 232 1156 carceris
258 1119 302 1154 ab
325 1121 492 1155 immensa
515 1120 591 1155 luce
616 1121 850 1166 expelluntur,
875 1124 1043 1156 testarum
1069 1122 1244 1165 asperitas
1270 1122 1304 1154 in
1325 1122 1472 1154 omnium

80 1187 201 1221 florum
228 1187 435 1222 suavitatem
461 1191 623 1230 mutatur,
649 1187 835 1232 compedes
861 1186 1100 1221 dissolvuntur
1125 1191 1160 1221 et
1184 1186 1386 1232 angelorum
1415 1197 1471 1221 soa

81 1253 166 1287 latio
188 1252 386 1288 venerando
408 1252 609 1297 perfruitur.
637 1253 790 1297 Cumque
807 1263 913 1297 super
933 1252 1037 1286 flores
1057 1263 1132 1286 eum
1154 1252 1291 1298 angelis
1317 1253 1470 1297 psallens

82 1318 280 1360 incederet,
330 1317 521 1352 modulatio
553 1320 583 1360 ¹)
608 1318 717 1352 dulcis
751 1322 786 1352 et
812 1320 899 1352 mira
924 1319 1081 1351 suavitas
1108 1318 1229 1351 ssoruni
1256 1318 1376 1362 procul
1404 1318 1471 1351 dif-

83 1383 246 1419 funditur.
293 1383 475 1418 Perterriti
508 1383 670 1418 custodes
698 1394 772 1418 eum
800 1395 862 1428 per
887 1385 992 1417 rimas
1018 1384 1193 1425 carceris,
1245 1382 1339 1428 quod
1365 1385 1470 1425 intus,

82 1450 273 1492 vidissent,
314 1449 357 1483 ad
385 1448 482 1483 iidem
510 1451 671 1483 conversi
700 1454 789 1484 sunt.
860 1450 952 1484 llaec
979 1449 1125 1483 audiens
1151 1449 1326 1483 Dacianus
1353 1459 1470 1483 amens

83 1517 196 1550 factus
230 1517 300 1549 ait:
349 1518 383 1548 et
408 1514 489 1559 quid
517 1516 547 1548 ei
577 1515 725 1559 amplius
756 1516 953 1550 faciemus?
999 1513 1090 1549 Ecce
1117 1516 1205 1548 enim
1232 1515 1313 1548 victi
1340 1524 1468 1548 sumus.

83 1580 336 1616 Transferatur
368 1579 412 1614 ad
446 1579 607 1614 lectulum
633 1585 668 1614 et
695 1582 894 1615 stramentis
919 1581 1137 1615 mollioribus
1163 1583 1377 1624 reponatur,
1429 1590 1470 1614 ne

82 1647 160 1692 plus
184 1657 259 1682 eum
281 1647 472 1693 gloriosum
500 1645 681 1688 faciamus,
709 1648 738 1680 si
766 1646 856 1681 forte
884 1646 1053 1682 defecerit
1078 1648 1110 1680 in
1132 1647 1328 1687 tormentis,
1357 1644 1418 1680 sed
1436 1648 1471 1689 2)

82 1716 265 1758 postquam
283 1716 474 1754 recreatur,
501 1713 600 1746 novis
626 1714 748 1747 iterum
777 1713 959 1758 suppliciis
984 1715 1159 1758 puniatur.
1188 1712 1270 1746 Cum
1294 1712 1404 1757 igitur
1428 1711 1471 1745 ad

81 1782 226 1813 stratum
261 1779 453 1813 molliorem
489 1778 695 1823 deportatus
729 1783 824 1814 esset
849 1784 883 1814 et
909 1779 1035 1814 ibidem
1062 1778 1239 1824 paululum
1266 1778 1471 1822 quievisset,

82 1845 198 1879 statim
223 1846 380 1890 spiritum
415 1844 562 1878 tradidit
590 1846 683 1879 eirca
711 1854 821 1879 annos
850 1845 979 1879 domini
1007 1842 1261 1879 CCLXXXVlI
1287 1843 1351 1877 sub
1378 1842 1470 1888 [ηο-

81 1909 232 1945 cletia-no
265 1914 302 1945 et
331 1910 558 1946 Maximiano.
631 1911 706 1951 Quo
742 1910 860 1946 audito
886 1911 1061 1946 Dacianus
1088 1909 1309 1946 vehementer
1330 1910 1472 1954 expavit

83 1980 118 2010 et
143 1986 181 2010 se
206 1977 256 2010 sic
281 1977 407 2010 vietum
432 1976 554 2012 dolens
580 1979 648 2012 ait:
674 1978 740 2012 etsi
765 1988 833 2012 non
860 1978 958 2022 potui
982 1987 1058 2012 eum
1087 1986 1255 2021 superare
1282 1978 1468 2017 viventem,

82 2042 220 2086 puniam
245 2041 300 2076 vel
334 2041 531 2077 defunctum
567 2047 601 2078 et
635 2044 684 2077 sic
712 2043 872 2078 satiabor
893 2043 934 2078 de
961 2047 1075 2088 poena
1096 2047 1130 2078 et
1154 2043 1204 2076 sic
1232 2043 1362 2087 poterit
1387 2041 1470 2075 mihi

80 2108 264 2152 provenire
290 2108 449 2142 victoria.
483 2104 611 2143 'Jussu
637 2119 723 2155 ergo
750 2109 895 2144 Dat-iani
922 2119 1050 2154 corpus
1079 2110 1156 2154 ejus
1182 2109 1216 2142 in
1241 2118 1397 2152 eampum
1424 2107 1468 2141 ab

80 2171 204 2207 avibus
227 2175 262 2207 et
285 2172 409 2208 bestiis
434 2173 668 2209 devorandum
694 2177 899 2220 exponitur,
929 2175 990 2210 sed
1019 2175 1135 2209 statim
1161 2173 1365 2220 angelorum
1390 2183 1469 2208 cus-

80 2237 178 2271 todia
202 2240 439 2282 praemunitur
462 2243 496 2274 et
519 2241 684 2275 intactum
711 2251 732 2275 a
755 2241 877 2276 bestiis
902 2244 1143 2282 conservatur,
1170 2239 1320 2285 denique
1343 2249 1469 2274 corvus

80 2301 250 2347 ingluviei
274 2302 411 2338 deditus
439 2305 527 2339 alias
553 2315 637 2341 aves
664 2316 701 2341 se
721 2308 874 2352 maiores
903 2309 1034 2352 impetu
1051 2306 1185 2340 alarum
1211 2305 1332 2350 abegit
1356 2309 1390 2338 et
1415 2298 1473 2336 lu?

79 2377 157 2412 pum
187 2372 422 2403 accurrentem
446 2370 619 2405 morsibus
644 2377 678 2407 et
701 2371 912 2406 elamoribus
939 2372 1130 2417 effugavit,
1162 2372 1221 2414 qui
1249 2369 1380 2404 reflexo
1407 2378 1467 2402 ea-

76 2434 148 2478 pite
179 2433 214 2466 in
247 2436 389 2477 aspectu
423 2438 581 2480 eorporis
615 2438 705 2471 sacri
742 2437 830 2471 fixus
866 2439 1038 2477 cernitur,
1086 2438 1206 2478 utpote
1245 2436 1304 2479 qui
1337 2433 1463 2468 ibidem

78 2498 282 2543 angelorum
305 2499 498 2534 custodiam
525 2500 728 2536 mirabatur.
778 2500 878 2541 Quod
903 2500 1048 2535 audiens
1076 2500 1250 2535 Dacianus
1275 2502 1342 2534 ait:
1368 2503 1464 2545 puto,

80 2563 173 2609 quod
206 2574 318 2609 neque
351 2564 546 2600 defunctum
579 2570 703 2612 potero
728 2576 908 2611 superare.
980 2565 1085 2601 Jubet
1112 2575 1198 2611 ergo
1223 2567 1360 2611 corpori
1389 2566 1464 2610 ejus

162 2733 189 2764 l)
210 2731 262 2760 Ed.
282 2735 325 2760 Pr.
345 2732 421 2759 iii-‘ile
448 2732 624 2759 dilectis.
747 2734 774 2765 2)
801 2732 897 2764 Vulgo
925 2732 1045 2764 legitur.
1085 2742 1103 2766 p
1116 2731 1221 2759 otius
1248 2742 1285 2758 re
1297 2736 1427 2758 creatu
1440 2740 1451 2757 5

80 2775 246 2804 Rectiorem
264 2776 424 2805 lec-tionem
444 2777 560 2805 restitui
580 2787 616 2805 ex
637 2778 687 2805 ed.
709 2781 767 2808 t’r.‚
795 2777 846 2804 ubi
867 2776 1009 2812 scriptum
1031 2782 1088 2803 est:
1116 2781 1201 2812 post
1222 2780 1427 2803 recreatur.
