1742 3005
232 58 316 97 440
466 58 562 110 Cap.
594 59 679 97 C11.
736 59 795 97 De
826 59 967 96 sanctis
999 58 1166 97 Nazario
1196 66 1234 96 et
1264 57 1394 96 Celso.

233 163 424 198 martirium
461 161 627 206 pertulit,
663 163 722 207 qui
759 162 895 198 Petrum
930 173 1021 198 anno
1055 162 1256 204 ultimosui
1284 162 1421 207 imperit
1446 159 1628 203 crucifixit,

233 229 343 264 Linus
370 231 484 262 autem
510 231 591 272 post
612 231 756 262 mortem
783 227 878 263 Petri
904 238 997 274 papa
1022 227 1099 262 suit.
1147 228 1230 263 Cum
1257 232 1370 263 autem
1395 228 1488 273 patri
1515 226 1628 261 nulla-

234 297 335 328 tenus
370 293 583 336 assentiret,
617 293 680 328 sed
714 296 833 339 potius
866 293 1041 330 Christum
1076 295 1359 328 constantissime
1393 293 1628 338 praedicaret,

235 358 279 392 ad
313 368 436 403 preces
471 363 674 403 parentum,
719 362 796 405 qni,
850 371 894 395 ne
937 359 1180 401 occideretur,
1222 358 1413 401 timebant,
1464 358 1506 393 de
1542 358 1631 392 urbe

234 424 344 459 Roma
364 426 450 458 exiit
476 429 510 459 et
536 424 597 459 Vll
625 427 798 460 samarios
822 426 866 461 de
891 430 1072 471 parentum
1104 425 1237 460 divitiis
1263 428 1428 458 oneratos
1454 425 1631 468 accipiens

235 502 300 535 per
333 492 494 526 civitates
526 490 653 526 Italiae
688 494 782 527 venit
818 496 852 527 et
887 493 1002 526 omnia
1028 491 1243 537 pauperibus
1269 491 1443 535 erogavit.
1491 489 1632 523 Decimo

236 560 349 591 autem
376 566 466 590 anno
493 556 727 603 digressionis
754 569 838 593 suae
867 568 887 592 a
913 557 1021 592 Roma
1045 557 1258 592 Placentiam
1285 560 1317 591 et
1345 554 1472 589 deinde
1493 554 1632 590 Medio-

236 621 351 656 lanum
378 621 570 657 adveniens
597 628 737 658 sanctos
767 623 969 659 Gervasium
998 627 1031 658 et
1057 623 1253 657 Protasium
1280 621 1408 655 ibidem
1437 622 1470 655 in
1494 630 1635 654 carcere

237 687 387 722 detineri
414 690 564 732 reperit,
599 689 719 723 audito
747 694 882 731 autem,
917 689 1008 734 quod
1037 688 1207 723 Nazarius
1243 687 1446 733 praedictos
1474 687 1635 720 martires

236 754 425 796 animaret,
462 755 530 787 cito
556 754 600 788 ad
627 754 842 800 praefectum
876 754 1092 800 pertrahitur
1124 758 1158 788 et
1184 754 1218 787 in
1251 753 1472 787 consessione
1505 751 1635 786 Christi

236 819 430 864 perdurans
466 820 618 854 fustibus
654 821 883 864 verberatur,
919 825 954 855 et
990 821 1039 854 sic
1080 830 1121 854 ex
1147 818 1232 853 urbe
1258 818 1320 852 illa
1345 818 1522 862 projectus
1557 817 1636 850 dum

238 885 281 920 de
307 886 384 920 loeo
411 885 455 920 ad
480 886 592 920 locum
618 891 806 933 pergeret,
842 890 953 921 mater
978 887 1076 931 ejuS,
1111 894 1201 930 quae
1226 883 1385 926 obierat,
1423 882 1492 917 sibi
1524 891 1637 927 appa-

237 952 306 986 ruit
333 955 366 986 et
393 950 498 985 filium
524 962 621 986 suum
651 953 876 994 confortans,
905 956 942 986 ut
967 952 1010 985 ad
1037 950 1170 986 Gallias
1198 953 1419 996 properaret,
1446 948 1635 982 admonuit.

239 1017 391 1063 Cumque
424 1017 468 1051 ad
494 1017 613 1052 urbem
649 1017 808 1062 Galliae,
845 1029 936 1064 quae
970 1017 1145 1052 Gemellus
1182 1017 1326 1058 dicitur,
1363 1015 1567 1049 advenisset
1605 1018 1639 1049 et

238 1083 367 1117 ibidem
395 1083 562 1128 plurimos
588 1086 835 1126 convertisset,
865 1085 1034 1130 quaedam
1061 1088 1220 1117 matrona
1246 1082 1351 1116 filium
1377 1091 1476 1115 suum
1500 1082 1639 1114 nomine

240 1148 377 1183 Celsum
406 1149 600 1194 elegantem
627 1161 769 1194 puerum
795 1151 863 1184 sibi
893 1149 1034 1191 obtulit,
1060 1159 1213 1195 rogans,
1240 1152 1277 1182 ut
1302 1149 1413 1192 ipsum
1440 1146 1640 1191 baptizaret

241 1220 275 1250 et
311 1225 426 1250 seeum
460 1213 614 1250 duceret.
664 1215 765 1256 Quod
800 1216 1001 1261 praefectus
1032 1215 1222 1250 Galliarum
1249 1213 1394 1247 audiens
1426 1214 1537 1257 ipsum
1563 1222 1638 1246 cum

239 1291 350 1326 puero
377 1281 481 1316 Celso
505 1285 600 1316 retro
630 1281 788 1316 manibus
815 1284 965 1316 vinctum
999 1285 1032 1317 et
1066 1281 1157 1315 collo
1196 1284 1322 1315 catena
1356 1281 1579 1314 constrictum
1604 1281 1639 1314 in

239 1357 382 1383 earcere
410 1348 574 1390 reclusit,
604 1352 640 1382 ut
666 1358 740 1382 eum
767 1349 800 1381 in
825 1349 980 1382 erastino
1005 1349 1187 1382 tormentis
1213 1345 1381 1381 afficeret.
1430 1345 1527 1380 Tune
1552 1356 1642 1379 uxor

241 1424 306 1448 sua
337 1415 433 1448 misit
465 1414 510 1448 ad
547 1425 623 1449 eum
658 1424 822 1449 asse-rens
857 1415 1022 1459 injustum
1052 1424 1131 1449 esse
1161 1412 1343 1458 judicium,
1377 1414 1414 1445 nt
1439 1413 1643 1445 innoeentes

241 1479 420 1515 occideret
441 1484 475 1515 et
492 1480 586 1515 Deos
606 1481 863 1525 omnipotentes
882 1480 1060 1514 vindicare
1078 1482 1329 1524 praesumeret.
1365 1477 1498 1517 Quibus
1520 1476 1638 1511 verbis

241 1555 389 1590 praeses
405 1551 584 1581 correctus
602 1551 743 1580 sanctos
762 1546 927 1589 absolvit,
952 1547 1011 1581 sed
1029 1557 1071 1580 ne
1087 1545 1133 1579 ibi
1146 1545 1353 1591 praedicare
1367 1547 1642 1589 praesumerent,

243 1610 422 1645 admonuit
444 1617 477 1646 et
501 1613 692 1648 interdixit.
719 1613 822 1649 Venit
842 1618 955 1647 autem
976 1612 1020 1647 ad
1042 1612 1162 1647 urbem
1182 1611 1340 1648 Treviris
1364 1608 1643 1644 etibiCbristum

243 1678 374 1722 primus
404 1679 616 1722 praedicans
641 1684 675 1714 et
693 1679 817 1713 multos
831 1679 873 1713 ad
904 1679 1004 1713 tidem
1033 1678 1161 1712 Christi
1188 1681 1394 1711 convertens
1422 1675 1549 1709 ibidem
1574 1673 1644 1708 sibi

245 1743 431 1777 ecelesiam
458 1745 671 1780 aedificavit.
723 1745 821 1785 Quod
847 1746 994 1779 audiens
1024 1744 1206 1778 Cornelius
1239 1744 1391 1777 vicarius
1417 1742 1547 1776 Neroni
1581 1741 1644 1773 im-

243 1810 400 1852 peratOri
426 1810 625 1852 mandavit,
662 1811 720 1855 qui
755 1811 778 1844 C
814 1811 940 1845 milites
975 1810 1019 1843 ad
1047 1820 1122 1843 eum
1147 1807 1352 1852 capiendum
1380 1807 1484 1840 misit.
1535 1805 1644 1845 Quem

244 1884 318 1908 cum
344 1874 393 1908 illi
414 1878 517 1920 juxta
542 1877 755 1917 oratorium,
783 1875 875 1921 quod
902 1875 971 1910 sibi
998 1879 1254 1916 construxerat,
1285 1875 1521 1914 invenissent,
1549 1872 1643 1917 liga-

245 1944 369 1974 verunt
397 1951 517 1975 manus
545 1942 621 1986 ejus
647 1941 823 1975 dicentes:
854 1952 999 1987 magnus
1026 1940 1117 1975 Nero
1146 1944 1179 1974 te
1206 1944 1319 1974 vocat.
1370 1939 1503 1979 Quibus
1528 1937 1644 1972 Naza-

245 2006 339 2039 rius:
364 2007 616 2051 incompositus
642 2019 703 2042 rex
730 2009 979 2055 incompositos
1004 2007 1131 2040 milites
1158 2005 1287 2047 habct;
1326 2014 1435 2050 quare
1470 2005 1559 2038 enim
1586 2014 1646 2038 ve-

245 2072 381 2106 nientes
408 2071 556 2108 honeste
581 2084 650 2108 non
674 2073 835 2107 dixistis:
860 2073 952 2108 Nero
976 2077 1010 2107 te
1039 2076 1161 2114 vocat,
1189 2075 1223 2105 et
1248 2073 1435 2106 venissem.
1488 2069 1647 2118 Vinctum

245 2138 356 2183 igitur
387 2137 433 2172 ad
467 2138 640 2175 Neronem
676 2139 851 2174 ducebant
888 2143 922 2173 et
954 2149 1098 2184 puerum
1133 2137 1270 2172 Celsum
1303 2137 1498 2181 plorantem
1532 2136 1647 2180 alapis

247 2204 448 2247 caedentes,
474 2210 511 2239 ut
536 2209 755 2251 sequeretur,
782 2204 970 2251 urgebant.
1022 2204 1116 2244 Quos
1145 2214 1218 2238 eum
1241 2202 1332 2238 Nero
1360 2203 1518 2245 vidisset,
1539 2203 1649 2248 jussit

247 2280 309 2305 eos
336 2271 369 2304 in
397 2280 540 2305 earcere
565 2270 711 2312 recludi,
738 2270 850 2305 donec
875 2272 972 2315 ipsos
998 2270 1183 2315 suppliciis
1213 2271 1423 2315 excogitatis
1449 2270 1646 2314 perimeret.

247 2335 386 2372 interea
412 2346 485 2371 cum
511 2335 604 2371 Nero
631 2335 781 2382 quadam
809 2338 884 2371 viee
909 2336 952 2370 ad
980 2335 1172 2381 capiendas
1200 2335 1295 2369 seras
1321 2336 1476 2369 misisset
1501 2338 1646 2370 venato-

250 2390 320 2444 res,
348 2402 466 2437 subito
494 2403 644 2438 serarum
672 2402 853 2436 multitudo
884 2412 1068 2446 erumpens
1093 2401 1295 2436 viridarium
1320 2400 1469 2436 Neronis
1494 2400 1646 2440 intravit,

249 2468 309 2502 ubi
333 2470 459 2503 multos
484 2469 657 2503 laceravit
684 2472 718 2502 et
743 2467 933 2514 plerosque
958 2467 1106 2510 occidit,
1144 2468 1179 2501 in
1213 2471 1366 2509 tantum,
1396 2471 1434 2500 ut
1456 2466 1548 2505 Nero
1574 2468 1647 2498 tur-

251 2533 355 2569 batus
382 2534 571 2582 diffugeret
601 2538 635 2569 et
659 2534 842 2568 vulnerato
867 2533 957 2579 pede
984 2535 1039 2568 vix
1066 2533 1109 2567 ad
1136 2532 1303 2578 palatium
1339 2532 1504 2577 pervenit.
1553 2529 1648 2564 Mul-

252 2601 298 2634 tis
328 2606 442 2635 autem
471 2600 597 2636 diebus
618 2601 712 2635 illius
729 2600 883 2636 vulneris
914 2599 1037 2634 dolore
1060 2598 1270 2634 decumbens
1293 2595 1432 2631 tandem
1453 2594 1594 2629 Nazarii
1615 2599 1649 2630 et

255 2664 350 2700 Celsi
372 2667 524 2700 meminit
543 2670 576 2701 et
595 2667 731 2712 putarit
750 2665 844 2701 Deos
865 2664 934 2700 sibi
955 2665 1066 2700 iratos
1085 2663 1208 2706 fuisse,
1233 2672 1275 2697 eo
1294 2660 1387 2707 quod
1403 2660 1532 2695 tamdiu
1551 2662 1649 2706 ipsus
