1742 3005
276 112 357 151 810
552 111 648 160 Cap.
680 110 884 147 CLXXIX.
943 111 1003 147 De
1036 111 1206 161 Agathou
1237 114 1384 151 abbate.

277 218 433 263 aequalis
461 225 533 249 sum
558 216 647 257 cani,
673 216 744 260 qui,
769 225 842 249 eum
869 218 1034 257 sectatur,
1060 214 1157 249 foras
1182 215 1372 260 egreditur.
1418 215 1659 263 Interrogatus

278 282 462 328 Agathou,
497 290 587 325 quae
620 282 728 315 virtus
761 282 838 326 plus
877 281 1023 317 haberet
1054 281 1208 322 laboris,
1241 281 1441 326 respondit:
1474 287 1556 327 puto
1592 294 1660 316 non

277 359 356 383 esse
384 347 487 381 talem
515 346 690 389 laborem,
717 348 853 392 qualem
879 358 981 383 orare
1008 348 1136 391 Deum3
1162 357 1239 381 nam
1266 348 1395 381 inimici
1423 348 1498 392 ejus
1524 358 1661 392 semper

277 415 438 448 laborant
465 413 542 457 ejus
568 415 761 448 orationem
789 414 992 456 destruere,
1020 424 1097 449 uam
1126 416 1161 448 in
1185 415 1335 448 caeteris
1355 412 1538 447 laboribus
1558 413 1659 447 homo

275 481 426 525 aliquam
454 480 606 524 requiem
635 479 812 523 possidet,
848 485 970 514 orator
1005 485 1118 515 autem
1157 490 1245 524 opus
1274 479 1380 514 habet
1405 480 1520 524 magui
1548 483 1660 514 certa-

275 547 387 580 minis.
434 544 675 590 Interrogatus
701 545 866 591 Agathon
892 556 913 580 a
942 546 1089 591 quodam
1116 546 1244 587 fratre,
1278 544 1450 590 quomodo
1489 555 1563 579 cunt
1590 544 1661 579 sra-

273 613 386 647 tribus
421 611 582 646 habitare
615 610 780 654 deberet,
816 613 881 646 ait:
914 614 1004 646 sieut
1036 614 1070 646 in
1102 613 1214 657 prima
1245 611 1314 654 die,
1347 615 1380 646 et
1406 621 1475 644 non
1500 619 1660 644 assumas

275 677 453 719 lidueiam,
491 688 560 710 nou
593 680 647 711 est
680 678 769 711 euim
803 679 905 723 pejor
940 680 1059 722 passio
1096 687 1196 723 quam
1233 677 1380 719 iidueia,
1422 677 1575 721 genitrix
1609 679 1662 711 est

273 745 362 778 enim
404 744 552 777 omnium
594 743 807 786 passionum.
872 743 966 777 Dixit
1002 745 1142 777 iterum:
1182 742 1388 784 iracundus,
1430 743 1461 775 si
1505 745 1660 776 mortuos

273 810 439 851 suscitet,
486 819 554 842 nou
595 808 712 853 placet
749 809 854 842 alicui
894 808 948 843 vel
989 808 1062 843 Deo
1114 812 1258 852 propter
1300 806 1514 841 iracundiam
1551 816 1658 840 suam.

272 874 395 909 Frater
419 874 558 920 quidam
586 874 773 908 iracundus
802 876 893 908 intra
918 885 957 909 se
983 876 1049 909 ait:
1075 875 1106 908 si
1130 874 1226 908 solus
1252 873 1467 915 habitarem,
1503 872 1548 906 ad
1574 873 1659 906 iram

272 952 342 975 non
371 942 441 974 cito
475 950 643 974 moverer.
693 940 848 981 Quadam
890 941 987 982 vice,
1034 950 1108 974 cum
1146 939 1322 974 urceolum
1357 948 1450 984 aqua
1488 938 1659 983 impleret,

273 1010 435 1042 versatus
470 1010 544 1048 est3
585 1005 737 1040 seeundo
769 1006 925 1050 implevit
957 1010 990 1040 et
1023 1008 1145 1041 iteruin
1178 1010 1338 1041 versatus
1363 1008 1435 1047 est;
1468 1005 1571 1039 tertio
1597 1005 1659 1038 im-

273 1072 381 1117 plevit
415 1075 449 1105 et
479 1074 638 1106 versatus
673 1075 745 1112 est,
781 1072 840 1115 qui
874 1076 1064 1106 commotus
1103 1072 1221 1107 surore
1254 1071 1361 1117 fregit
1386 1071 1576 1108 vasculum.
1623 1069 1659 1103 ln

273 1149 310 1173 se
337 1141 451 1171 autem
481 1146 643 1171 reversus
671 1138 856 1182 coguovit,
890 1138 981 1182 quod
1016 1138 1059 1172 ab
1097 1138 1219 1173 eodem
1251 1138 1421 1171 daemone
1456 1136 1659 1170 iracundiae

272 1206 318 1238 sit
342 1203 487 1245 illusus,
528 1206 563 1237 et
596 1202 700 1237 dixit:
746 1213 829 1238 ecoe
863 1203 962 1238 solus
996 1214 1070 1238 sum
1104 1208 1139 1238 et
1161 1207 1274 1238 tamen
1306 1205 1361 1237 ira
1388 1213 1440 1237 me
1466 1203 1567 1244 vicit;
1604 1212 1659 1236 re-

272 1273 391 1304 vertar
414 1279 500 1314 ergo
526 1270 561 1302 in
585 1271 908 1315 congregationem,
936 1271 1018 1315 quia
1042 1270 1171 1315 ubique
1190 1269 1291 1304 labor
1309 1255 1343 1304 et
1358 1268 1487 1313 ubique
1503 1270 1659 1313 patentia

271 1340 306 1371 et
331 1335 509 1380 adJutorio
536 1334 600 1369 Dei
627 1346 715 1380 opus
743 1339 806 1370 est.
856 1335 882 1370 E
912 1340 1032 1370 contra
1064 1339 1163 1371 erant
1186 1335 1253 1369 duo
1279 1335 1427 1376 fratres,
1459 1335 1517 1379 qui
1541 1335 1657 1368 multis

270 1403 371 1436 annis
385 1402 528 1436 invicem
542 1404 793 1437 conversantes
806 1412 979 1447 nunquam
990 1401 1034 1436 ad
1049 1401 1261 1436 iracundiam
1280 1404 1443 1446 poteraut
1457 1402 1655 1445 provocari.

272 1467 428 1507 Quadam
449 1468 523 1502 vice
542 1466 631 1501 dixit
647 1475 734 1502 unus
753 1467 876 1502 alteri:
903 1467 1070 1503 faciamus
1091 1472 1125 1504 et
1139 1478 1202 1502 nos
1215 1467 1320 1510 litem,
1339 1469 1427 1502 sicut
1441 1466 1597 1501 homiues
1616 1466 1658 1501 de

270 1533 395 1567 mundo
423 1533 564 1568 faciunt.
614 1532 656 1567 Et
682 1533 741 1568 ille
759 1534 963 1578 respondit:
989 1536 1121 1578 neseio,
1148 1534 1300 1579 qualiter
1319 1533 1379 1568 liat
1405 1533 1461 1568 lis.
1509 1531 1554 1567 Et
1571 1533 1659 1567 dixit

271 1600 398 1633 l'rater:
427 1610 518 1644 pono
545 1600 578 1632 in
603 1599 717 1633 medio
744 1600 948 1634 laterculum
975 1605 1009 1635 et
1034 1600 1136 1643 dieo,
1162 1611 1271 1635 meum
1298 1603 1369 1642 est,
1394 1604 1431 1634 tu
1458 1603 1570 1634 autem
1591 1599 1657 1639 dio,

268 1675 348 1706 non,
375 1664 437 1700 sed
456 1675 565 1700 meum
585 1669 649 1707 est,
669 1669 704 1700 et
722 1665 801 1700 iude
817 1665 875 1700 liet
895 1666 966 1701 litis
994 1667 1138 1701 initium.
1188 1666 1310 1701 Posita
1333 1670 1386 1702 est
1405 1676 1492 1711 ergo
1510 1669 1603 1699 testa
1623 1666 1657 1699 in

268 1730 395 1765 medio.
432 1731 527 1765 Dixit
543 1742 648 1765 unus:
674 1741 784 1766 meum
808 1736 862 1766 est
879 1732 957 1775 hoc,
985 1737 1019 1766 et
1036 1733 1126 1768 alter
1146 1732 1248 1767 dixit:
1274 1743 1354 1775 nou,
1381 1732 1443 1767 sed
1462 1742 1570 1767 meum
1591 1736 1654 1766 est.

269 1795 311 1829 Et
328 1796 387 1831 ille
413 1797 614 1842 respondit:
641 1799 757 1839 etiam,
782 1801 874 1832 tuum
904 1802 968 1840 est,
993 1798 1079 1832 tolle
1104 1809 1190 1844 ergo
1217 1803 1251 1833 et
1273 1798 1372 1834 vade.
1418 1796 1461 1832 Et
1478 1798 1654 1832 discesse-

269 1866 347 1895 runt
371 1873 435 1896 nec
462 1865 552 1897 iuter
577 1873 615 1897 se
640 1863 851 1898 contendere
873 1867 1074 1907 potueruut.
1122 1862 1207 1899 Erat
1223 1867 1336 1897 autem
1358 1862 1469 1897 abbas
1488 1862 1654 1908 Agathou

266 1928 409 1970 sapiens
437 1927 480 1960 ad
509 1927 791 1973 intelligendum,
826 1929 975 1973 impiger
1000 1928 1044 1961 ad
1076 1927 1325 1968 laborandum,
1360 1937 1488 1972 parcus
1515 1929 1549 1961 iu
1575 1928 1653 1961 cibo

265 1996 371 2036 atque
398 1994 616 2027 vestimento.
665 1993 759 2027 Dixit
784 1997 917 2026 autem:
953 1992 1139 2027 seeundum
1176 1993 1387 2028 voluntatem
1427 2003 1536 2027 meam
1564 2004 1651 2027 uun-

264 2067 366 2101 quam
393 2057 540 2091 dormivi
567 2059 719 2092 retiuens
749 2059 783 2091 iu
809 2058 915 2096 eorde
941 2058 1111 2092 adversus
1138 2068 1341 2103 quemquam
1375 2059 1549 2101 dolorem,
1583 2071 1652 2093 non

264 2122 381 2155 dimisi
413 2122 564 2158 dormire
599 2123 703 2157 alium
740 2122 924 2158 habentem
959 2123 1141 2158 adversum
1177 2134 1229 2158 me
1265 2124 1410 2169 aliquid.
1458 2124 1652 2160 Moriturus

262 2199 404 2233 quoque
433 2188 598 2233 Agathou
634 2188 746 2223 tribus
783 2188 908 2223 diebus
954 2190 1081 2223 mansit
1120 2189 1305 2224 immobilis
1343 2194 1485 2235 apertos
1528 2194 1650 2225 teneus

262 2253 399 2290 oculos,
450 2254 514 2293 Qui
549 2266 622 2289 cum
658 2255 856 2300 pulsaretur
887 2264 908 2289 a
943 2254 1132 2298 fratribus,
1167 2255 1365 2300 respondit:
1402 2257 1436 2289 in
1462 2260 1650 2300 conspectu

262 2319 370 2353 divini
393 2318 522 2364 judieii
549 2323 690 2355 assisto.
739 2321 864 2355 Dicunt
889 2322 937 2355 ei:
972 2325 1006 2355 ct
1037 2325 1074 2355 tu
1104 2323 1233 2356 times?
1280 2319 1323 2355 Et
1356 2321 1435 2356 ille:
1471 2323 1505 2355 in
1531 2326 1651 2355 custo-

261 2383 399 2419 diendis
425 2385 596 2420 mandatis
622 2386 686 2421 Dei
712 2388 856 2429 virtute,
890 2397 958 2432 qua
983 2388 1099 2431 potui,
1135 2387 1316 2429 laboravi;
1349 2387 1413 2422 sed
1446 2387 1547 2422 honio
1574 2399 1646 2423 sum

259 2455 295 2485 et
320 2452 460 2492 neseio,
488 2456 598 2485 utrum
626 2452 830 2496 placuerunt
856 2463 966 2497 opera
991 2462 1068 2487 mea
1093 2453 1242 2487 domino.
1292 2453 1418 2488 Dicunt
1443 2455 1494 2488 ei:
1522 2458 1556 2489 et
1579 2464 1645 2488 non

261 2516 407 2550 contidis
434 2516 476 2551 de
504 2517 671 2562 operibus
700 2520 781 2559 tuis,
811 2518 902 2564 quini
923 2518 1111 2553 secuudum
1127 2518 1233 2553 Deum
1260 2520 1366 2553 suut?
1412 2517 1455 2553 Et
1477 2519 1550 2553 ille:
1576 2529 1643 2552 non

260 2592 458 2625 praesumo,
487 2583 598 2617 donec
625 2594 752 2618 venero
779 2589 859 2619 ante
889 2584 994 2626 illum,
1023 2584 1126 2619 aliter
1151 2585 1240 2618 enim
1268 2588 1348 2618 sunt
1367 2584 1504 2629 judicia
1521 2583 1582 2618 Dei
1611 2589 1644 2619 et

259 2646 361 2679 aliter
382 2649 519 2691 judicia
543 2648 727 2684 homiuum.
779 2650 860 2684 Cum
886 2655 1000 2685 autem
1028 2661 1103 2685 eum
1129 2649 1242 2685 adhue
1261 2651 1479 2695 interrogare
1501 2649 1640 2691 vellent,

258 2711 325 2744 ait:
353 2713 528 2749 ostendite
554 2717 734 2751 caritatem
761 2721 794 2751 et
820 2717 927 2752 nolite
953 2727 1081 2751 mecum
1107 2716 1213 2760 loqui,
1240 2717 1320 2761 quia
1340 2718 1530 2757 occupatus
1556 2726 1627 2750 sum
