1742 3005
265 116 345 155 942
389 119 483 166 Cap.
501 113 731 152 chXVflt
750 120 789 150 et
810 114 1016 154 CCXXlX.
1046 117 1106 154 De
1121 129 1151 153 ε.
1170 117 1362 162 Ηριιοι·ειῐο
1381 123 1418 155 et
1436 118 1641 154 Fusciano.

635 341 762 403 GAP.
798 340 1061 403 ccxxvlll.
1097 341 1252 405 (199.)

443 443 560 486 De
617 442 932 486 sancto
992 442 1466 488 Honorato.

363 551 503 577 venantii
529 550 681 584 quondam
700 550 819 586 patricii
838 550 869 576 iu
889 550 1017 577 Savinae
1036 551 1173 586 partibus
1192 550 1267 577 villa
1286 550 1360 585 snit,
1387 551 1417 577 in
1444 560 1501 584 qua
1528 550 1652 576 colonus

261 597 323 630 ejus
342 595 437 622 filiuni
457 599 640 622 Honoratum
659 596 780 622 nomine
798 595 918 627 habuit,
942 595 993 628 qui
1019 596 1056 621 ab
1082 596 1167 623 annis
1185 594 1354 630 puerilibus
1375 595 1412 622 ad
1432 604 1564 622 amorem
1583 603 1651 622 coe-

258 641 342 667 lestis
362 641 480 675 patriae
500 650 552 675 per
571 641 785 667 abstinentiam
804 640 930 672 exarsit,
956 650 1081 674 cumque
1101 646 1162 667 tam
1180 650 1287 672 magna
1306 640 1535 668 conversatione
1554 639 1651 674 polle-

258 690 301 711 ret
321 694 446 717 seseque
466 686 524 718 jam
543 685 580 711 ab
601 685 700 711 otioso
719 694 856 712 sermone
875 685 1066 717 restringeret
1084 687 1288 719 multumque,
1314 690 1346 712 ut
1372 685 1538 720 praefatur,
1567 694 1651 711 suam

257 739 311 764 per
329 729 542 756 abstinentiam
563 739 681 756 carnem
700 729 851 762 domaret,
879 729 1008 762 quadam
1035 730 1084 756 die
1110 736 1250 764 parentes
1269 731 1350 758 illius
1370 730 1478 758 vicinis
1498 728 1559 756 suis
1579 737 1650 755 con-

257 774 373 801 viviiun
391 774 542 806 fecerunt,
567 773 599 800 in
626 782 684 807 quo
704 773 744 799 ad
761 773 946 799 vescendum
965 783 1069 800 carnes
1088 779 1209 808 paratae
1229 779 1306 802 sunt.
1343 777 1423 810 Quas
1450 774 1521 800 dum
1540 773 1591 800 ille
1611 773 1649 799 ad

257 828 342 846 esum
361 819 533 851 contingere
552 827 607 853 pro
627 818 829 845 abstinentiae
849 826 950 844 amore
969 823 1133 851 recusaret,
1161 824 1324 853 coeperunt
1344 824 1482 854 parentes
1502 821 1565 853 ejus
1584 818 1649 845 irri-

257 864 328 891 dere
348 869 377 891 et
397 863 513 891 dicere:
542 863 681 895 comede,
705 863 852 896 numquid
870 863 985 898 piscem
1004 863 1035 890 in
1053 863 1098 890 his
1119 863 1272 890 montibus
1292 863 1421 890 ablaturi
1440 870 1556 891 sumust
1592 863 1649 890 Illo

255 918 328 936 vero
355 909 385 935 in
412 909 479 936 loco
506 908 603 935 audiri
628 908 728 942 pisces
752 913 972 935 consueverant
998 918 1052 935 nec
1079 908 1188 938 videri.
1223 908 1284 936 Sed
1310 918 1378 935 cum
1396 908 1442 935 his
1461 908 1649 935 sermonibus

256 955 363 980 beatus
383 957 551 980 Honoratus
570 953 759 985 irrideretur,
787 957 911 987 repente
930 953 961 979 in
980 953 1154 980 convivium
1174 963 1248 987 aqua
1269 953 1309 979 ad
1326 952 1525 980 ministerium
1544 951 1649 984 detuit,

255 1008 382 1032 cumque
409 998 499 1025 situla
526 998 640 1030 lignea,
668 997 744 1024 sicut
771 997 833 1024 illic
859 1006 924 1024 mos
944 1003 1003 1031 est,
1031 998 1215 1033 mancipium
1241 998 1280 1024 ad
1305 997 1421 1025 sontem
1447 996 1592 1032 perrexit,
1618 1001 1650 1024 ut

255 1043 386 1070 hauriret
409 1052 527 1075 aquam.
562 1042 655 1069 Piscis
682 1042 802 1069 situlam
825 1042 949 1069 intravit
976 1052 1190 1076 reversumque
1215 1043 1399 1078 mancipium
1423 1047 1491 1069 ante
1517 1051 1568 1070 ora
1587 1042 1649 1069 dis-

255 1087 460 1115 cumbentium
485 1086 599 1121 piscem
626 1096 692 1113 cum
719 1097 797 1120 aqua
823 1087 966 1120 effundit,
998 1089 1049 1121 qui
1084 1088 1122 1114 ad
1156 1088 1249 1115 totius
1275 1089 1335 1115 diei
1360 1088 1474 1115 victum
1500 1087 1650 1122 potuisset

255 1137 407 1159 Honorato
428 1130 573 1158 sufficere.
611 1131 759 1158 Admirati
778 1141 882 1159 omnes
902 1137 1025 1165 totaque
1044 1132 1096 1159 illa
1114 1138 1272 1167 parentum
1292 1133 1388 1161 irrisio
1406 1134 1546 1166 cessavit,
1565 1143 1646 1159 nam—

254 1188 312 1211 que
333 1185 460 1211 coepere
482 1176 513 1202 in
532 1179 685 1203 Honor-ato
705 1177 844 1203 venerari
863 1176 1086 1209 abstinentiam,
1107 1188 1196 1210 quani
1215 1182 1283 1205 aute
1303 1178 1491 1211 deridebant,
1511 1178 1613 1212 sicque
1633 1188 1649 1205 a

253 1222 309 1248 Dei
327 1221 448 1248 homine
468 1220 616 1248 irrisionis
637 1221 762 1248 detersit
781 1221 945 1257 opprobria
965 1221 1058 1256 piscis
1085 1221 1122 1248 de
1143 1227 1254 1251 monte.
1289 1223 1346 1258 Qui
1365 1233 1432 1250 cum
1450 1224 1566 1255 magnis
1586 1222 1647 1250 vii·-

252 1267 367 1294 tutibus
387 1270 543 1298 cresceret,
563 1276 579 1293 a
598 1267 753 1301 praedicto
773 1267 897 1294 domino
917 1275 970 1294 suo
987 1266 1128 1293 libertate
1148 1267 1277 1294 donatus
1297 1273 1342 1295 est
1361 1272 1449 1301 atque
1466 1268 1497 1294 in
1515 1276 1551 1295 eo
1570 1268 1646 1300 loeo,

233 1312 304 1346 -qui
329 1311 440 1338 fundus
468 1311 592 1343 dicitur,
616 1312 833 1339 monasterium
859 1311 1042 1344 construxit,
1070 1311 1100 1338 in
1127 1321 1185 1345 quo
1213 1312 1410 1339 ducentorum
1433 1313 1647 1339 monachorum

253 1361 341 1392 pater
366 1356 481 1383 exstitit
506 1355 609 1389 ibique
634 1357 699 1384 vita
723 1357 806 1385 illius
833 1357 1063 1390 circumquaque
1090 1356 1228 1392 exempla
1255 1356 1381 1385 eximiae
1406 1357 1646 1384 conversationis

253 1401 347 1430 dedit.
385 1401 521 1436 Quadam
541 1401 620 1428 enim
639 1402 688 1429 die
708 1412 745 1429 ex
763 1411 798 1429 eo
822 1407 938 1435 monte,
966 1402 1017 1435 qni
1043 1402 1105 1435 ejus
1132 1402 1315 1429 monasterio
1341 1402 1372 1429 in
1399 1402 1550 1429 excelsum
1576 1410 1645 1437 pro-

252 1447 362 1480 minet,
383 1446 512 1478 ingentis
531 1446 595 1473 saxi
614 1447 708 1474 moles
728 1451 834 1482 erupta
854 1452 915 1479 est,
943 1456 1018 1479 quae
1044 1456 1098 1481 per
1125 1446 1275 1473 devexum
1293 1448 1403 1475 montis
1422 1448 1500 1475 latus
1519 1446 1644 1474 veniens

251 1491 346 1518 totius
372 1491 487 1518 ruinam
514 1491 608 1519 cellae
635 1492 827 1526 omniumque
846 1492 971 1519 fratrum
990 1491 1144 1519 interitum
1162 1492 1341 1521 minabatur,
1379 1494 1475 1527 Quam
1500 1501 1567 1518 cum
1593 1500 1646 1518 ve-

252 1537 384 1563 nientem
403 1537 534 1571 desuper
555 1537 602 1563 vir
626 1542 745 1564 sanctus
764 1537 907 1570 vidisset,
931 1542 1000 1572 post
1026 1536 1156 1564 nominis
1183 1540 1253 1564 Jesu
1279 1537 1502 1564 invocationem
1529 1537 1645 1569 signum

252 1581 347 1608 crucis
366 1580 393 1607 ei
412 1582 556 1616 opposuit
576 1586 604 1609 et
623 1582 654 1610 in
678 1582 788 1610 montis
814 1582 908 1610 latere
934 1581 1093 1609 cadentem
1118 1582 1198 1615 fixi15
1221 1587 1250 1610 et
1271 1587 1343 1618 post
1368 1582 1471 1618 plures
1495 1590 1589 1609 annos
1615 1581 1645 1609 iu

253 1625 375 1653 domiuo
394 1625 555 1659 requievit.

656 1942 781 2004 GAP.
818 1940 1041 2002 ccxxlx.
1075 1939 1241 2004 (200.)

351 2042 461 2086 De
491 2040 752 2086 sancto
782 2040 1166 2087 Fusciano
1203 2040 1540 2087 martire,

352 2151 554 2179 Rictionarius
574 2150 605 2178 in
624 2151 765 2179 cathedra
784 2149 976 2186 pestilentiae
995 2150 1131 2178 residens
1149 2153 1217 2186 post
1238 2153 1365 2177 mortem
1384 2149 1486 2177 datam
1504 2158 1559 2185 per
1578 2158 1644 2177 euin

252 2202 280 2224 et
299 2196 442 2231 adeptam
461 2205 601 2224 coronam
620 2197 747 2224 martirii
765 2207 781 2223 a
800 2197 890 2223 beato
910 2195 1064 2232 omnlino,
1083 2200 1203 2222 sanctus
1222 2196 1278 2223 Dei
1291 2195 1452 2223 Fuscianus
1467 2204 1534 2222 cum
1554 2195 1644 2222 beato

251 2241 403 2270 Victorino
428 2241 559 2268 fraterna
589 2242 712 2269 caritate
738 2240 874 2269 succensi
899 2245 928 2268 et
954 2241 984 2268 in
1007 2241 1067 2268 fide
1092 2240 1207 2268 domini
1230 2240 1326 2268 nostri
1351 2243 1423 2268 Jesu
1442 2240 1551 2268 Christi
1574 2239 1644 2267 sun-

252 2286 332 2319 dati,
353 2295 496 2321 praesens
516 2291 657 2320 tyrannus
678 2287 826 2314 allocutus
846 2289 908 2318 est,
935 2290 968 2313 ut
986 2296 1001 2313 a
1022 2286 1145 2314 domino
1166 2286 1281 2313 Clu-isto
1301 2286 1476 2313 recedentes
1494 2284 1592 2320 ydolis
1614 2289 1644 2312 et

252 2331 316 2358 niis
336 2331 397 2358 suis
417 2331 626 2358 sacrificarent.
665 2331 753 2367 Quod
780 2341 846 2358 cum
869 2331 915 2358 illi
940 2331 1061 2366 penitus
1088 2331 1296 2358 abominantes
1322 2334 1498 2365 respuerent
1517 2339 1644 2364 euinque

254 2376 377 2404 tandein
397 2376 434 2402 ad
454 2375 610 2403 inserenda
630 2376 793 2412 supplicia,
813 2376 914 2410 qualia
932 2370 1040 2410 asellet,
1060 2377 1174 2410 absque
1193 2385 1276 2403 mora
1294 2376 1472 2409 invitarent,
1502 2379 1643 2410 tyrannus

253 2422 305 2449 ille
325 2421 416 2449 sudes
435 2421 547 2449 ferreas
562 2421 591 2448 in
607 2431 693 2449 nares
708 2430 809 2449 corum
824 2426 852 2448 et
869 2431 954 2449 aures
968 2421 1106 2449 cudendo
1122 2421 1210 2456 jussit
1228 2421 1350 2449 immitti
1363 2425 1392 2449 et
1403 2420 1498 2448 clavis
1513 2420 1643 2448 canden-

254 2468 334 2495 tibus
354 2477 457 2494 eorum
476 2467 575 2502 capita
595 2467 737 2500 transfigi,
757 2466 861 2494 oculos
885 2476 1004 2501 quoque
1018 2475 1120 2494 eorum
1135 2478 1151 2494 a
1164 2466 1362 2494 foraminibus
1380 2465 1441 2493 suis
1454 2465 1538 2501 pelli,
1558 2465 1644 2500 isque

254 2521 358 2539 manns
379 2513 439 2539 lato
459 2512 593 2547 crispans
612 2512 733 2539 hastilia
751 2511 830 2538 ferro
849 2512 888 2539 ad
907 2516 1077 2540 sanctorum
1097 2520 1221 2547 corpora
1247 2511 1457 2539 transsoranda
1481 2521 1516 2538 ea
1535 2510 1642 2538 direxit

255 2559 357 2591 visque
377 2557 474 2585 adhuc
500 2557 720 2592 palpitantibus
748 2557 847 2592 capita
874 2557 1022 2593 amputari
1044 2557 1203 2592 ‘praecepit
1230 2561 1393 2592 optatoque
1419 2556 1533 2591 potitus
1552 2555 1642 2583 solito

256 2603 361 2629 lai-tior
380 2607 409 2629 et
429 2603 514 2635 quasi
535 2602 572 2629 de
592 2602 720 2635 quadani
740 2602 860 2637 placide
886 2603 987 2630 ridens
1014 2602 1139 2630 victoria
1167 2601 1304 2629 celeriter
1329 2601 1465 2629 ambiens
1491 2609 1641 2633 regressus

256 2652 298 2673 vsi
328 2658 455 2680 moxque
483 2648 596 2675 ultione
622 2647 724 2674 diviua
752 2656 911 2682 percussus
938 2647 1147 2675 intestinorum
1175 2647 1278 2674 dolore
1304 2647 1437 2682 repletus
1463 2650 1508 2673 est
1534 2649 1563 2672 et
1590 2655 1643 2679 per

257 2696 347 2717 totam
370 2692 521 2720 (ivitatem
542 2693 670 2719 clamare
689 2692 787 2727 coepit
808 2701 841 2719 ac
861 2692 976 2719 dicere:
1006 2693 1081 2725 lien,
1107 2692 1178 2725 lieu,
1204 2692 1277 2724 lieu,
1306 2691 1379 2725 quid
1398 2700 1482 2724 agam
1501 2694 1550 2716 aut
1570 2690 1642 2723 quid

258 2735 327 2763 milii
348 2735 455 2762 inisero
476 2736 604 2770 ‹li-nique
623 2742 731 2769 restat,
759 2737 809 2771 qui
835 2741 958 2773 propter
984 2737 1038 2766 Dei
1063 2742 1181 2765 sanctos
1208 2737 1384 2765 Fuscianum
1403 2739 1430 2762 et
1451 2734 1642 2764 victui-icum.
