1742 3005
243 136 325 177 914
400 138 498 186 Cap.
531 133 685 171 CCXII.
744 132 970 170 miraculum
1002 132 1049 169 de
1083 138 1212 169 sancta
1243 133 1465 171 Catherina.

245 252 310 270 cum
338 239 460 267 canticis
487 238 620 266 laetitiae
646 237 808 273 suscipitur
833 242 922 271 atque
946 245 1028 264 more
1055 237 1231 271 pontificum
1250 236 1484 270 inthronizatur,
1510 246 1526 264 a
1551 236 1632 263 clero

244 292 271 313 et
292 285 406 321 populo
426 292 542 311 summo
561 282 678 318 pastori
698 282 925 309 couuueudatur
943 290 1059 308 necnon
1080 291 1097 308 a
1115 281 1272 309 Frederico
1290 281 1517 316 archiepiscopo
1536 282 1632 308 illius<

244 340 301 365 que
321 328 515 361 suffraganeis
535 333 605 363 post
624 328 740 361 aliquos
760 327 825 354 dies
844 327 875 353 in
888 327 1075 354 sacerdotem
1091 327 1292 362 apostolicum
1307 326 1419 353 ibidem
1435 331 1634 354 consecratur.

244 375 337 407 igitur
363 378 432 409 post
457 373 550 401 multa
576 373 698 408 pietatis
725 377 754 400 et
781 370 941 406 aequitatis
968 380 1074 406 opera,
1106 372 1215 405 quibus
1239 375 1303 399 Deo
1337 371 1450 398 servire
1483 371 1634 404 studebat,

244 420 416 447 febricitare
440 418 556 453 coepit,
584 427 672 452 quam
699 418 832 453 corporis
859 416 1030 443 molestiam
1056 415 1116 449 illi,
1144 416 1195 450 qui
1221 416 1315 443 nescit
1343 425 1495 449 occasum,
1523 415 1635 443 sedulis

244 465 385 501 precibus
405 465 485 491 vitae
505 472 576 490 suae
596 463 818 490 commendavit
839 471 995 489 excursum
1022 462 1141 488 dicens:
1167 464 1248 488 Deus
1274 462 1415 488 miserere
1442 461 1581 493 dignetur
1607 465 1636 487 et

245 511 317 538 mihi
337 509 446 537 misero
464 508 617 544 peccatori
634 513 762 535 mortem
780 516 858 534 nnnc
878 507 1021 534 subeunti
1039 511 1068 533 et
1089 506 1195 540 cuique
1214 516 1280 533 eam
1298 506 1405 533 timide
1432 515 1466 532 ac
1484 504 1636 532 humiliter

245 554 435 589 adspicienti.
471 557 551 580 Haec
577 563 644 579 cum
668 552 811 584 dixisset,
843 557 1016 579 reverenter
1043 551 1147 579 oculos
1172 551 1279 580 clausit
1305 561 1339 580 ac
1365 552 1449 579 velut
1476 551 1506 578 in
1531 558 1636 578 somno

246 608 377 635 pausans
395 597 494 634 pridie
513 597 654 625 calendas
673 597 857 625 Novembres
877 597 907 623 in
925 605 1000 632 pace
1019 595 1144 630 quievit.

679 918 806 984 cAP.
840 917 1009 979 ccxtt.
1056 916 1216 981 (209.)

373 1016 759 1064 miraculum
789 1016 869 1062 de
902 1018 1122 1063 sancta
1152 1014 1512 1063 catherina.

348 1129 516 1163 Episcopus
540 1127 663 1161 quidam
691 1125 927 1154 Metliolauensis
954 1125 1082 1152 Sabinus
1102 1126 1238 1157 nomine,
1266 1125 1313 1151 vir
1339 1124 1419 1151 vitae
1446 1123 1638 1154 venerabilis7

248 1173 323 1200 sicut
344 1173 434 1199 refert
453 1176 555 1199 Petrus
576 1171 784 1198 Ravenneusis
803 1171 833 1197 in
853 1170 931 1197 libro
951 1174 1100 1202 gestorum
1121 1169 1316 1201 notabilium,
1342 1173 1413 1203 post
1439 1174 1563 1196 matrem
1583 1170 1638 1196 do—

247 1218 321 1244 mini
339 1217 488 1249 virginem
508 1216 695 1244 catherinam
716 1216 745 1243 iu
765 1217 926 1250 praecipua
946 1214 1109 1241 devotione
1128 1215 1269 1240 habebat.
1305 1217 1387 1240 Hanc
1414 1214 1504 1240 etiam
1528 1214 1565 1240 ab
1593 1214 1638 1240 in—

246 1263 342 1290 santia
361 1262 421 1290 sibi
439 1271 582 1297 sponsam
602 1261 731 1293 elegerat
751 1265 779 1287 et
799 1260 896 1295 ipsam
916 1260 1056 1286 omnibns
1082 1258 1173 1285 sacris
1197 1257 1364 1290 virginibus
1390 1258 1539 1292 praeferre
1559 1259 1638 1285 sole-

247 1310 316 1342 bat,
342 1312 448 1343 utpote
474 1306 650 1341 adjutricem
674 1305 894 1333 fidelissimam.
931 1307 1001 1331 eum
1027 1303 1116 1336 igitur
1134 1303 1306 1338 praedictus
1326 1303 1445 1338 praesul
1463 1303 1540 1330 ultra
1557 1313 1639 1330 unire

246 1352 420 1386 navigasset
439 1356 468 1379 et
488 1361 554 1378 cum
574 1352 685 1377 abbate
704 1351 865 1377 Theodoro
885 1350 923 1376 de,
949 1353 1050 1376 monte
1078 1348 1201 1376 Cassino
1227 1353 1256 1375 et
1282 1348 1400 1375 duobus
1427 1348 1590 1382 capellanis
1609 1352 1639 1374 et

246 1397 395 1425 militibus
421 1400 451 1423 et
477 1396 650 1430 quindecim
676 1396 772 1423 servis
807 1395 998 1430 sepulchrum
1033 1393 1148 1420 domini
1180 1393 1352 1425 visitasset,
1386 1397 1519 1420 montem
1550 1393 1639 1426 Synai

246 1442 385 1469 adierunt
414 1445 444 1468 et
477 1450 546 1468 ecce
579 1441 640 1468 dux
668 1440 792 1474 quidam
810 1443 982 1467 -Turcorum
1008 1437 1212 1465 ferocissimus
1245 1437 1341 1464 hostis
1368 1437 1595 1465 christianorum
1622 1447 1639 1464 a

246 1488 380 1515 Soldano
399 1486 519 1514 rediens
532 1496 598 1514 cum
615 1486 717 1513 multis
730 1485 850 1513 armatis
868 1485 1012 1519 episcopo
1027 1484 1056 1511 in
1072 1483 1149 1518 pede
1163 1481 1274 1510 montis
1290 1483 1430 1516 occurrit,
1450 1484 1533 1517 cujus
1546 1482 1638 1510 comi-

246 1533 341 1560 uvam
358 1536 390 1559 ut
408 1531 502 1564 vidit,
521 1531 661 1558 atrociter
678 1539 748 1558 mox
766 1531 894 1566 peremit
913 1531 1033 1557 diceus:
1058 1529 1134 1556 sicut
1153 1527 1212 1555 [eci
1229 1527 1376 1561 saiiiiliae,
1394 1528 1437 1555 sic
1456 1527 1564 1554 faciam
1583 1527 1637 1554 do-

246 1577 347 1605 minis.
385 1576 475 1612 Quod
494 1585 560 1603 cum
580 1575 678 1602 dictus
697 1576 859 1610 episcopus
879 1580 909 1603 et
928 1576 1023 1603 abbas
1041 1574 1207 1605 vidissent,
1227 1577 1390 1607 coeperunt
1409 1573 1515 1600 ducem
1534 1581 1639 1605 rogare

247 1621 399 1648 dicentes:
425 1621 524 1653 liceat,
550 1629 745 1653 quaesumus,
766 1621 853 1648 nobis
873 1625 1004 1648 montem
1025 1620 1119 1655 ipsius
1138 1618 1221 1654 prius
1240 1618 1424 1645 adscendere
1444 1623 1472 1645 et
1491 1617 1639 1650 gloriosae

247 1666 373 1699 virginis
393 1666 527 1693 tumbam
546 1665 682 1698 visitare,
700 1665 820 1698 deinde,
840 1666 989 1700 quidquid
1007 1664 1063 1692 tibi
1077 1663 1233 1700 placuerit,
1252 1663 1465 1691 sustinebimus
1479 1664 1638 1699 patienter.

249 1711 307 1747 Qui
324 1710 499 1746 respondit:
520 1719 642 1738 necesse.
662 1715 707 1737 est
726 1711 782 1737 hac
799 1711 883 1743 vice,
902 1715 933 1737 ut
953 1720 1034 1743 mea,
1059 1718 1120 1736 non
1138 1713 1239 1736 vestra
1257 1708 1398 1736 voluutas
1416 1708 1476 1735 fiat.
1513 1712 1549 1735 Et
1567 1715 1638 1734 con-

247 1756 350 1782 festim
369 1754 537 1790 praecepit,
556 1759 589 1782 ut
608 1754 722 1788 lingua,
741 1755 855 1788 oculis,
882 1755 1023 1788 auribus,
1048 1754 1186 1786 naribus,
1212 1763 1353 1780 manuum
1373 1763 1407 1781 ac
1427 1752 1538 1788 pedum
1558 1761 1639 1779 sum-

248 1800 404 1828 mitatibus
430 1805 554 1833 uterque
582 1800 751 1834 privaretur
775 1801 877 1834 sicque
904 1800 1001 1826 adhuc
1030 1798 1172 1826 semivivi
1198 1797 1228 1824 in
1253 1797 1394 1831 jumentis
1427 1798 1465 1824 ad
1491 1797 1638 1824 tumulum

248 1845 444 1877 veherentur,
470 1844 624 1877 dixitque:
648 1855 726 1871 nunc
753 1845 826 1878 quid
851 1844 941 1872 vobis
966 1843 1049 1871 valet
1068 1843 1155 1877 liujus
1174 1841 1325 1876 sepulchri
1343 1841 1494 1868 visitatiot
1530 1845 1565 1868 Et
1584 1841 1637 1867 ad-

248 1890 331 1923 jecit:
351 1899 418 1916 cum
437 1889 570 1915 membra
590 1889 680 1915 vobis
700 1893 910 1920 renascuntur,
930 1888 1011 1922 qnod
1031 1886 1221 1921 impossibile
1240 1890 1302 1918 est,
1322 1890 1391 1912 tuuc
1410 1886 1524 1918 absque
1542 1885 1637 1912 dubio

248 1934 304 1960 Dei
322 1933 417 1961 vestri
436 1933 553 1965 legibus
573 1933 753 1962 adhaerebo.
791 1935 861 1960 Cum
886 1940 955 1963 ergo
981 1931 1020 1957 ad
1044 1931 1177 1957 tumbam
1200 1929 1326 1962 virginis
1343 1929 1515 1962 venissent,
1541 1931 1637 1957 abbas

249 1978 392 2005 contiuuo
412 1977 593 2012 exspiravit,
613 1977 773 2012 episcopus
792 1985 884 2010 vero,
911 1976 987 2003 sicut
1016 1975 1131 2010 potuit,
1157 1983 1261 2009 preces
1286 1974 1375 2001 fudit.
1411 1978 1445 2002 Et
1471 1984 1540 2002 ecce
1560 1975 1638 2002 circa

248 2022 346 2049 noctis
372 2021 505 2049 medium
530 2031 616 2049 mons
643 2027 723 2049 totus
743 2023 938 2048 vehementer
957 2020 1152 2053 contremuit,
1177 2023 1337 2053 tantusque
1363 2024 1458 2046 terror
1482 2029 1517 2047 ac
1542 2029 1638 2055 pavor

249 2068 356 2094 ducem
383 2066 495 2093 invasit
521 2075 588 2093 cum
615 2066 690 2099 suis,
716 2071 749 2093 ut
774 2067 844 2093 inde
864 2066 965 2098 sugere
984 2065 1097 2092 vellent
1116 2074 1171 2091 uec
1188 2064 1334 2091 valerent.
1370 2068 1476 2092 Postea
1493 2073 1566 2092 vero
1583 2074 1639 2101 per

251 2112 339 2139 trium
364 2112 504 2138 horarum
531 2110 630 2145 spatia
655 2115 738 2138 tanta
771 2106 891 2138 luminis
925 2109 1110 2137 abundantia
1137 2108 1252 2136 ibidem
1277 2109 1485 2144 resplenduit,
1515 2113 1547 2137 ut
1578 2119 1637 2137 uon

250 2156 347 2183 solum
366 2155 477 2188 vicini,
504 2155 559 2183 sed
582 2155 672 2182 otiam
699 2156 837 2183 Saraceni
857 2156 886 2183 in
905 2155 1027 2182 remotis
1046 2153 1183 2189 partibus
1203 2153 1358 2181 constituti
1375 2154 1448 2181 hora
1466 2154 1573 2182 eadem
1590 2156 1638 2182 vi-

250 2202 376 2234 gilantes
396 2201 477 2228 diem
496 2200 606 2227 claram
625 2200 779 2227 crederent
800 2210 866 2228 esse
892 2200 1018 2233 saetam,
1045 2204 1074 2226 et
1099 2199 1199 2234 ipsum
1223 2203 1356 2225 montem
1383 2201 1459 2233 Syna
1485 2200 1515 2226 in
1542 2188 1652 2227 solem.

249 2254 428 2272 conversum
447 2245 656 2274 aestimabant.
692 2249 810 2272 Interea
828 2245 913 2278 virgo
941 2244 1097 2272 Catherina
1123 2245 1160 2271 de
1186 2243 1301 2271 tumulo
1327 2244 1474 2278 processit
1498 2248 1526 2272 et
1552 2245 1638 2272 'triste

251 2294 341 2326 capnt
367 2289 413 2317 sui
439 2289 579 2316 amatoris
606 2294 686 2316 tactu
713 2290 825 2317 blande
851 2291 1039 2325 permulcens
1067 2291 1162 2325 primo
1190 2288 1309 2321 oeulos,
1343 2297 1445 2322 aures,
1476 2298 1581 2316 nasum
1607 2293 1637 2316 et

250 2336 397 2368 linguam,
424 2333 534 2361 deinde
561 2336 694 2361 membra
720 2334 819 2362 onmia
846 2335 986 2362 dolorosa
1005 2343 1174 2370 perungens
1192 2333 1338 2368 pristinae
1356 2333 1486 2361 restituit
1506 2333 1637 2363 sanitati,

250 2382 320 2405 Cum
340 2377 387 2405 vir
405 2378 459 2405 Dei
478 2378 637 2411 gloriosam
655 2379 802 2412 virginem
822 2379 1028 2414 corporalibus
1055 2383 1188 2406 cerneret
1215 2378 1326 2410 oculis,
1352 2378 1500 2406 ineffabili
1527 2379 1637 2412 gaudio

249 2423 437 2458 replebatur,
464 2423 519 2451 sod
541 2423 688 2456 fulgorem
715 2423 946 2459 pulchritudiuis
971 2425 1034 2458 ejus
1058 2423 1136 2451 ferro
1161 2431 1220 2450 non
1247 2423 1352 2450 valens
1376 2423 1414 2449 ad
1446 2423 1540 2459 pedes
1572 2425 1635 2459 ejus

250 2468 369 2497 eccidit.
408 2472 502 2504 Quem
529 2469 596 2504 ipsa
622 2469 723 2496 statim
748 2468 937 2503 praecipiens
964 2468 1076 2496 elevari
1095 2471 1183 2503 (uam
1211 2467 1269 2493 duo
1293 2468 1486 2502 pulcherrimi
1510 2470 1634 2502 juvenes

249 2515 330 2545 iuxta
356 2523 422 2540 eam
448 2514 601 2547 stabant),
635 2514 733 2548 ipsum
758 2513 795 2539 de
821 2517 899 2539 terra
926 2514 1097 2542 elevabant.
1140 2512 1192 2540 Cui
1216 2512 1316 2545 virgO:
1351 2513 1426 2540 scire
1450 2513 1560 2546 debes,
1593 2512 1634 2539 mi

252 2567 333 2589 care,
359 2558 442 2591 quod
465 2562 580 2585 ani-'ntor
607 2567 691 2585 meus
716 2562 745 2584 et
770 2566 899 2593 sponsus
919 2567 1001 2585 meus
1021 2561 1107 2586 Jesns
1127 2557 1259 2585 Chrislus
1278 2557 1326 2583 hic
1344 2561 1372 2584 02
1392 2557 1421 2584 in
1440 2557 1538 2584 futuru
1557 2560 1586 2583 te
1604 2561 1636 2583 (¹2

250 2609 352 2629 munes
380 2603 560 2629 honorantes
586 2613 633 2630 me
656 2607 779 2638 paratus
805 2607 851 2629 est
877 2603 1043 2635 honorare,
1076 2607 1105 2629 et
1138 2602 1207 2636 quia
1241 2601 1402 2637 perdidisti
1434 2604 1556 2636 propter
1586 2610 1634 2627 me

250 2643 380 2675 linguam
400 2651 497 2679 tin-im,
515 2647 568 2674 vix
587 2647 615 2673 in
636 2648 760 2683 proprio
778 2648 930 2682 ydiomate
949 2646 1138 2682 expeditam,
1166 2655 1233 2673 ecce
1252 2645 1443 2673 commodavi
1462 2644 1517 2672 tibi
1536 2653 1633 2672 meam

249 2688 280 2714 in
299 2696 403 2719 graeco
423 2695 450 2717 vt
471 2691 563 2719 latino
583 2692 806 2727 peritissimum.
842 2697 995 2720 Praeterea
1015 2700 1117 2719 omues
1137 2691 1251 2718 animas
1276 2689 1407 2717 familiae
1425 2693 1493 2716 tuae
1511 2690 1631 2716 noveris

249 2741 314 2760 ‹st-ae
332 2732 361 2760 in
380 2733 447 2760 sinu
465 2736 573 2764 Abrae.
608 2741 696 2765 Facta
717 2738 839 2773 iusuper
857 2737 906 2765 die
925 2737 1071 2770 crastina,
1098 2746 1165 2763 cum
1187 2735 1344 2763 missarum
1367 2732 1523 2761 sollemnia
1548 2732 1627 2761 cele--
