1742 3005
290 124 370 164 542
540 126 636 174 Cap.
660 123 834 161 Cxxssl.
895 123 955 160 De
987 129 1117 160 sancto
1148 122 1433 160 Bartholomeo.

292 229 531 276 quaesivisti?
578 226 651 262 Ista
676 236 819 261 munera
846 233 926 264 sunt
950 230 1156 264 necessaria
1183 227 1258 270 liis,
1295 230 1353 274 qui
1390 231 1532 262 terrena
1567 226 1686 271 requi-

291 300 393 337 runt,
429 304 496 340 ego
532 293 620 327 nihil
647 297 848 338 terrenum,
883 293 972 329 nihil
1007 293 1148 329 carnale
1182 293 1360 328 desidero.
1409 292 1509 327 Tunc
1543 295 1686 326 sanctus

290 361 558 395 Bai-tholomeus
577 360 696 405 eoepit
713 370 788 394 eum
808 360 916 395 multa
941 360 983 395 de
1005 359 1109 394 modo
1130 359 1358 394 redemtionis
1379 362 1523 393 nostrae
1543 357 1685 398 docere,

290 426 481 462 ostendens
508 428 599 460 inter
628 430 771 461 caetera
798 426 973 461 Christum
1013 427 1140 461 vicisse
1175 425 1362 471 dyabolum
1398 434 1462 469 per
1492 423 1685 457 mirabilem

290 493 575 539 congruentiam,
602 494 813 537 potentiam,
836 493 1010 538 justitiam
1039 496 1074 527 et
1098 493 1319 537 sapientiam,
1370 489 1569 535 Congruum
1598 490 1686 523 enim

290 558 377 600 suit,
413 562 468 600 ut,
502 559 561 603 qui
587 556 692 592 filium
719 560 886 605 virginis,
920 558 956 592 id
993 561 1048 593 est
1079 557 1192 592 Adam
1224 557 1351 591 factum
1386 556 1428 591 (le
1455 560 1571 597 terra,
1608 554 1687 588 dum

289 624 402 659 adhuc
439 628 534 659 esset
569 625 689 669 virgo,
732 626 878 667 vicerat,
925 634 947 658 a
980 624 1052 658 filio
1078 625 1227 669 virginis
1262 625 1472 658 vinceretur.
1522 621 1688 656 Potenter

290 701 429 735 quoque
456 691 568 734 ipsum
595 691 689 732 vicit,
717 700 791 724 cum
818 691 861 725 de
887 700 951 725 sua
979 690 1216 724 dominatione
1243 693 1405 735 potenter
1434 689 1557 733 ejecit,
1585 697 1687 733 quam

290 754 462 800 dyabolus
489 766 552 799 pro
580 754 780 800 dejectione
808 757 911 800 primi
936 755 1087 789 hominis
1112 756 1306 799 usurpavit.
1353 754 1397 790 Et
1422 755 1513 788 sicut
1536 753 1687 798 alicujus

288 822 401 856 victor
425 821 563 865 tyranni
591 821 735 855 comites
763 831 846 869 suos
872 822 996 863 mittit,
1022 824 1061 854 ut
1087 820 1163 865 ejus
1189 820 1312 854 titulos
1338 820 1467 866 ubique
1494 822 1634 866 erigant
1655 823 1688 853 et

288 892 454 933 tyrannos
491 886 678 932 dejiciant,
721 888 773 921 si'o
807 886 969 922 Christus
1005 887 1119 920 victor
1151 887 1292 920 nuntios
1324 885 1454 931 ubique
1487 887 1609 927 mittit,
1650 889 1688 919 ut

290 953 433 999 dyaboli
481 953 608 987 cultum
650 957 821 988 evacuent
859 957 892 988 et
934 952 1066 987 Christi
1107 956 1274 987 statuant.
1323 951 1422 987 Juste
1457 962 1559 993 vero,
1605 952 1688 997 quia

285 1021 417 1065 justum
442 1024 515 1062 est,
554 1023 610 1061 ut,
647 1021 706 1065 qui
730 1019 934 1054 comedente
960 1018 1097 1052 homine
1124 1020 1268 1053 vincens
1294 1018 1466 1053 hominem
1495 1017 1687 1060 detinebat,

290 1095 311 1119 a
331 1086 552 1131 ¹)Jejunante
570 1085 711 1120 homine
729 1086 842 1119 victus
862 1085 1036 1119 hominem
1053 1085 1202 1129 amplius
1225 1096 1293 1119 non
1317 1089 1463 1119 teneret.
1499 1084 1688 1128 Sapienter

289 1155 422 1194 autem,
458 1151 536 1185 dum
575 1162 633 1186 ars
670 1151 812 1196 dyaboli
843 1150 1021 1185 deluditur
1052 1155 1126 1185 arte
1154 1150 1294 1185 Christi.
1344 1151 1412 1185 Ars
1439 1150 1580 1195 dyaboli
1608 1150 1685 1193 suit,

289 1221 346 1261 ut,
385 1219 477 1252 sicut
512 1218 682 1262 accipiter
708 1218 801 1262 rapit
830 1227 950 1258 avem,
986 1218 1037 1251 ita
1068 1218 1101 1250 in
1128 1216 1302 1251 desertum
1330 1220 1471 1261 raperet
1497 1215 1684 1257 Christum,

289 1288 343 1327 ut,
379 1286 409 1319 si
444 1284 493 1318 ibi
521 1284 690 1329 jejunans
717 1293 787 1317 non
818 1271 1050 1326 famesceret,
1091 1283 1225 1327 absquo
1251 1282 1356 1316 dubio
1382 1282 1475 1317 Deus
1502 1285 1617 1323 esset,
1654 1283 1683 1315 si

288 1354 402 1386 autem
430 1352 602 1392 esuriret,
638 1351 751 1395 ipsum
782 1353 820 1383 ut
853 1350 998 1394 primum
1034 1348 1206 1383 hominem
1240 1359 1303 1393 per
1330 1348 1442 1382 cibum
1470 1348 1682 1383 devinceret.

288 1416 359 1451 Sed
383 1418 554 1462 cognosci
578 1416 672 1450 Deus
698 1426 766 1449 non
793 1417 925 1460 potuit,
953 1416 1035 1460 quia
1061 1416 1231 1457 esurivit,
1266 1425 1329 1449 neo
1356 1415 1465 1456 vinci,
1495 1416 1579 1459 quia
1605 1415 1682 1460 ejus

287 1484 474 1516 tentationi
491 1492 558 1516 non
575 1483 695 1517 cessit.
737 1482 829 1516 'Cum
847 1492 933 1527 ergo
955 1480 1066 1516 eidem
1086 1486 1304 1516 sacramenta
1328 1480 1407 1515 fidei
1425 1480 1682 1525 praedicasset,

288 1547 377 1581 dixit
403 1549 500 1592 regi,
540 1548 655 1592 quod,
692 1548 721 1581 si
750 1547 925 1592 baptizari
952 1548 1074 1589 vellet,
1108 1547 1216 1582 Deum
1244 1558 1342 1582 sunm
1377 1548 1510 1581 catenis
1536 1547 1681 1592 ligatum

286 1612 500 1648 ostenderet.
551 1613 719 1657 Sequenti
745 1615 854 1659 igitur
879 1613 936 1648 die
960 1615 1065 1659 juxta
1090 1616 1186 1660 regis
1211 1614 1380 1659 palatium
1401 1612 1477 1647 dum
1498 1611 1682 1658 pontifices

284 1678 390 1724 §dolo
418 1677 682 1720 sacrificarent,
711 1681 829 1723 coepit
856 1680 1007 1714 ciamare
1034 1680 1182 1714 daemon
1208 1690 1250 1714 ae
1276 1680 1411 1715 dicere:
1437 1683 1589 1721 cessate,
1617 1680 1681 1712 mi-

286 1746 379 1788 seri,
406 1744 605 1779 sacrificare
631 1744 735 1785 mihi,
761 1754 804 1778 ne
832 1745 958 1789 pejora
983 1755 1037 1779 me
1061 1747 1266 1789 patiamini,
1306 1748 1365 1791 qni
1400 1748 1532 1781 catenis
1564 1746 1681 1791 igneis

286 1813 330 1847 ab
357 1810 486 1856 angelo
512 1809 597 1845 Jesu
624 1809 773 1851 Christi,
811 1821 910 1855 quem
937 1809 1061 1845 Judaei
1097 1811 1360 1853 erucifixerunt,
1396 1812 1566 1856 religatus
1593 1821 1679 1853 sum,

285 1881 448 1921 putantes
484 1886 561 1910 eum
599 1885 620 1909 a
653 1880 763 1910 morte
796 1875 955 1910 detineri.
1005 1875 1067 1910 Ille
1102 1880 1215 1910 autem
1250 1876 1359 1919 ipsam
1386 1880 1552 1918 mortem,
1589 1885 1679 1921 quae

286 1943 411 1987 regina
435 1944 557 1974 nostra
583 1944 656 1982 est,
693 1942 886 1985 captivavit
911 1946 945 1976 et
971 1943 1081 1986 ipsum
1108 1945 1263 1975 nostruin
1298 1943 1490 1985 principem
1520 1945 1678 1976 autorem

285 2009 406 2041 mortis
435 2007 580 2040 vinculis
607 2008 722 2052 igneis
751 2008 871 2041 vinxit.
921 2006 1117 2051 Statimque
1143 2016 1262 2041 omnes
1290 2008 1458 2041 miserunt
1485 2007 1605 2049 funes,
1642 2011 1680 2041 ut

284 2073 503 2106 simulacrum
530 2076 751 2115 everterent,
786 2071 848 2106 sed
871 2082 950 2106 ,non
983 2075 1183 2117 potuerunt.
1233 2072 1426 2117 Apostolus
1451 2077 1565 2108 autem
1593 2072 1678 2108 dao—

285 2140 374 2172 moni
403 2139 606 2182 praecepit,
644 2141 681 2171 ut
716 2136 795 2172 inde
832 2139 951 2173 exiens
984 2138 1123 2183 ydolum
1163 2140 1421 2174 comminueret.
1472 2138 1537 2178 Qui
1562 2140 1679 2173 statim

285 2205 406 2239 exiens
442 2205 558 2238 omnia
590 2203 697 2248 ydola
730 2204 849 2248 templi
883 2214 946 2248 per
983 2214 1022 2238 se
1056 2205 1167 2249 ipsum
1204 2204 1390 2251 confregit.
1440 2203 1573 2239 Deinde
1601 2205 1680 2238 fusa

284 2271 446 2304 oratione
479 2269 523 2303 ab
557 2269 719 2313 apostolo
754 2279 873 2304 omnes
906 2269 1031 2304 infirmi
1060 2271 1171 2304 curati
1207 2274 1303 2312 sunt,
1347 2269 1530 2315 apostolus
1564 2274 1677 2304 autem

284 2335 448 2380 templum
468 2334 531 2369 Dei
553 2335 732 2369 d‹.=(li‹·avit
751 2339 785 2369 et
803 2335 1004 2370 daemonem
1025 2337 1057 2369 in
1078 2335 1219 2371 deserto
1239 2336 1339 2371 abire
1358 2337 1550 2381 praecepit.
1579 2335 1678 2370 Tunc

284 2401 433 2447 angelus
460 2400 590 2433 domini
617 2400 746 2435 ibidem
771 2403 937 2446 apparuit
962 2406 996 2436 et
1021 2402 1184 2446 templum
1203 2401 1459 2436 circumvolans
1480 2402 1513 2435 in
1531 2405 1679 2446 quatuor

285 2466 436 2512 angulos
473 2467 610 2511 signum
644 2468 757 2501 crucis
794 2466 906 2511 digito
943 2477 1006 2501 sno
1044 2468 1187 2512 scripsit
1211 2467 1349 2502 dicens:
1383 2466 1472 2502 haec
1500 2466 1586 2500 dicit
1612 2465 1675 2499 do-

285 2533 417 2574 minus,
446 2533 538 2565 siout
569 2542 632 2566 vos
661 2543 779 2567 omnes
805 2532 849 2567 ab
877 2532 1075 2568 infirmitate
1104 2537 1222 2568 vestra
1246 2533 1427 2576 mundavi,
1459 2534 1508 2566 ita
1531 2535 1565 2566 et
1590 2535 1675 2566 tein-

286 2596 375 2639 plum
416 2597 480 2631 hoe
514 2597 558 2631 ab
595 2599 685 2631 omni
724 2598 830 2633 sorde
869 2598 1091 2634 mundabitur
1128 2603 1162 2633 et
1195 2598 1395 2633 habitatore
1434 2598 1530 2641 ejus,
1577 2608 1675 2641 quein

356 2737 381 2763 Η
402 2735 452 2762 itii.
475 2739 515 2761 l'r.
537 2738 614 2767 juju
629 2742 718 2763 nain
740 2739 893 2764 homino
917 2749 928 2763 ι·
944 2738 1067 2764 inc-tus
1090 2746 1244 2771 lwrvssl'ssffl
1267 2734 1345 2766 '⁰83'-
