1742 3005
263 61 344 100 344
473 64 568 115 Cap,
599 64 774 102 LXXlX.
831 64 890 102 De
928 73 1058 103 sancto
1096 66 1211 103 Petro
1242 65 1441 104 exorcista.

263 169 400 202 ratione
438 166 597 201 dominus
641 171 721 201 tuus
761 167 867 201 filiam
898 176 1007 202 meam
1039 167 1193 204 liberare
1219 170 1369 214 poterit,
1409 170 1468 215 qul
1500 171 1536 204 te
1559 172 1656 204 tanta

262 234 451 277 patientem
478 243 541 276 pro
568 243 610 267 eo
636 232 791 267 liberare
826 242 893 266 non
924 232 1031 268 valet.
1080 234 1144 269 Cui
1175 234 1321 270 Petrus:
1355 239 1481 280 potens
1518 235 1656 281 quidem

263 301 317 330 est
340 297 434 332 Deus
462 308 558 332 meus
586 299 724 343 eripere
751 309 825 341 me,
860 297 923 333 sed
948 298 1041 342 vult,
1075 303 1114 334 ut
1149 309 1213 345 per
1249 301 1451 345 passionem
1484 303 1654 335 transito-

265 364 350 396 riam
374 365 618 408 perveniamus
642 364 687 398 ad
711 364 861 410 gloriam
886 366 1145 410 sempiternam.
1196 364 1259 400 Cui
1283 365 1512 400 Archemius:
1548 368 1580 401 si
1605 378 1659 401 me

265 432 409 463 catenas
435 440 541 474 super
564 434 599 464 te
623 429 824 475 duplicante
850 430 944 465 Deus
971 434 1051 465 tuus
1075 435 1111 466 te
1136 430 1343 465 liberaverit
1367 435 1402 466 et
1421 431 1525 465 filiam
1551 442 1659 466 meam

265 497 460 538 sanaverit,
486 497 645 540 protinus
672 497 707 530 in
732 496 907 531 Christum
932 496 1084 531 credam.
1135 496 1235 536 Quod
1266 507 1341 530 cum
1367 496 1493 531 factum
1520 497 1661 540 suisset,

266 566 408 596 sanetus
434 561 558 596 Petrus
592 561 752 596 candidis
788 563 946 597 vestibus
983 562 1124 596 indutus
1160 566 1195 596 et
1227 566 1350 596 tenens
1383 564 1521 609 signum
1549 565 1660 598 crucis

267 627 379 662 eidem
405 629 570 672 apparuit
595 632 628 662 et
653 628 713 662 ille
741 629 818 673 eJus
844 639 883 663 se
919 628 1068 673 pedibus
1101 629 1296 673 prostravit
1333 633 1366 663 et
1401 628 1474 663 filia
1498 630 1574 673 ejus
1602 639 1660 663 sa-

266 697 350 727 nata
382 694 459 737 ipse
495 703 569 727 cum
599 697 676 727 tota
713 693 814 727 domo
849 703 914 727 sua
942 694 1118 738 baptisma
1150 695 1305 738 suscepit
1328 695 1556 740 permisitque
1582 694 1663 729 aliis

266 759 520 801 incarceratis,
558 758 650 803 quod
676 760 813 794 exirent
836 758 955 799 liberi,
983 760 1188 803 quicumque
1213 758 1344 793 vellent
1368 758 1442 794 fieri
1465 761 1662 804 christiani,

266 824 453 870 multisque
486 823 711 859 credentibus
745 834 766 859 a
803 823 909 859 beato
944 824 1156 860 Marcellino
1190 823 1390 868 presbitero
1427 824 1662 870 baptizantur.

269 888 370 930 Quod
395 889 543 925 audiens
569 890 770 936 praefectus
798 901 917 925 omnes
943 892 1183 925 incarceratos
1218 889 1263 924 ad
1294 901 1334 925 se
1365 890 1494 925 adduci
1518 901 1663 936 praece-

267 957 341 1000 pit,
379 967 468 1001 quos
498 957 703 992 Archemius
730 967 929 991 convocans
965 960 999 992 et
1021 965 1143 990 manus
1181 967 1299 994 eorum
1328 956 1538 991 deosculans
1563 957 1665 999 dixit,

268 1026 326 1064 ut,
362 1024 393 1056 si
430 1024 508 1067 quis
532 1023 640 1057 vellet
664 1023 781 1057 venire
814 1022 857 1056 ad
883 1023 1088 1065 martirium,
1118 1023 1253 1056 veniret
1279 1023 1499 1068 intrepiduS,
1538 1023 1666 1068 quodsi

270 1090 348 1133 quis
375 1087 506 1130 nollet,
535 1088 650 1122 abiret
674 1087 832 1122 illaesus.
882 1087 1114 1133 Compei-101)
1141 1093 1255 1122 autem
1276 1088 1409 1134 judex,
1447 1089 1540 1134 quod
1566 1089 1665 1124 Mar-

269 1153 417 1188 cellinus
446 1157 480 1187 et
503 1153 628 1188 Petrus
654 1163 715 1188 eos
742 1153 1003 1198 baptizassent,
1036 1155 1135 1198 ipsos
1164 1156 1349 1188 accersivit
1373 1159 1407 1189 et
1431 1165 1492 1189 eos
1519 1165 1664 1199 separa-

270 1221 330 1254 tim
362 1221 397 1253 in
428 1229 571 1254 carcere
603 1219 758 1253 reclusit.
807 1218 1036 1254 Marcellinus
1074 1219 1213 1264 quidem
1247 1219 1359 1254 nudus
1394 1231 1500 1265 super
1540 1222 1666 1255 vitrum

272 1286 420 1319 fractum
446 1286 683 1320 consternitur
711 1289 744 1319 et
771 1286 802 1319 ei
827 1284 942 1319 lumen
968 1289 1001 1319 et
1027 1294 1118 1330 aqua
1143 1289 1311 1331 negatur,
1349 1285 1472 1320 Petrus
1509 1297 1592 1321 vero
1631 1288 1666 1321 in

270 1352 341 1386 alio
364 1362 506 1387 carcere
524 1351 697 1387 altissimo
717 1355 751 1386 et
769 1351 945 1385 artissimo
971 1351 1121 1395 ²)cippo
1143 1352 1407 1397 constringitur,
1432 1352 1580 1398 angelus
1603 1362 1665 1386 au-

271 1421 340 1453 tem
374 1417 505 1452 domini
538 1417 781 1452 Marcellinum
813 1418 951 1451 intuens
989 1421 1023 1451 ct
1058 1416 1200 1451 solvens
1238 1418 1349 1462 ipsum
1386 1428 1460 1452 cum
1494 1417 1599 1452 Petro
1635 1419 1669 1453 in

273 1483 375 1517 domo
400 1483 576 1525 Archemii
601 1485 756 1518 restituit
781 1487 835 1526 ot,
861 1487 898 1517 ut
924 1486 1058 1527 septem
1087 1482 1211 1518 diebus
1239 1483 1403 1528 populum
1430 1483 1670 1518 confortarent

274 1553 309 1583 et
331 1553 457 1594 postea
479 1560 517 1584 se
539 1549 652 1595 judici
679 1553 970 1594 praesentarent,
997 1550 1192 1594 praecepit.
1244 1548 1324 1583 Cum
1353 1560 1438 1596 ergo
1465 1549 1669 1594 praedictus

268 1614 379 1659 judex
406 1625 467 1649 eos
493 1617 527 1649 in
554 1625 695 1650 carcere
721 1626 789 1649 non
814 1616 1028 1657 invenisset,
1066 1616 1275 1649 accersitum
1301 1614 1523 1650 Archcmium
1550 1619 1584 1649 et
1610 1625 1668 1649 sa-

272 1680 431 1715 crificare
457 1681 631 1716 nolentem
656 1683 690 1715 in
714 1685 811 1716 terra
836 1692 910 1716 cum
937 1692 1046 1716 uxore
1073 1691 1138 1715 sua
1154 1680 1387 1726 obruijussit.
1439 1681 1539 1721 Quod
1560 1683 1671 1716 sancti

273 1747 504 1793 Marcellinus
522 1752 555 1781 et
572 1747 696 1781 Petrus
715 1747 900 1781 audientes
921 1747 1003 1781 illue
1020 1751 1187 1781 venerunt
1205 1751 1239 1781 et
1256 1746 1316 1780 illa
1333 1752 1455 1791 crypta
1469 1748 1504 1792 3)
1530 1751 1670 1781 sanctus

274 1810 504 1847 Marcellinus
537 1812 738 1846 christianis
766 1822 805 1846 se
826 1812 1095 1857 protegentibus
1117 1813 1257 1845 missam
1276 1811 1470 1845 celebravit
1488 1811 1670 1845 dixerunt-

276 1888 344 1923 que
373 1879 485 1911 sancti
507 1877 550 1911 ad
579 1876 797 1911 incredulos:
834 1887 913 1912 ecce
951 1876 1170 1912 Archemium
1196 1877 1432 1921 potuissemus
1458 1876 1611 1911 liberare
1637 1882 1672 1911 et

275 1954 340 1978 nos
365 1943 594 1984 abscondere,
623 1941 685 1976 scd
711 1946 868 1976 neutrum
895 1942 1067 1977 voluimus
1102 1942 1232 1977 facere.
1284 1941 1385 1976 Tunc
1414 1944 1492 1976 irati
1519 1942 1671 1988 gentiles

277 2008 497 2043 Archemium
523 2008 643 2053 gladio
670 2013 893 2058 necaverunt,
924 2013 1067 2043 matrem
1095 2018 1177 2042 vero
1205 2018 1278 2041 cum
1308 2007 1380 2041 lilia
1406 2008 1583 2054 lapidibus
1608 2008 1671 2042 ob-

277 2079 439 2117 ruerunt,
480 2074 721 2109 Marcellinum
747 2078 862 2108 autem
891 2078 925 2109 et
950 2074 1088 2108 Petrum
1117 2073 1159 2107 ad
1187 2074 1311 2108 silvam
1338 2068 1540 2120 wingram,
1582 2084 1672 2120 quae

276 2150 365 2174 nunc
393 2140 543 2174 candida
568 2144 713 2185 propter
739 2151 856 2175 eorum
882 2141 1074 2174 martirium
1101 2143 1256 2181 vocatur,
1283 2139 1557 2181 decollaverunt,
1585 2144 1670 2173 tem-

278 2217 363 2252 pore
398 2206 639 2250 Dyoctetiani,
677 2207 736 2251 qui
772 2207 889 2251 coepit
918 2216 1009 2241 anno
1046 2205 1176 2239 domini
1205 2204 1469 2241 chxxxvn.
1520 2205 1670 2245 Quorum

278 2275 411 2307 animas
439 2272 594 2306 vestibus
618 2272 815 2316 splendidis
843 2276 878 2306 et
904 2273 1049 2317 gemmis
1077 2271 1219 2305 indutas
1246 2270 1289 2305 ab
1317 2271 1455 2316 angelis
1481 2272 1515 2304 in
1539 2271 1671 2306 coelum

280 2339 412 2373 deferri
453 2338 647 2383 spiculator
691 2339 828 2372 nomine
865 2336 1066 2371 Dorotheus
1103 2337 1211 2380 vidit,
1255 2336 1346 2372 unde
1390 2341 1423 2372 et
1461 2336 1671 2372 christianus

279 2404 423 2439 effectus
450 2407 520 2438 est:
545 2402 731 2448 postmodo
759 2404 792 2437 in
820 2412 906 2448 pace
933 2403 1075 2448 quievit.

349 2506 376 2538 t)
400 2506 453 2532 Ed.
480 2509 523 2532 l'r.
558 2505 628 2537 legit
663 2507 899 2540 compertus.
1003 2504 1031 2538 2)
1062 2502 1114 2531 Ed.
1134 2507 1177 2530 I'r.
1199 2503 1267 2536 legit
1288 2503 1380 2530 cibo.
1483 2501 1512 2534 3)
1532 2503 1598 2526 nec.
1619 2500 1655 2525 :nd

281 2549 350 2574 «tunt
372 2559 410 2576 sc·
420 2555 520 2585 ptem
539 2549 693 2577 diebus.
747 2551 777 2584 4)
797 2549 844 2577 Sic
863 2548 933 2576 libri
954 2552 1074 2581 recent„
1094 2547 1201 2578 Ed.1¹r.
1220 2546 1349 2576 sortasse
1367 2545 1481 2574 rectius
1500 2554 1553 2572 ina
1566 2554 1671 2578 gnum

282 2591 377 2622 wlfwrl.
