1742 3005
141 86 238 135 Cap.
270 82 405 121 CXIX.
461 83 522 121 De
554 83 787 122 assumtione
817 91 971 123 sanctae
991 84 1134 122 Mariae
1164 85 1329 136 virginis.
1388 86 1468 126 523

81 190 270 233 bonorum,
301 199 391 235 quae
412 188 599 224 humanam
627 194 772 224 mentem
797 189 982 233 excedunt,
1008 194 1045 225 tu
1071 192 1296 236 principium,
1321 192 1470 228 medium

83 261 118 291 et
140 255 230 291 linis.
279 255 359 290 Tua
383 257 555 290 securitas
582 260 616 290 et
644 265 727 290 vera
751 256 924 301 profectio
956 260 990 291 et
1015 258 1091 291 sine
1116 259 1246 292 semine
1273 261 1470 303 conceptio,

83 321 200 356 divina
224 321 448 356 inhabitatio.
497 321 595 357 Unde
621 332 702 356 vere
728 321 867 363 dixisti,
901 332 967 355 non
1006 332 1027 356 a
1062 327 1192 364 morte,
1228 323 1291 358 sed
1317 324 1361 358 ab
1391 326 1471 370 ipsa

83 389 311 432 conceptione
337 387 380 421 ab
407 387 566 421 omnibus
592 387 880 433 generationibus
906 392 940 421 tc
964 387 1170 421 beatificari.
1219 388 1303 423 Hinc
1322 394 1356 424 te
1377 401 1470 424 mors

81 463 150 487 non
182 453 323 495 beavit,
368 452 432 487 sed
464 457 502 487 tu
534 457 675 486 mortem
710 452 933 493 clarificasti,
967 452 1109 486 solvens
1145 454 1222 497 ejtts
1259 457 1470 489 moestitiam

81 523 294 564 mortemque
319 523 525 553 convertens
552 517 793 562 ingaudium.
840 517 878 551 Si
913 519 1001 552 enim
1028 517 1123 552 Deus
1159 518 1265 552 dixit:
1299 530 1342 554 ne
1379 520 1471 555 forte

85 585 373 629 ¹)pr0t0plastus
400 583 566 618 extendat
590 592 726 616 manum
752 592 849 616 suam
877 587 911 617 et
937 585 1086 629 arripiat
1120 584 1163 619 de
1188 585 1286 631 ligno
1315 590 1349 620 et
1376 588 1472 621 vivat

81 652 117 684 in
141 655 339 692 aeternum,
368 648 555 695 quomodo,
583 649 642 693 qui
667 649 779 693 ipsam
806 651 908 684 vitam
935 652 1112 695 portavit,
1140 652 1245 685 vitam
1271 653 1347 686 sine
1374 653 1470 697 prin-

79 718 193 761 cipio,
220 717 326 750 vitam
353 717 428 751 sine
455 714 543 757 fine,
583 725 652 749 non
678 716 770 749 vivet
796 715 829 748 in
854 716 1030 750 saeculum
1056 718 1332 761 sempiternum?
1381 717 1470 752 Olim

79 782 173 817 Deus
197 785 362 826 parentes
398 781 539 816 humani
574 782 716 827 generis
755 782 790 815 in
824 786 934 816 morte
969 784 1106 826 peccati
1142 782 1376 823 dormientes,
1417 785 1472 817 in-

80 848 303 884 obedientiae
336 848 548 893 praecipitio
570 848 643 892 jam
677 847 856 891 sepultos,
891 849 1026 891 peccati
1060 849 1203 892 crapula
1232 849 1305 893 jam
1344 848 1469 892 2)f0e-

79 919 194 950 tentes
229 914 349 949 exules
386 913 429 948 de
455 913 623 958 paradiso
657 913 808 957 expulit,
848 922 938 946 nunc
972 918 1086 948 autem
1120 913 1232 957 lianc,
1270 924 1361 959 quae
1394 915 1470 950 toto

80 980 231 1015 humano
258 981 382 1026 generi
408 981 513 1014 vitam
539 979 675 1020 attulit,
711 978 775 1012 Dei
809 987 849 1012 ac
884 979 996 1023 patris
1032 979 1269 1014 obedientiam
1299 980 1470 1022 exhibuit,

79 1048 187 1081 totius
207 1047 386 1091 passionis
411 1046 660 1079 immissionem
687 1045 855 1087 excussit,
883 1045 1056 1090 quomodo
1083 1046 1269 1090 paradisus
1296 1057 1364 1080 non
1390 1057 1470 1080 sus-

81 1113 206 1157 cipiet,
232 1111 365 1146 coelum
390 1111 550 1157 gaudens
572 1112 702 1156 Januas
724 1122 793 1145 nou
813 1111 1034 1155 patefaciet?
1082 1111 1156 1145 Eva
1176 1113 1331 1156 serpenti
1352 1122 1470 1147 aurem

80 1177 256 1219 exhibuit,
301 1177 506 1222 pestiferum
544 1179 638 1212 virus
678 1176 814 1218 hausit,
856 1177 1096 1221 voluptatibus
1125 1177 1300 1219 allicitur,
1348 1181 1470 1222 partus

79 1243 193 1278 dolori
229 1242 415 1288 subjicitur
449 1247 482 1278 et
520 1253 595 1277 cum
630 1242 741 1277 Adam
782 1242 1041 1277 condemnatur.
1092 1243 1187 1277 Hauc
1230 1248 1344 1278 autem
1386 1254 1470 1279 vere

78 1308 230 1352 beatam,
257 1318 347 1354 quae
373 1318 492 1343 aurem
517 1309 699 1343 inelinavit
722 1309 810 1351 Deo,
840 1320 940 1354 quam
969 1310 1112 1354 spiritus
1140 1313 1283 1343 sanctus
1308 1309 1470 1354 replevit,

79 1386 170 1421 quae
204 1379 386 1420 paternam
418 1375 694 1410 misericordiam
732 1376 766 1408 in
799 1378 898 1409 utero
935 1375 1126 1420 bajulavit,
1171 1386 1259 1420 quae
1297 1377 1373 1411 sine
1406 1378 1472 1410 viri

79 1445 242 1475 contactu
262 1442 436 1485 concepit,
458 1442 533 1476 sine
554 1441 676 1476 dolore
695 1442 845 1485 peperit,
873 1440 1046 1486 quomodo
1067 1452 1159 1475 mors
1178 1440 1360 1484 absorbet,
1381 1452 1469 1486 quo-

79 1506 183 1541 modo
217 1507 396 1551 corruptio
432 1506 539 1541 audet
568 1507 700 1553 aliquid
726 1509 761 1541 in
788 1518 934 1552 corpus,
968 1506 1063 1551 quod
1100 1507 1212 1550 ipsam
1243 1508 1350 1540 vitam
1384 1518 1470 1552 por-

77 1575 195 1608 tavit?
242 1572 350 1607 Addit
376 1582 514 1618 quoque
536 1572 626 1607 idem
639 1573 876 1607 Damascenus
897 1574 931 1606 in
951 1572 1073 1606 iisdem
1087 1572 1306 1606 sermonibus
1331 1573 1470 1608 dicens:

80 1650 200 1675 verum
226 1637 422 1684 apostolOS,
457 1639 514 1683 qui
538 1638 669 1683 ubique
697 1642 869 1673 terrarum
896 1638 1049 1683 dispersi
1079 1637 1254 1672 hominum
1282 1640 1471 1683 piscationi

80 1705 269 1747 vacabant,
299 1704 426 1749 sagina
451 1703 547 1737 verbi
574 1703 732 1738 homines
759 1703 802 1739 de
829 1704 1012 1749 profundis
1038 1704 1194 1739 tenebris
1218 1704 1262 1738 ad
1282 1704 1471 1739 coelestem

78 1780 230 1806 mensam
269 1770 388 1804 curiae
421 1769 476 1804 vel
517 1770 705 1805 sollemnes
743 1772 854 1815 pati-Is
890 1772 1029 1815 nuptias
1062 1770 1272 1812 educentes,
1316 1769 1471 1804 divinum

78 1840 323 1882 praeceptum,
369 1837 471 1880 quasi
505 1837 634 1882 sagina
668 1834 840 1881 quaedam
882 1836 937 1871 vel
972 1835 1104 1878 nubes,
1141 1846 1159 1871 e
1194 1835 1471 1871 finibus'terrae

77 1902 273 1939 Jerusalem
308 1901 476 1943 contulit,
511 1902 605 1936 ultra
637 1902 806 1947 quasdam
835 1912 945 1947 aquas
973 1912 1196 1948 congregans
1225 1906 1259 1937 et
1285 1902 1470 1947 colligens.

80 1967 180 2002 Tunc
206 1967 345 2012 quidem
369 1966 481 2000 Adam
510 1971 545 2001 et
569 1966 644 2001 Eva
668 1969 770 2012 primi
794 1971 960 2012 parentes
986 1967 1284 2002 exclamaverunt:
1319 1969 1398 2002 veni
1426 1967 1472 2001 ad

80 2043 166 2076 nos,
213 2043 234 2067 ο
282 2041 419 2066 sacrum
463 2035 498 2066 et
530 2031 749 2067 salutiferum
791 2033 991 2074 cellarium,
1039 2037 1076 2066 tu
1118 2036 1276 2066 nostrum
1315 2032 1471 2076 implesti

80 2097 257 2145 gaudium.
305 2095 458 2131 Econtra
494 2100 693 2130 sanctorum
726 2101 888 2140 caterva,
930 2107 1021 2142 quae
1061 2097 1296 2141 corporaliter
1332 2096 1470 2138 aderat,

81 2163 240 2198 dicebat:
274 2171 375 2196 mane
409 2160 608 2204 nobiscum,
641 2162 838 2196 consolatio
874 2166 1017 2205 nostra,
1052 2173 1116 2197 nec
1149 2162 1372 2208 derelinquas
1407 2172 1471 2196 nos

81 2228 279 2274 orphanos,
314 2237 416 2273 quam
440 2226 610 2262 habemus
636 2227 795 2262 laborum
821 2227 1006 2270 solatium,
1043 2228 1207 2262 sudorum
1231 2228 1470 2275 refrigerium,

81 2293 147 2327 tibi
179 2294 309 2328 viventi
340 2294 549 2337 convivere,
591 2293 658 2328 tibi
693 2295 854 2328 morienti
896 2295 1061 2328 commori
1100 2294 1305 2340 gloriosum.
1358 2292 1471 2327 Nobis

83 2359 173 2393 enim
207 2357 297 2392 haee
327 2359 400 2393 vita
428 2359 601 2403 quomodo
628 2360 701 2394 vita
733 2363 794 2394 tua
832 2359 1008 2394 destitutis
1044 2360 1261 2404 praesentia,
1308 2358 1400 2393 Haec
1437 2364 1473 2394 et

81 2423 137 2458 bis
163 2423 304 2464 similia,
331 2426 368 2457 ut
393 2423 559 2466 arbitror,
586 2425 742 2469 apostoli
771 2435 845 2459 cum
870 2425 1016 2470 reliquis
1043 2424 1261 2470 plenitudine
1298 2424 1472 2460 ecclesiae

85 2489 267 2533 ³)crebris
302 2488 516 2535 singultibus
551 2490 712 2534 querelas
744 2489 1073 2534 interrumpentibus
1107 2489 1360 2534 proponebant.
1407 2489 1473 2524 Illa

83 2554 128 2589 ad
151 2552 258 2588 filium
284 2564 455 2589 conversa
481 2556 549 2589 ait:
574 2559 612 2589 tu
635 2554 773 2590 dilectis
798 2555 891 2597 filiis,
917 2565 1004 2600 quos
1031 2554 1159 2589 fratres
1185 2556 1365 2601 appellare
1393 2555 1471 2600 pla.-

150 2654 178 2687 1)
195 2653 294 2686 Vulgo
312 2654 406 2681 male:
426 2654 737 2690 protoplaustns.
823 2654 852 2686 2)
872 2652 964 2685 wigo
979 2652 1073 2680 male:
1092 2651 1278 2680 serentes.
1349 2654 1378 2686 3)
1393 2653 1471 2680 Male

83 2697 138 2727 Ed.
156 2700 200 2725 Pr.
219 2697 364 2733 plenis.
