1742 3005
275 84 356 124 728
443 85 539 135 Cap.
572 85 738 121 CLXlll.
795 86 850 121 De
881 85 1237 123 commemoratione
1269 87 1491 123 animarum.

280 201 377 231 esse,
416 199 557 233 quorum
591 198 674 221 cura
708 187 904 222 nullatenus
940 187 1146 222 habebatur.
1195 187 1305 223 Jussit
1331 200 1436 235 ergo,
1477 194 1512 224 ut
1548 192 1663 224 omnia

279 264 409 287 summo
436 252 590 296 pontifici
615 253 808 293 intimaret,
841 256 878 287 ut
909 257 988 297 post
1022 253 1146 286 festum
1173 254 1321 286 omnium
1347 259 1542 289 sanctorum
1573 255 1662 289 diem

279 321 450 352 statueret
483 318 693 359 animarum,
742 322 777 351 ut
812 318 931 352 saltem
974 318 1158 363 generalia
1192 317 1363 364 suffragia
1399 330 1460 363 pro
1501 320 1570 355 illis
1605 320 1665 353 illa

283 383 338 416 die
365 382 504 421 tierent,
532 383 588 428 qui
616 383 788 427 specialia.
814 382 944 418 babere
971 384 1164 428 nequirent.

702 709 829 771 cAl’.
862 708 1049 772 ctxlll.
1085 710 1243 774 (158.)

375 808 473 851 Be
511 808 1123 854 commemoratione
1157 808 1575 853 ¹)animarum.

372 916 662 949 Commemoratio
689 917 836 949 omnium
863 916 1014 951 fidelium
1049 917 1289 951 defunctorum
1318 917 1383 951 boc
1412 917 1468 951 die
1498 919 1530 950 in
1557 919 1666 952 ecclc-

283 981 337 1012 sia
369 978 440 1014 fieri
476 981 635 1013 instituta
669 984 741 1021 est,
788 984 826 1014 ut
867 982 1093 1028 generalibus
1137 982 1315 1017 beneficiis
1351 983 1579 1028 adjuventur,
1612 984 1669 1028 qui

284 1045 453 1088 specialia
478 1045 611 1079 habere
631 1056 697 1079 non
721 1046 943 1090 praevalent,
972 1050 1061 1081 sicut
1082 1050 1113 1081 in
1133 1048 1313 1092 praedicta
1333 1049 1548 1082 revelatione
1575 1059 1670 1082 mon-

282 1114 428 1143 stratum
455 1115 518 1144 est.
567 1112 625 1144 Ait
651 1122 789 1156 quoque
814 1110 935 1145 Petrus
957 1112 1128 1153 Damiani,
1156 1113 1246 1158 quod
1275 1118 1416 1148 sanctus
1437 1113 1541 1148 Odilo
1560 1112 1671 1147 abbas

285 1174 527 1209 Cluniacensis
540 1177 772 1220 comperiens,
799 1176 890 1221 quod
905 1177 996 1221 apud
1014 1177 1202 1212 Vulcanum
1226 1178 1368 1212 Siciliae
1383 1178 1506 1212 erebro
1521 1188 1625 1212 voces
1639 1182 1672 1212 et

282 1240 436 1274 ululatus
463 1240 666 1275 daemonum
695 1240 929 1276 audiebantur
946 1242 1255 1288 plangentiumque
1275 1245 1409 1277 animae
1431 1243 1670 1277 defunctorum

282 1316 345 1349 per
370 1306 581 1340 elemosinas
607 1310 641 1342 et
666 1308 846 1341 orati0ues
871 1307 914 1342 de
940 1318 1057 1342 eorum
1084 1308 1243 1342 manibus
1272 1308 1523 1352 eripiebantur,
1549 1310 1582 1341 in
1600 1310 1671 1342 suis

283 1374 505 1407 monasteriis
548 1372 744 1414 ordinavit,
788 1377 825 1406 ut
867 1377 947 1418 post
988 1373 1114 1408 festum
1155 1374 1303 1406 omnium
1341 1377 1535 1407 sanctorum
1574 1372 1673 1407 lieret

281 1439 564 1472 commemoratio
589 1437 844 1476 defunctorum.
893 1438 993 1478 Quod
1025 1439 1089 1473 fuit
1119 1442 1199 1483 post
1230 1438 1273 1472 ab
1312 1439 1403 1471 omui
1435 1438 1586 1472 ecclesia
1611 1447 1672 1482 ap‘

284 1503 466 1546 probatum
527 1503 577 1537 De
613 1503 749 1537 duobus
784 1507 898 1538 autem
934 1503 990 1539 hie
1025 1504 1228 1549 specialiter
1255 1503 1364 1537 videri
1392 1507 1527 1547 potest,
1564 1504 1672 1547 primo

283 1567 325 1601 de
351 1569 437 1612 ipsis
464 1568 680 1613 purgandis,
708 1569 862 1603 secundo
890 1580 953 1614 per
979 1580 1066 1615 quos
1091 1573 1306 1614 purgantur,
1340 1569 1467 1609 tertio,
1504 1568 1561 1602 ubi
1590 1579 1672 1613 pur-

282 1637 422 1679 gantur.
471 1633 611 1668 Illorum
638 1639 774 1675 autem,
810 1637 866 1680 qui
894 1639 1111 1680 purgantur,
1147 1635 1216 1668 tria
1250 1638 1330 1667 sunt
1363 1644 1506 1679 genera.
1556 1633 1672 1672 Primi.

284 1700 342 1744 qui
369 1698 613 1734 satisfactione
640 1700 707 1733 sibi
733 1700 888 1744 injuncta
913 1700 1063 1734 nondum
1090 1700 1264 1744 completa
1297 1698 1479 1733 decedunt.
1530 1698 1672 1734 verum-

283 1768 397 1799 tamen
425 1766 453 1798 si
479 1768 610 1799 tantam
639 1765 808 1800 haberent
844 1764 961 1799 cordis
995 1765 1259 1806 contritionem,
1295 1774 1385 1809 quae
1419 1762 1596 1798 sufficeret
1629 1763 1673 1798 ad

284 1829 468 1883 delendum
496 1835 693 1875 peccatum.
721 1830 825 1865 liberi
851 1830 896 1865 ad
923 1831 1028 1865 vitam
1055 1831 1264 1870 transirent,
1293 1830 1427 1862 etiamsi
1457 1828 1673 1862 satisfactio-

285 1906 359 1930 nem
394 1898 532 1930 minime
569 1896 825 1940 complessent,
858 1897 940 1941 quia
971 1895 1135 1929 contritio
1171 1897 1225 1928 est
1257 1894 1404 1927 maxima
1432 1904 1495 1937 pro
1529 1897 1672 1937 peccato

284 1962 483 1995 satisfactio
510 1966 544 1995 ct
569 1963 717 1995 maxima
743 1963 878 2006 peccati
905 1960 1046 1995 deletio.
1095 1959 1341 2004 Hieronymus:
1368 1957 1460 2002 apud
1480 1958 1586 1992 Deum
1607 1969 1673 1992 non

282 2031 351 2060 tam
387 2028 481 2061 valet
514 2037 675 2061 mensura
706 2028 893 2070 temporis,
928 2036 1028 2070 quam
1064 2025 1218 2066 doloris,
1256 2033 1320 2058 nec
1355 2025 1569 2057 abstinentia
1604 2028 1672 2058 tam

283 2092 462 2133 ciborum,
501 2102 601 2137 quam
629 2091 1049 2125 mortificatio'vitiorum
1099 2089 1167 2124 Sed
1196 2091 1252 2135 qui
1278 2100 1346 2123 non
1374 2089 1462 2123 adeo
1489 2093 1674 2123 conterun-

283 2163 339 2192 tur
364 2163 396 2193 et
430 2162 510 2192 ante
545 2157 811 2202 completionem
846 2157 1084 2201 poenitentiae
1119 2157 1331 2196 moriuntur,
1365 2156 1446 2200 igne
1480 2156 1674 2201 purgatorii

283 2225 493 2269 gravissime
519 2224 718 2268 puniuntur,
747 2224 813 2256 nisi
842 2222 931 2256 forte
958 2232 1075 2256 eorum
1103 2220 1301 2255 satisfactio
1324 2220 1366 2254 ab
1387 2220 1562 2265 aliquibus
1583 2221 1674 2254 caris

285 2291 357 2323 suis
396 2288 609 2333 perficienda
645 2292 852 2322 assumatur.
902 2286 956 2322 Ad
991 2287 1056 2321 lioc
1080 2290 1216 2327 tamen,
1253 2286 1344 2331 quod
1373 2285 1555 2330 praedicta
1581 2295 1673 2318 com-

284 2356 429 2389 mutatio
457 2354 591 2394 valeat,
619 2358 769 2398 quatuor
794 2355 1026 2398 requiruntur.
1076 2352 1223 2386 Primum
1251 2356 1304 2386 est
1330 2362 1370 2386 ex
1397 2355 1497 2396 parte
1524 2360 1673 2384 commu—

283 2422 413 2459 tantis,
440 2419 575 2454 scilicet
601 2422 677 2464 eJus
705 2421 909 2460 auctoritas,
937 2419 1020 2463 qnia
1045 2417 1087 2452 de
1113 2418 1309 2452 sacerdotis
1336 2417 1544 2451 auctoritate
1572 2415 1675 2449 debet

286 2486 371 2519 fieri.
422 2485 615 2519 Secundum
644 2488 697 2518 est
724 2495 764 2518 ex
792 2488 891 2528 parte
919 2485 1033 2526 illius,
1068 2495 1131 2528 pro
1165 2493 1232 2528 quo
1267 2483 1304 2516 lit
1329 2483 1571 2523 connuntatio,
1604 2480 1672 2513 sci-

286 2552 368 2585 licet
396 2553 471 2596 eJus
498 2552 711 2591 necessitas,
747 2551 829 2595 quia
866 2551 897 2583 in
929 2550 989 2584 tali
1020 2553 1112 2583 statu
1147 2548 1251 2583 debet
1285 2558 1383 2588 esse,
1420 2546 1509 2592 quod
1542 2556 1604 2589 pro
1636 2555 1673 2579 st·

358 2649 381 2677 Ι)
403 2651 468 2674 l'wc.
491 2649 557 2675 lilrri
579 2648 723 2675 ‹›tt'··mnt.-
751 2651 773 2673 l)
787 2659 800 2671 a·
829 2659 842 2674 ς
860 2652 1201 2674 minineniorutione
1228 2658 1242 2672 υ
1254 2645 1392 2673 mnium
1412 2641 1596 2669 fidolium
1616 2642 1672 2669 ‹lc-

289 2691 322 2717 ln
335 2700 349 2716 n
363 2696 422 2717 rto
435 2701 474 2717 ru
486 2702 521 2718 in.
