1742 3005
172 80 266 129 Cap.
300 78 433 116 cxlx.
483 78 541 116 De
573 80 805 117 assumtione
836 88 992 117 sanctae
1016 81 1162 119 Mariae
1195 82 1361 132 virginis.
1420 83 1501 123 525

113 190 207 218 tuum
242 183 328 218 vidit
359 186 627 230 corruptionem.
693 185 846 221 Docebat
880 190 994 221 autem
1031 185 1094 220 Dei
1131 187 1335 230 sacrarium,
1372 187 1501 225 sontem

114 248 354 292 indefessum,
381 259 503 296 agrum
529 252 718 293 inaratum,
745 253 879 287 vineam
905 262 974 285 non
1000 253 1200 298 irrigatam,
1227 253 1353 288 olivam
1380 254 1501 289 fructi-

113 314 223 349 feram
246 319 363 350 terrae
397 318 531 362 gremio
563 328 631 350 non
670 318 791 351 teneri.
839 317 965 352 Decuit
989 322 1133 352 matrem
1164 328 1184 352 a
1210 317 1281 352 filio
1307 319 1500 363 sublimari,

112 386 149 415 ut
173 381 218 415 ad
243 382 354 426 ipsum
381 381 593 423 adscendat,
628 383 717 416 sieut
744 382 788 416 ad
820 384 931 426 ipsam
967 382 1220 425 descenderat,
1258 388 1313 426 ut,
1351 396 1441 430 quae
1467 389 1501 421 in

112 451 215 491 partu
243 449 397 482 servavit
421 449 676 493 virginitatem,
711 451 791 491 post
825 451 969 480 mortem
1003 456 1132 491 corpus
1168 458 1236 481 non
1273 449 1394 483 videat
1421 461 1499 486 cor-

114 513 328 556 ruptionem,
356 516 390 547 et
415 523 504 558 quae
531 517 724 546 creatorem
750 512 907 556 portavit
934 513 967 544 in
994 513 1092 553 sinu,
1119 514 1153 545 in
1180 512 1307 547 divinis
1332 515 1499 551 taberna-

113 578 200 612 culis
225 582 473 619 commoretur,
506 581 541 612 et
572 587 673 622 quam
699 581 801 621 pater
824 577 1053 622 desponsavit
1077 579 1110 611 in
1137 588 1324 622 sponsam,
1356 581 1392 614 in
1417 592 1499 617 coe-

112 643 260 678 lestibus
294 642 457 677 thalamis
493 647 722 677 conservetur
755 647 789 677 et
821 652 842 676 a
868 647 998 685 matre,
1034 654 1123 688 quae
1157 649 1236 678 sunt
1263 644 1346 688 filii,
1380 650 1497 692 possi-

112 708 272 745 deantur.
318 707 412 743 Haec
445 708 695 743 Damascenus.
745 708 892 742 Sanctus
930 720 1068 754 quoque
1093 710 1311 755 Augustinus
1340 712 1375 746 in
1410 724 1497 758 quo-

110 773 186 808 dam
213 784 373 809 sermonc
399 775 476 820 ejus
501 775 772 808 sacratissimam
798 776 1045 809 assumtionem
1080 775 1319 819 multipliciter
1343 779 1499 813 ostendit

110 840 252 875 dicens:
277 840 319 875 de
344 842 568 874 sanctissimo
595 850 742 885 corpore
775 845 966 885 perpetuae
1006 842 1152 885 virginis
1190 842 1337 886 ejusque
1372 853 1498 879 sacrae

110 907 245 941 animae
277 907 492 941 assumtione
523 906 620 951 loqui
652 907 887 950 suscipientes
923 905 988 939 hoc
1022 907 1167 950 primum
1198 907 1363 950 dicimus,
1405 911 1498 955 quod

110 974 144 1006 in
169 973 373 1017 scripturis,
409 976 593 1016 postquam
627 981 702 1006 eam
734 971 893 1005 dominus
929 974 961 1006 in
990 982 1093 1007 cruce
1125 972 1299 1018 discipulo
1325 986 1497 1011 commen-

109 1039 225 1080 davit,
251 1037 337 1072 nihil
363 1037 406 1072 de
432 1047 474 1072 ea
498 1038 691 1082 reperitur,
718 1042 963 1084 praeterquam
991 1038 1084 1083 quod
1109 1038 1223 1074 Lucas
1253 1048 1498 1077 commemorat

108 1108 142 1140 iu
168 1104 303 1139 actibus
330 1103 465 1138 dicens:
493 1103 529 1137 hi
555 1114 673 1139 omnes
700 1109 801 1139 erant
825 1108 1092 1149 perseverantes
1118 1107 1326 1140 unanimiter
1355 1108 1389 1140 in
1414 1118 1495 1142 ora-

108 1173 203 1206 tione
232 1180 308 1205 eum
338 1169 454 1204 Maria
486 1174 594 1204 matre
618 1170 714 1205 Jesu.
766 1170 855 1210 Quid
880 1180 965 1215 ergo
994 1170 1036 1204 de
1061 1175 1194 1214 morte,
1229 1171 1311 1216 quid
1345 1172 1387 1207 de
1419 1175 1494 1219 ejus

108 1238 322 1272 assumtione
339 1235 520 1270 dicendum
540 1236 621 1270 est?
646 1235 743 1270 Unde
763 1237 938 1280 scriptura
957 1236 1005 1269 nil
1024 1241 1279 1277 cormnemorat,
1298 1240 1365 1272 nisi
1387 1250 1494 1285 quae-

107 1303 251 1338 rendum
283 1303 439 1343 ratione,
479 1302 561 1347 quid
594 1303 791 1336 consentiat
822 1302 974 1336 veritati.
1023 1301 1101 1336 Fiat
1134 1313 1220 1348 ergo
1254 1305 1332 1348 ipsa
1364 1308 1496 1340 veritas

108 1369 323 1410 auctoritas,
359 1368 435 1401 sine
470 1377 539 1413 qua
574 1378 636 1402 nec
671 1368 763 1402 valet
797 1370 1001 1402 auctoritas.
1049 1367 1225 1403 Mentores
1270 1371 1379 1415 igitur
1414 1382 1497 1406 con-

108 1434 251 1468 ditionis
285 1432 455 1468 humanae
488 1438 632 1468 mortem
666 1434 760 1468 illam
802 1433 957 1468 subiisse
999 1434 1227 1478 temporalem
1268 1436 1386 1472 dicere
1427 1448 1496 1472 non

108 1501 310 1543 metuimus,
337 1498 401 1534 sed
426 1500 457 1533 si
484 1499 628 1534 dicimus
655 1510 729 1534 eam
756 1499 945 1533 resolutam
972 1501 1005 1533 in
1029 1510 1240 1535 communem
1264 1502 1495 1546 putredinem,

109 1577 258 1602 vermem
284 1575 327 1600 ac
352 1566 523 1607 cinerem,
551 1565 814 1600 deliberandum
840 1569 913 1608 est,
949 1566 981 1598 si
1003 1569 1123 1600 tantae
1150 1569 1337 1602 conveniat
1362 1570 1494 1602 sancti-

107 1633 189 1675 tati,
225 1635 347 1666 tantae
380 1631 482 1666 aulae
513 1630 578 1666 Dei
609 1633 893 1677 praerogatIvae.
943 1630 1078 1665 Scimus
1114 1634 1202 1666 enim
1232 1632 1359 1667 dictum
1384 1635 1495 1678 primo

107 1699 263 1743 parenti:
295 1697 378 1742 quia
413 1697 527 1742 pulvis
563 1706 622 1740 es,
658 1700 692 1731 et
722 1698 756 1730 in
790 1697 966 1742 pulverem
1001 1697 1082 1733 ibis.
1131 1697 1225 1732 Hanc
1261 1698 1495 1734 conditionem

106 1773 189 1798 caro
224 1762 355 1797 Christi
389 1763 522 1805 evasit,
567 1772 657 1808 quae
695 1764 955 1808 corruptionem
989 1773 1057 1797 non
1090 1765 1266 1799 sustinuit.
1315 1764 1497 1810 Excipitur

107 1839 193 1876 ergo
219 1828 264 1863 ab
289 1828 351 1862 illa
375 1828 536 1874 generali
560 1829 736 1864 sententia
771 1828 813 1863 de
848 1829 984 1874 virgine
1021 1833 1135 1864 sumta
1167 1834 1304 1864 natura.
1351 1830 1497 1866 Mulieri

107 1905 246 1941 quoque
270 1894 431 1929 dominus
457 1893 562 1928 dixit:
588 1893 829 1939 multiplicabo
851 1904 1035 1929 aerumnas
1053 1899 1145 1938 tuas,
1172 1897 1206 1930 in
1222 1896 1345 1931 dolore
1364 1898 1493 1942 paries.

105 1961 315 1996 Aerumnam
337 1959 454 1994 Maria
478 1961 663 2002 sustinuit,
689 1960 788 2004 cujus
814 1961 962 1994 animam
987 1961 1128 2006 gladius
1154 1963 1398 2007 pertransivit,
1432 1962 1495 1996 sed

106 2027 183 2060 sine
217 2024 341 2059 dolore
374 2025 516 2069 genuit,
552 2023 668 2058 Maria
695 2034 802 2070 ergo,
839 2027 904 2060 etsi
930 2028 1159 2061 communicat
1185 2028 1360 2061 aerumnis
1384 2026 1493 2068 Evae,

106 2094 314 2125 nontamen
338 2089 566 2123 communicat
599 2089 826 2133 parturiendo
851 2099 926 2124 cum
960 2089 1095 2125 dolore.
1142 2090 1328 2135 Excipitur
1361 2102 1447 2138 ergo
1473 2102 1494 2126 a

106 2155 314 2202 quibusdam
339 2153 582 2200 generalibus,
618 2164 718 2199 quam
744 2158 842 2189 tanta
864 2155 995 2189 attollit
1019 2155 1203 2201 dignitatis
1229 2158 1491 2203 praerogativa.

106 2222 144 2257 Si
178 2232 265 2268 ergo
292 2220 420 2255 dicitur
449 2224 592 2254 mortem
618 2219 794 2263 subiisse,
827 2231 890 2255 nec
911 2225 1028 2256 tamen
1054 2221 1202 2256 vinculis
1227 2223 1304 2267 eJus
1335 2224 1492 2265 retineri,

106 2286 272 2332 numquid
298 2287 438 2331 impium
464 2286 550 2328 erit,
583 2287 614 2320 si
647 2285 759 2320 voluit
794 2285 888 2321 Deus
916 2288 1131 2333 ¹)integrum
1156 2289 1277 2322 matris
1305 2289 1490 2334 virginita-

104 2355 151 2388 tis
191 2362 336 2388 servare
371 2349 569 2396 pudorem?
627 2351 696 2386 Cur
731 2361 801 2386 non
836 2352 922 2387 velit
958 2353 1196 2397 incorruptam
1239 2364 1260 2388 a
1295 2354 1492 2399 putredinis

105 2428 249 2454 servare
281 2417 446 2452 foetore?
499 2415 672 2462 Numquid
710 2427 780 2452 non
809 2419 961 2462 pertinet
994 2417 1039 2451 ad
1075 2417 1328 2464 benignitatem
1362 2419 1493 2454 domini

105 2485 226 2519 matris
251 2493 396 2519 servare
423 2481 613 2524 honorem,
639 2493 729 2527 quae
753 2483 867 2528 legem
893 2483 1031 2518 solvere
1056 2494 1124 2517 non
1150 2489 1313 2527 venerat,
1339 2485 1403 2520 sed
1428 2486 1492 2520 ad-

104 2549 259 2594 implere.
310 2548 375 2589 Qui
401 2549 488 2583 enim
515 2549 548 2582 in
576 2550 647 2583 vita
671 2557 757 2592 prae
782 2549 934 2584 caeteris
965 2548 1058 2583 illam
1084 2550 1200 2595 gra-tia
1225 2551 1280 2584 sui
1304 2555 1490 2596 conceptus

173 2689 199 2722 1)
218 2688 271 2717 Ed.
291 2692 335 2717 Pr.
353 2688 439 2721 legit:
461 2689 605 2721 integra
619 2700 645 2717 ιιι
666 2694 824 2716 matrem
851 2689 1105 2722 virginitatis
1127 2694 1182 2717 etc.
