1742 3005
182 43 283 93 Cap.
305 41 422 79 CXII.
464 41 523 77 De
543 41 761 77 inventione
785 40 902 76 sancti
922 39 1055 89 Steph.
1078 39 1365 88 protomartiris,
1412 37 1492 74 461»

113 155 233 180 manus
259 150 456 190 apponunt,
484 150 522 181 ut
548 146 773 181 Laurentium
802 144 938 185 ferant,
965 143 1009 177 ad
1036 147 1164 178 terram
1202 143 1296 177 velut
1324 144 1500 177 exanimes

113 215 341 254 corruerunt,
369 212 432 247 sed
459 212 640 246 orantibus
667 222 730 257 pro
759 212 802 244 iis
828 219 940 255 papa,
966 208 1060 244 clero
1089 213 1123 242 et
1148 208 1278 253 populo
1308 209 1365 242 vix
1391 207 1435 242 ad
1463 219 1500 242 se

111 276 158 311 ad
183 287 365 322 vesperam
392 278 584 320 redierunt,
613 288 732 312 01111103
758 281 873 310 tamen
900 274 992 309 infra
1018 274 1135 308 decem
1161 273 1236 309 dies
1262 276 1385 308 mortui
1410 279 1500 312 sunt,

110 341 229 376 Latini
265 345 391 387 etiam,
428 345 488 389 qui
521 345 590 378 sibi
622 346 893 383 consenserant,
928 343 961 374 in
994 340 1146 374 frenesin
1174 342 1265 375 versi
1290 343 1408 375 sanari
1434 352 1503 374 non

111 412 320 452 potuerunt,
348 410 577 455 quoadusque
602 412 800 442 sanctorum
826 415 976 450 corpora
1003 405 1139 438 insimul
1164 406 1334 440 tumulata
1351 407 1500 441 fuerunt.

111 473 210 508 Tune
235 485 303 509 vox
330 477 364 509 in
390 475 489 509 coelo
515 474 636 508 audita
660 477 730 507 est:
756 482 775 505 ο
803 471 887 506 felix
913 470 1032 512 Roma,
1061 480 1150 515 quae
1176 481 1303 515 corpus
1320 470 1502 506 Laurentii

110 538 255 584 Hispani
280 544 314 574 et
339 539 508 584 Stephani
533 538 833 574 Hierosoliinitani
858 548 924 571 uno
952 535 1088 570 claudis
1113 536 1314 578 mausoleo,
1341 537 1503 583 gloriosa

109 606 272 650 pignora.
319 604 427 639 Facta
449 608 504 639 est
527 605 596 639 ista
621 605 818 649 conjunctio
843 603 910 647 ¹)X
930 602 995 637 cal.
1014 601 1103 646 Maji
1120 603 1215 636 eirca
1241 613 1351 637 annos
1371 603 1501 638 domini

110 669 337 706 CCCCXXV.
381 670 502 705 Refert
520 671 740 716 Augustinus
761 671 792 703 iu
814 668 904 702 libro
922 667 1020 702 XXII
1041 667 1084 702 de
1103 669 1245 703 civitate
1263 669 1327 703 Dei
1347 668 1498 705 1111101-

109 739 188 770 tuos
209 735 254 770 ad
274 738 528 771 invocationem
550 737 662 770 sancti
681 734 849 779 Stephani
874 735 1075 768 suscitatos.
1122 733 1294 769 Videlicet
1314 735 1499 780 quendam,

108 802 168 846 qui
186 788 261 835 cum
286 806 441 837 mortuus
469 803 518 836 sie
537 804 689 848 Jaceret,
715 807 752 836 ut
778 803 809 836 ei
831 803 904 846 Jam
931 800 1077 845 pollices
1104 800 1310 845 ligarentur,
1338 803 1500 835 invocato

107 877 215 911 super
250 878 326 902 eum
359 869 496 903 nomine
527 868 624 903 beati
658 867 827 912 Stephani
861 868 1024 901 continuo
1067 868 1256 899 suscitatus
1303 870 1367 900 est.
1416 867 1499 901 Item

107 932 277 977 quendam
303 944 447 978 puerum
472 944 494 968 a
519 934 677 979 plaustro
713 934 914 973 contritum,
957 944 1055 977 quem
1092 938 1201 967 mater
1239 932 1283 966 ad
1316 933 1498 968 ecclesiam

106 1000 222 1033 sancti
254 999 424 1044 Stephani
458 999 621 1035 deferens
656 1001 770 1034 vivum
808 1003 842 1033 et
876 1008 996 1032 sanum
1025 1000 1168 1042 recepit.
1218 997 1300 1032 Item
1327 999 1499 1044 quandam

106 1066 419 1109 sanctimonialem,
447 1076 549 1112 quae,
575 1076 649 1100 eum
671 1067 704 1099 in
727 1070 881 1100 extremo
903 1066 1029 1109 spiritu
1046 1065 1237 1098 constituta
1263 1064 1358 1098 etad
1384 1065 1497 1098 eccle<

104 1131 192 1164 siam
210 1133 321 1165 sancti
341 1131 512 1177 Stephani
537 1131 655 1167 delata
682 1132 807 1166 fuisset
832 1135 866 1166 et
892 1130 1019 1165 ibidem
1048 1131 1278 1174 exspirasset,
1301 1130 1497 1165 videntibus

104 1196 263 1230 omnibus
280 1201 314 1232 et
332 1198 552 1243 stupentibus
573 1202 698 1232 sanata
717 1198 880 1231 surrexit.
929 1195 1011 1230 Item
1036 1196 1206 1241 (plaudam
1229 1196 1378 1240 puellam
1405 1196 1497 1240 apud

103 1260 316 1306 Hypponem,
343 1264 442 1308 cujus
464 1265 657 1307 2’)111111[·3111
684 1274 759 1297 cum
788 1267 888 1307 pater
910 1263 952 1296 ad
982 1262 1167 1296 ecclesiam
1195 1263 1306 1295 sancti
1327 1261 1496 1306 Stephani

107 1326 346 1372 deportasset,
372 1329 790 1373 eampostmodumsuper
805 1339 931 1372 corpus
953 1328 1137 1362 defunctae
1150 1327 1497 1372 puellaeprojecitet

105 1393 168 1427 illa
179 1394 295 1427 statim
309 1395 473 1430 surrexit.
500 1393 583 1428 Item
599 1394 961 1439 queudamjuvenem,
983 1394 1082 1438 cujus
1094 1403 1220 1437 corpus
1236 1403 1309 1426 cum
1324 1385 1495 1427 inunctum

101 1459 228 1494 fuisset
252 1459 331 1493 oleo
364 1461 474 1493 sancti
495 1459 678 1504 Stephani,
707 1461 822 1493 statim
848 1461 1010 1493 surrexit.
1045 1458 1124 1492 Item
1148 1458 1317 1503 quendam
1338 1470 1493 1504 puerum,

103 1526 163 1570 qui
182 1534 257 1560 cum
275 1524 321 1558 ad
340 1525 524 1560 ecclesiam
543 1527 655 1559 sancti
672 1525 842 1570 Stephani
858 1528 1014 1558 mortuus
1035 1524 1160 1558 fuisset
1173 1524 1324 1567 delatus,
1341 1524 1384 1558 ad
1398 1526 1494 1559 invo-

100 1592 273 1625 catIonem
291 1592 403 1626 sancti
421 1590 592 1636 Stephani
613 1592 703 1625 vitae
722 1595 774 1625 est
796 1592 954 1636 protinus
978 1591 1171 1624 restitutus.
1200 1590 1249 1625 De
1270 1590 1336 1624 hoc
1354 1592 1495 1625 martire

101 1658 154 1691 sie
179 1656 264 1691 dicit
294 1657 535 1703 Augustinus:
575 1658 750 1692 martirem
783 1658 886 1691 istum
919 1655 1091 1691 Gamaliel
1125 1656 1275 1690 stolatus
1311 1656 1493 1697 revelaxit,

100 1722 229 1757 Saulus
254 1723 427 1768 spoliatus
456 1722 674 1767 ³)laudavit,
702 1722 860 1757 Christus
880 1723 1004 1767 pannis
1024 1723 1198 1756 involutus
1219 1722 1393 1756 1111311101
1413 1734 1493 1767 pre-

99 1790 191 1823 tioso
229 1789 348 1834 lapide,
391 1790 586 1826 coronavit.
632 1788 746 1824 Idem:
788 1791 823 1822 in
865 1788 1045 1833 Stephano
1091 1790 1229 1822 emicuit
1271 1788 1492 1833 pulchritudo

98 1856 279 1900 corporis,
306 1854 370 1890 1103
398 1857 538 1897 aetatis,
566 1855 768 1900 eloquentia
796 1856 1075 1897 sermocinantis,
1104 1857 1281 1900 sapientia
1309 1857 1493 1889 sanctissi-

99 1929 175 1955 mae
200 1922 325 1954 mentis
351 1925 386 1955 et
410 1922 570 1966 operatio
598 1921 803 1955 divinitatis⁸
853 1920 965 1955 idem:
1008 1921 1108 1955 fortis
1135 1922 1296 1955 columna
1321 1921 1385 1955 Ilei
1418 1932 1493 1955 cum

99 1986 191 2019 iuter
214 1985 424 2030 Iapidiferas
450 1995 571 2019 manus
601 1987 798 2030 captatorio
826 1986 959 2030 forcipe
985 1976 1184 2028 teneretur,
1221 1986 1350 2030 ⁴)tidei
1378 1986 1493 2031 fundi-

99 2049 183 2084 bilis
215 2049 436 2095 igniebatur,
483 2050 679 2085 feriebatur
722 2054 756 2084 et
787 2050 1069 2094 producebatur,
1113 2051 1425 2096 constringebatur
1460 2056 1494 2086 et

99 2115 315 2162 angebatur,
350 2115 565 2151 caedebatur
589 2120 624 2150 et
649 2126 717 2149 non
743 2115 958 2150 vincebatur.
1006 2115 1099 2150 Idem
1129 2126 1236 2161 super
1260 2117 1368 2158 illud,
1405 2116 1492 2151 dura

100 2183 236 2217 cervice
270 2186 355 2217 ete.:
387 2181 444 2216 hic
477 2192 548 2216 non
578 2180 780 2223 blanditur,
817 2180 881 2215 sed
914 2179 1110 2223 invehitur,
1143 2192 1212 2216 non
1248 2182 1403 2227 palpat„
1427 2183 1491 2217 sed

101 2252 292 2292 provocat,
327 2258 395 2282 non
425 2246 602 2292 trepidat,
636 2246 700 2282 sed
734 2248 891 2293 instigat.
940 2246 1052 2281 Idem:
1096 2247 1237 2282 attende
1272 2248 1490 2292 Stephanum

98 2322 305 2347 conservum
328 2316 445 2356 tuum,
483 2311 585 2347 homo
620 2317 697 2347 erat
728 2314 820 2347 sicut
855 2318 889 2348 et
914 2317 967 2355 tu,
1004 2312 1047 2347 de
1081 2323 1200 2347 massa
1233 2316 1366 2358 peceati
1403 2318 1488 2354 erat,

96 2379 188 2412 sicut
213 2382 248 2413 et
270 2381 319 2420 tu,
345 2388 386 2413 eo
412 2379 526 2423 pretio
554 2377 742 2419 redemtus,
772 2379 884 2423 ⁵)quo
911 2383 946 2412 et
970 2383 1019 2420 tu,
1046 2378 1176 2412 et'cum
1203 2379 1380 2424 dyaconus
1402 2385 1488 2419 erat.

97 2443 317 2489 evangelium
338 2443 495 2490 legebat,
532 2443 625 2488 quod
645 2444 734 2489 legis
752 2443 805 2478 vel
826 2443 927 2477 audis
949 2438 983 2478 el
1002 2447 1050 2485 tu,
1076 2442 1126 2476 ibi
1148 2444 1281 2478 invenit
1306 2447 1488 2491 scriptum:

103 2509 244 2556 diligite
271 2510 430 2543 inimicos
459 2513 617 2551 vestros,
655 2508 778 2543 didicit
802 2507 973 2554 legendo,
1014 2508 1161 2553 perlecit
1187 2509 1398 2546 obediendo.

113 2570 265 2621 —1)E‹l‚
292 2592 336 2617 Pr,
364 2588 490 2615 omiuit:
516 2592 545 2616 X
571 2587 642 2615 cal.
666 2585 769 2619 Maii.
806 2586 866 2613 Alii
892 2586 993 2617 legunt
1021 2589 1066 2613 IX
1093 2586 1162 2613 cal.
1191 2590 1230 2614 M.
1333 2591 1361 2624 2)
1388 2590 1486 2617 Verba

96 2631 269 2659 tnn1ca1n
288 2648 319 2654 ·-
339 2635 516 2667 juvenem
536 2632 649 2660 omittit
667 2630 720 2657 Ed.
740 2634 783 2657 I'r.
887 2632 914 2664 3)
935 2631 986 2659 Ed.
1007 2635 1049 2658 l'r.
1077 2631 1294 2666 lapidavit.
1385 2635 1412 2665 4)
1435 2635 1484 2660 Exi.

69 2674 72 2675 ⁷
97 2679 139 2704 Pr.
160 2677 238 2704 male
258 2676 341 2704 sido
361 2677 395 2705 sn
408 2678 449 2704 111]
462 2680 504 2705 ul)
517 2678 548 2705 111
563 2678 599 2704 ia.
713 2677 741 2708 ὅ)
761 2679 838 2701 Haec,
859 2675 912 2702 tria
932 2677 1024 2704 verbu
1046 2677 1156 2704 innituit
1176 2677 1227 2703 Ed.
1249 2681 1290 2705 l‘r.

1159 2753 1203 2787 30
