1742 3005
446 64 542 113 Cap.
571 63 743 100 LXXIII.
802 63 860 101 De
891 71 1020 102 sancto
1050 65 1198 115 spiritu.
1436 66 1515 104 327

131 169 241 204 Adam
265 169 404 213 aperuit
423 167 552 212 Januas
578 167 715 208 inferni,
750 169 801 202 sic
835 169 1008 203 secundus
1039 170 1207 213 paradisi.
1255 168 1339 205 inde
1363 171 1518 205 ecelesia

129 238 262 270 eantat:
287 238 325 268 tu
350 233 488 269 devicto
514 236 635 268 mortis
661 234 782 268 aculeo
809 238 872 269 ete.
920 234 1022 269 Nona
1046 235 1115 272 Ioci
1147 238 1385 281 praeparatio.
1433 235 1511 271 Joh.

127 300 225 336 XIV:
256 300 346 334 vado
374 310 501 345 parare
529 300 628 335 vobis
653 300 776 335 Iocum.
825 301 1063 346 Augustinus:
1098 302 1259 346 domine,
1284 312 1391 347 para,
1419 302 1512 348 quod

125 376 250 412 paras:
277 376 340 400 nos
368 368 457 400 enim
483 366 548 400 tibi
574 376 678 410 paras
704 371 739 401 et
763 371 798 401 te
822 366 925 401 nobis
950 376 1073 412 paras,
1100 368 1239 413 quando
1265 369 1378 404 Iocum
1407 378 1511 414 paras

125 437 159 467 et
182 432 247 467 tibi
271 433 306 467 in
330 431 432 466 nobis
457 436 491 468 et
515 433 550 466 in
574 436 607 467 te
631 432 746 466 nobis.

545 755 672 819 GAP.
706 754 900 819 LXXIII.
942 756 1069 819 (68.)

441 856 550 900 Be
589 857 855 901 sancto
887 855 1185 910 spiritu.

207 964 359 1008 SpIritus
384 970 526 999 sanetus
551 965 721 1000 hodierna
750 965 828 1008 die,
854 969 891 1000 ut
917 974 1020 999 saera
1045 967 1180 998 aetuum
1207 967 1356 998 testatur
1385 964 1506 1010 Iiysttxa

116 1031 181 1072 riat,
210 1031 244 1063 in
259 1030 441 1074 apostolos
460 1032 493 1064 in
510 1031 639 1077 linguis
658 1032 772 1077 Igneis
793 1032 919 1065 missus
939 1035 1004 1065 est.
1054 1030 1155 1064 Circa
1178 1031 1278 1074 eujus
1306 1031 1506 1066 missionem

114 1097 189 1130 sive
202 1094 247 1129 ad
266 1095 451 1130 adventum
474 1096 598 1140 ¹)octo
616 1096 876 1131 consideranda
900 1101 998 1130 sunt:
1020 1098 1142 1140 primo,
1162 1106 1182 1129 a
1202 1106 1269 1140 quo
1287 1098 1414 1131 missus
1433 1101 1506 1138 est;

114 1160 282 1203 seeundo,
318 1165 402 1206 quot
426 1162 539 1196 modis
564 1164 711 1197 mittitur
735 1164 809 1197 sive
834 1163 962 1197 missus
991 1166 1062 1203 est;
1093 1163 1220 1204 tertio,
1253 1173 1320 1207 quo
1347 1166 1507 1207 tempore

113 1228 240 1261 missus
263 1231 334 1270 est3
363 1232 501 1273 quarto,
529 1230 690 1273 quotiens
711 1230 838 1262 missus
858 1233 930 1269 est3
957 1229 1090 1273 quinto,
1118 1227 1270 1272 qualiter
1282 1229 1409 1262 missus
1428 1233 1502 1270 est}

113 1294 226 1334 sexto,
254 1295 287 1327 in
307 1304 394 1338 quos
412 1295 538 1327 missus
560 1298 632 1335 est3
659 1296 820 1338 septimo,
846 1297 993 1337 propter
1011 1292 1103 1338 quod
1120 1294 1245 1328 missus
1265 1298 1338 1335 est3
1365 1299 1501 1338 octavo,

113 1369 177 1402 per
187 1358 280 1403 quod
295 1360 421 1392 missus
433 1363 496 1393 est.
522 1358 624 1393 Circa
636 1360 780 1403 primum
792 1359 940 1401 seilicet,
966 1369 987 1392 a
1001 1370 1068 1404 quo
1081 1360 1208 1392 missus
1221 1363 1286 1401 est,
1300 1359 1499 1403 notandum,

112 1422 206 1467 quod
224 1424 333 1467 ipsum
356 1425 514 1468 spiritum
532 1428 634 1468 pater
648 1425 741 1457 misit
768 1428 802 1458 et
828 1424 918 1458 iilius
944 1425 1039 1458 misit
1065 1428 1098 1458 et
1124 1425 1269 1468 spiritus
1295 1430 1436 1460 sanetus
1462 1437 1501 1460 se

112 1490 224 1532 ipsum
254 1487 352 1523 dedit
376 1493 410 1523 et
437 1490 540 1524 misit.
588 1489 639 1523 De
667 1491 777 1534 primo
809 1490 988 1526 Johannes
1014 1488 1114 1525 XIV:
1150 1490 1351 1534 paraeletus
1386 1495 1499 1524 autem

110 1555 256 1598 spiritus
277 1559 433 1598 sanetus,
460 1566 560 1600 quem
579 1556 690 1589 mittet
714 1559 815 1601 pater
834 1558 869 1590 in
893 1557 1030 1589 nomine
1056 1565 1132 1590 meo
1160 1559 1225 1589 etc.
1274 1554 1324 1589 De
1345 1555 1499 1590 seeundo

107 1619 188 1654 Joh.
211 1619 309 1655 XVI:
335 1622 366 1654 si
386 1625 499 1655 autem
518 1621 651 1663 abiero,
677 1623 808 1655 mittam
827 1632 903 1656 eum
924 1620 967 1655 ad
989 1630 1062 1655 vos.
1111 1619 1238 1655 Missio
1260 1621 1348 1654 enim
1366 1622 1399 1654 in
1420 1622 1499 1655 istis

109 1685 339 1720 inferioribus
372 1686 481 1721 habet
511 1689 807 1731 comparationem
845 1686 890 1720 ad
924 1697 1022 1721 snum
1055 1688 1245 1721 mittentem
1277 1686 1341 1720 sul)
1368 1687 1501 1732 triplici

107 1750 322 1794 habitudine,
347 1752 484 1787 seilicet
507 1756 544 1786 ut
569 1752 613 1787 ad
641 1753 778 1788 dantem
803 1762 895 1795 esse,
922 1757 956 1787 et
979 1754 1029 1787 sie
1052 1754 1200 1786 mittitur
1224 1752 1342 1786 radius
1369 1763 1389 1786 a
1407 1752 1496 1795 sole,

105 1820 142 1851 ut
166 1816 209 1851 ad
238 1816 376 1851 dantem
399 1819 581 1861 virtutem,
607 1823 641 1854 et
667 1820 720 1853 sic
742 1820 891 1853 mittitur
912 1818 1070 1864 jaculum
1098 1828 1119 1852 a
1145 1819 1365 1863 projectore,
1390 1823 1428 1852 ut
1451 1818 1497 1852 ad

106 1881 245 1917 dantem
269 1883 553 1928 jurisdimionem
578 1885 653 1919 sive
679 1874 942 1927 auctoritatem,
981 1888 1016 1919 et
1050 1885 1103 1918 sie
1135 1885 1282 1918 mittitur
1309 1885 1449 1918 nuntius
1475 1895 1497 1918 a

106 1952 347 1992 praeceptore.
396 1949 593 1984 Secundum
628 1949 720 1983 hunc
751 1950 925 1994 tripIieem
953 1949 1089 1984 modum
1123 1951 1244 1984 missio
1271 1953 1389 1994 potest
1413 1960 1493 1984 eon-

106 2014 227 2047 venire
253 2014 392 2058 spiritui
417 2018 552 2049 sancto.
598 2014 752 2049 Mittitur
777 2017 867 2050 enim
901 2025 922 2049 a
945 2019 1044 2059 patre
1072 2019 1106 2049 et
1131 2015 1223 2057 filio,
1248 2019 1423 2059 tamquam
1449 2015 1493 2048 ab

105 2079 148 2112 iis
172 2077 307 2113 habens
330 2088 415 2117 esse
442 2082 477 2113 et
503 2080 662 2113 virtutem
689 2084 723 2114 et
746 2082 989 2114 auctoritatem
1016 2081 1051 2113 in
1081 2079 1281 2124 operando:
1316 2079 1495 2113 nihilomi-

103 2154 168 2178 nus
194 2147 228 2179 et
250 2145 329 2189 ipse
353 2145 498 2188 spiritus
523 2148 668 2179 sanetus
696 2155 735 2180 se
760 2146 874 2190 ipsum
900 2144 997 2179 dedit
1022 2148 1056 2179 et
1082 2146 1197 2187 misit,
1231 2144 1325 2189 quod
1356 2144 1497 2179 videtur

104 2210 275 2244 insinuari
304 2209 384 2245 Joh.
419 2209 519 2253 XVI,
562 2220 637 2244 eum
671 2210 817 2244 dieitur:
851 2220 927 2244 eum
958 2214 1073 2244 autem
1105 2211 1240 2245 venerit
1265 2210 1325 2244 ille
1350 2211 1494 2254 spiritus

104 2275 263 2310 veritatis
290 2279 356 2309 ete.
403 2274 490 2309 Nam
515 2276 607 2310 sieut
630 2275 715 2309 dicit
738 2276 813 2310 Leo
838 2285 932 2320 papa
956 2276 992 2309 in
1016 2285 1176 2310 sermone
1199 2275 1243 2310 de
1267 2275 1493 2310 Pentecoste:

103 2340 210 2374 beata
236 2340 377 2373 trinitas
394 2367 403 2382 ,
436 2341 732 2376 incommutabilis
757 2341 879 2376 Deitas
907 2351 976 2375 una
1002 2345 1056 2376 est
1089 2343 1125 2375 in
1148 2341 1365 2382 substantia,
1399 2339 1493 2373 indi-

102 2406 181 2440 visa
208 2405 243 2438 in
268 2415 398 2449 opere,
423 2415 570 2439 consors
594 2407 630 2440 in
653 2407 852 2449 voluntate,
886 2417 951 2451 par
974 2408 1010 2440 in
1034 2406 1308 2450 omnipotentia,
1334 2405 1493 2450 aequalis

103 2472 140 2505 in
171 2470 299 2517 gloria.
346 2469 477 2506 Divisit
507 2474 620 2505 autem
646 2471 714 2505 sihi
739 2482 827 2517 opus
852 2475 998 2506 nostrae
1028 2470 1255 2505 redemtionis
1295 2472 1495 2506 misericor-

101 2536 162 2570 dia
193 2536 382 2579 trinitatis,
423 2539 461 2570 ut
494 2539 596 2580 pater
636 2538 911 2581 propitiaretur,
955 2536 1047 2570 filius
1080 2537 1310 2580 propitiaret,
1346 2536 1491 2582 spiritus

171 2679 198 2712 1)
218 2678 272 2709 Ed.
291 2682 338 2707 [Ὗ.
354 2679 429 2712 legii
447 2684 596 2715 septem
614 2684 643 2707 et
663 2679 772 2708 deinde
792 2679 901 2708 omittit
921 2680 1016 2708 verba
1036 2684 1177 2708 octavo
1197 2694 1227 2702 ·—
1247 2684 1316 2709 est.
