1742 3005
182 108 260 146 174
523 110 620 160 Cap.
651 109 733 148 XL.
791 109 851 147 De
883 116 1012 147 sancto
1043 92 1224 147 Vecfasto.

740 336 866 398 cAP.
924 336 1009 398 ss.

531 439 630 483 De
671 439 891 482 saneto
930 436 1229 482 vedasto.

272 547 445 583 vedastus
471 548 574 592 quasi
601 557 680 582 vere
706 546 793 580 dans
819 550 960 587 aestus,
1011 548 1093 592 qnia
1127 555 1208 580 vere
1240 542 1307 578 sibi
1333 543 1429 578 dedit
1453 548 1572 579 aestus

182 614 381 648 afflictionis
407 617 441 648 et
467 614 716 658 poenitentiae,
745 612 799 647 vel
826 613 927 657 quasi
952 612 1043 647 vaeb
1071 611 1218 652 distans,
1246 612 1328 655 qnia
1354 609 1572 645 vaehaeter-

182 690 260 713 num
289 679 332 713 ab
361 689 403 713 eo
430 679 549 714 distat.
596 677 681 712 Nam
708 678 862 712 damnati
887 688 1026 723 semper
1047 678 1180 712 dicent:
1207 675 1308 718 vaeh,
1335 676 1468 710 seilicet
1491 677 1573 721 qnia

183 745 288 779 Deum
317 744 468 785 offendi,
522 743 610 777 vaeh
637 744 719 788 quia
744 743 896 787 dyabolo
922 745 1105 785 consensi,
1154 742 1244 778 vaeli
1272 743 1354 787 quia
1379 746 1482 775 natus
1511 741 1571 781 sui,

184 809 270 845 vach
298 811 380 855 quia
404 809 493 842 mori
517 819 585 842 non
610 808 723 849 valen,
752 807 839 842 vaeh
867 809 949 854 quia
972 812 1041 842 tam
1067 808 1157 843 male
1182 812 1361 853 torqueor,
1389 805 1573 851 vaehquia

182 886 355 921 nunquam
378 873 568 909 liberabor.

271 941 446 976 Vedastus
475 951 495 974 a
521 940 626 975 heato
657 939 814 986 Remigio
850 941 883 973 in
917 939 1182 974 Atrebatensem
1208 941 1407 984 epist-opum
1433 936 1573 972 ordina-

182 1012 237 1042 tus
265 1007 348 1048 suit;
377 1008 435 1052 qni
460 1017 534 1041 eum
560 1006 604 1040 ad
631 1010 767 1051 portam
793 1007 946 1039 civitatis
975 1007 1128 1039 venisset
1158 1010 1192 1040 et
1218 1005 1345 1040 ibidem
1372 1004 1459 1038 dnos
1485 1013 1573 1049 pau-

184 1078 299 1118 ρει-οε,
325 1083 426 1107 unum
450 1083 589 1107 caecum
615 1076 649 1107 et
674 1071 776 1105 alium
803 1071 961 1105 claudum
987 1076 1145 1116 petentes
1159 1071 1403 1106 eleemosinam
1419 1071 1572 1114 reperis-

184 1143 249 1182 set,
277 1139 364 1173 dixit
389 1140 454 1174 iis:
478 1142 660 1184 argentum
687 1141 721 1171 et
745 1146 867 1170 aurum
890 1147 958 1170 non
982 1141 1036 1172 est
1063 1136 1156 1178 mihi,
1184 1136 1277 1182 qnod
1303 1141 1418 1170 autem
1442 1134 1571 1174 habeo,

185 1206 284 1240 vobis
306 1205 362 1240 do.
388 1205 432 1240 Et
458 1205 551 1239 sat-ta
576 1204 734 1238 oratione
761 1206 929 1247 utrosque
957 1204 1106 1237 sanavit.
1134 1203 1216 1237 Cum
1233 1207 1346 1237 antem
1369 1203 1402 1237 in
1424 1200 1572 1248 quadam

184 1271 333 1307 ecclesia
359 1271 527 1307 derelicta
553 1274 586 1304 et
612 1267 778 1313 vepribus
803 1272 927 1312 operta
951 1268 1054 1313 lupus
1080 1267 1278 1309 habitaret,
1331 1268 1440 1303 eidem
1468 1279 1572 1313 prae-

184 1339 287 1383 cepit,
315 1341 351 1371 ut
376 1336 456 1371 inde
482 1336 621 1382 sugeret
645 1344 708 1369 nec
731 1334 824 1368 ultra
850 1333 931 1367 illuc
956 1334 1071 1368 redire
1096 1334 1253 1377 auderet,
1281 1334 1372 1380 quod
1393 1339 1426 1369 et
1447 1334 1571 1368 sactum

185 1407 250 1439 est.
296 1403 454 1448 Denique
481 1412 556 1436 cum
581 1400 689 1436 verbo
713 1404 748 1435 et
772 1409 880 1445 opere
904 1399 1030 1434 multos
1054 1401 1306 1442 convertisset,
1341 1399 1573 1446 quadragesi-

186 1480 239 1504 mo
265 1479 355 1503 anno
380 1470 435 1503 sni
469 1469 694 1513 episcopatus
727 1465 815 1500 vidit
847 1465 1038 1500 columnam
1066 1467 1205 1512 igneam
1231 1476 1252 1501 a
1279 1465 1377 1501 coelo
1403 1475 1514 1511 usque
1539 1466 1573 1499 in

185 1536 321 1570 domum
356 1545 453 1569 suam
488 1532 768 1569 descendentem.
840 1531 906 1572 Qui
930 1532 1029 1566 finem
1054 1542 1152 1566 suum
1180 1532 1308 1567 adesse
1333 1531 1572 1569 considerans,

186 1605 266 1647 post
291 1600 459 1635 modicum
486 1601 520 1633 in
545 1609 632 1644 paee
658 1599 800 1646 quievit„
812 1598 906 1632 cirea
932 1607 1057 1632 annum
1084 1598 1212 1632 domini
1230 1598 1302 1633 DL.
1352 1597 1434 1632 Cum
1460 1601 1574 1631 autem

185 1677 313 1713 corpus
348 1668 424 1712 ejus
459 1665 731 1706 transferretur,
782 1663 998 1698 Andomatus
1022 1674 1108 1709 prae
1133 1666 1231 1699 senio
1257 1674 1402 1705 caecus,
1453 1662 1574 1696 dolens

187 1733 280 1779 quod
305 1742 432 1778 eorpus
459 1730 587 1766 Christi
623 1730 740 1765 videre
765 1741 832 1764 non
859 1733 1016 1774 poterat,
1067 1741 1145 1764 mox
1170 1731 1282 1765 lumen
1310 1729 1461 1773 recepit.
1512 1726 1574 1761 sed

185 1799 401 1844 postmodum
427 1798 470 1832 ad
501 1801 614 1832 votum
637 1807 734 1832 snum
759 1796 873 1832 lumen
896 1797 1021 1831 amisit.

737 2175 861 2236 GAP.
907 2174 1015 2235 xil.

529 2278 626 2321 De
665 2275 884 2320 saneto
920 2272 1233 2318 Antando.

279 2383 456 2420 Amandus
483 2384 628 2425 dicitur,
685 2386 767 2429 quia
800 2382 960 2417 amabilis
997 2381 1079 2416 fuit:
1126 2381 1247 2416 habuit
1273 2382 1360 2416 enim
1389 2381 1455 2414 tria
1479 2381 1576 2430 inse

191 2463 280 2498 qnae
307 2452 437 2485 saeiunt
463 2450 632 2485 hominem
649 2449 844 2485 amabilem.
873 2449 1020 2483 Primum
1038 2451 1092 2483 est
1106 2448 1382 2494 societasgrata.
1409 2443 1573 2480 Proverh.

191 2516 321 2552 xvnl:
373 2518 425 2551 vir
454 2516 616 2551 amabilis
652 2516 698 2551 ad
733 2517 935 2550 societatem
971 2515 1084 2560 magis
1119 2514 1250 2547 amiens
1285 2516 1338 2547 est
1371 2520 1470 2555 quam
1503 2509 1574 2543 sra-

189 2586 252 2615 ter.
302 2582 496 2617 Secundum
522 2586 576 2618 est
601 2582 880 2617 conversationis
905 2580 1073 2615 honestas
1099 2583 1134 2613 et
1160 2580 1210 2612 sic
1235 2577 1361 2611 dicitur
1389 2574 1432 2609 de
1448 2574 1575 2609 Esther

189 2646 252 2688 ΙΙ.,
282 2647 374 2692 qnod
401 2649 547 2681 omnium
573 2648 683 2682 oculis
708 2647 870 2681 amabilis
898 2645 1093 2680 videbatur.
1149 2642 1303 2678 Tertium
1340 2644 1393 2675 est
1419 2639 1575 2685 probita-

191 2714 235 2746 tis
262 2713 484 2747 virtuositas:
511 2711 551 2747 11.
580 2712 664 2757 Reg.
692 2712 705 2746 Ι
767 2712 851 2746 Saul
880 2715 914 2746 et
937 2709 1108 2745 Jonathas
1134 2706 1302 2742 amabiles
1328 2710 1362 2741 et
1387 2704 1516 2740 decori.

1707 85 1715 92 “
1704 0 1742 56 θ’

1706 534 1732 702 ,αξ-,4,
1700 154 1742 531 ω4ῌ4ωὼ
