1742 3005
310 111 405 160 Cap.
446 111 508 148 XI.
577 111 636 149 De
668 119 797 149 sancto
837 112 987 151 Thoma
1018 116 1285 155 cantuariensi.
1435 121 1486 159 67

100 216 276 261 dyaconus
305 215 429 250 sactus.
501 215 554 250 Ad
581 226 703 261 preces
731 220 846 251 tamen
871 218 981 261 ipsius
1009 220 1166 265 episcopi
1190 222 1285 267 regis
1311 223 1484 258 cancellar

97 283 182 321 riam
215 282 391 326 suscepit,
441 284 475 314 ut
504 281 709 327 prudentia,
752 291 821 326 qua
846 285 922 316 erat
945 283 1149 327 praeditus,
1191 285 1420 332 malignorum
1450 289 1483 322 in

96 346 278 381 ecclesiam
303 345 506 391 prohiberet
530 346 700 389 insultus,
744 357 843 392 quem
869 346 958 382 adeo
984 358 1045 383 rex
1069 348 1210 393 dilexit,
1254 355 1292 385 ut
1315 357 1396 396 post
1421 353 1481 388 de-

93 422 227 446 cessum
255 411 512 457 archiepiscopi
538 422 613 446 eum
640 414 672 445 iu
698 411 933 447 cathedralem
951 411 1117 447 honorem
1139 418 1380 458 procuraverit
1398 417 1480 452 sub»

94 477 218 512 limari.
245 476 311 517 Qui
334 477 416 512 licet
441 477 622 522 plurimum
649 478 841 518 resisteret,
870 476 1009 511 tandem
1032 477 1109 520 (ad)
1134 477 1354 516 obedientiae
1380 492 1483 526 prae>-

94 546 229 586 ceptum
253 540 415 577 humeros
440 543 626 586 supposuit
650 540 694 574 ad
721 540 940 585 portandum.
1012 541 1139 576 Subito
1170 548 1284 579 autem
1309 547 1344 579 in
1370 549 1480 581 virum

94 607 283 651 perrectum
317 605 462 640 alterum
496 609 712 650 permutatur
736 609 770 640 et
793 615 876 640 caro
901 607 977 652 ejus
1002 607 1116 642 cilicio
1144 612 1177 643 et
1194 609 1341 654 Jejimiis
1366 602 1486 647 maces

94 675 201 705 ratur.
251 670 327 704 Non
353 670 464 704 solum
491 671 579 705 enim
597 670 744 704 cilicium
771 682 835 715 pro
860 674 1005 706 camisia
1019 672 1215 715 deserebat,
1242 675 1303 708 sed
1319 680 1352 711 et
1371 676 1461 711 semo

93 736 183 771 ralia
195 735 334 770 cilicina
358 746 467 781 usque
485 735 529 769 ad
542 735 707 780 poplitem
722 736 918 781 bajulabat,
947 740 1165 774 sanctitatem
1186 744 1299 775 autem
1316 751 1414 776 suam
1430 744 1478 777 ita

92 800 268 836 subtiliter
294 800 504 843 occultabat,
531 805 567 835 ut
593 801 693 835 salvo
719 812 857 847 semper
883 802 1079 838 honestatis
1105 806 1236 850 rigore,
1262 805 1326 839 sub
1352 806 1476 842 decen-

91 868 142 901 tia
165 867 313 901 vestium
337 870 371 901 et
405 871 579 911 apparatu
603 868 798 902 utensilium
826 868 1055 903 concordaret
1078 878 1153 903 cum
1177 869 1331 905 moribus
1357 873 1477 918 singu—

91 933 212 966 lorum.
269 931 451 966 Tredecim
474 941 666 977 pauperum
690 933 797 977 pedes
824 934 979 978 quotidie
1004 936 1157 968 curvatis
1182 934 1330 980 genibus
1355 936 1477 971 ablue-

90 998 151 1032 bat
176 1001 210 1032 et
235 997 384 1032 refectos
418 996 510 1030 datis
542 997 683 1032 cuilibet
706 997 752 1033 IV
783 1000 961 1044 argenteis
987 999 1196 1034 remittebat.
1264 999 1337 1034 Rex
1362 1005 1475 1037 autem

89 1062 134 1097 ad
161 1063 372 1097 voluntatem
398 1071 493 1096 suam
520 1064 553 1095 in
578 1062 817 1098 detrimentum
841 1063 1011 1098 ccclesiae
1034 1066 1144 1109 ipsum
1171 1065 1311 1099 flectere
1338 1066 1467 1101 niteba-

88 1132 156 1170 tur,
182 1127 302 1162 volens
326 1132 363 1162 ut
387 1127 668 1170 consuetiulines,
696 1138 782 1173 (pias
808 1133 929 1162 contra
954 1128 1152 1165 libertatem
1175 1130 1345 1166 ecclcsiae
1371 1143 1472 1176 prae<

89 1192 294 1227 decessores
319 1194 372 1228 sui
397 1192 605 1235 habuerant,
631 1193 676 1227 al)
703 1193 823 1229 eodem
850 1194 1008 1229 similiter
1033 1195 1262 1230 firmarentur.
1311 1196 1376 1236 Qui
1396 1197 1473 1232 dum

87 1260 225 1293 omnino
251 1259 423 1294 assonare
445 1258 575 1299 noluit,
626 1263 748 1294 contra
775 1270 813 1294 se
838 1262 925 1294 iram
950 1262 1046 1305 regis
1073 1265 1106 1294 et
1130 1262 1320 1305 principum
1346 1273 1467 1306 provo

86 1325 190 1359 cavit.
239 1324 395 1364 Quadam
419 1328 533 1358 autem
569 1325 642 1358 vice
676 1326 727 1358 sic
754 1327 829 1370 ipse
854 1335 928 1359 cum
954 1325 1033 1360 aliis
1060 1327 1236 1370 episcopis
1261 1336 1282 1360 a
1305 1337 1390 1373 rege
1416 1336 1472 1361 ar-

87 1393 201 1430 tatus,
244 1393 282 1422 ut
305 1391 407 1424 etiam
433 1389 500 1422 sibi
525 1389 644 1422 mortis
669 1391 874 1424 sententiam
899 1391 1108 1431 minaretur,
1151 1401 1353 1437 magnorum
1380 1394 1473 1427 viro-

88 1464 159 1487 rum
194 1453 360 1499 deceptus
395 1454 550 1488 consiliis
595 1450 813 1489 verbotenus
841 1464 1020 1489 assensum
1056 1455 1217 1499 praebuit
1249 1461 1330 1490 voto
1364 1460 1470 1503 regis.

88 1519 212 1554 Verum
242 1530 284 1554 ex
309 1518 374 1553 hoc
403 1519 522 1553 videns
549 1520 738 1552 animarum
766 1520 954 1563 periculum
973 1521 1164 1562 imminere,
1191 1522 1356 1565 seipsum
1373 1527 1468 1566 post*

86 1583 220 1618 modum
251 1585 285 1618 iu
320 1584 569 1629 poenitentiam
604 1585 749 1628 gravius
782 1586 951 1619 cruciavit
986 1588 1021 1618 et
1054 1584 1098 1618 ab
1133 1585 1256 1619 altaris
1290 1586 1406 1619 ot'ticio
1433 1598 1471 1621 se

84 1649 288 1694 suspendit,
338 1658 518 1693 quousque
549 1658 571 1682 a
598 1658 727 1682 summo
762 1649 924 1694 pontifice
957 1651 1094 1684 restitui
1129 1654 1329 1684 mereretur.
1403 1651 1468 1687 Re?

85 1715 191 1759 quirit
216 1713 365 1759 denique
391 1724 475 1756 rex,
501 1718 537 1748 ut
563 1714 656 1759 quod
681 1714 788 1749 verbo
815 1714 974 1757 dixerat,
1002 1717 1133 1760 scripto
1160 1715 1391 1759 confirmaret,
1415 1720 1469 1751 (tui

85 1779 232 1814 viriliter
256 1778 468 1813 contradixit
493 1784 527 1814 et
551 1789 572 1814 a
596 1782 694 1814 curia
719 1784 869 1815 erectam
895 1779 963 1814 sibi
987 1779 1150 1834 hajulans
1176 1792 1310 1815 crucem
1336 1782 1465 1816 disces-

82 1846 140 1886 sit,
168 1843 441 1880 exclamantibus
466 1846 581 1890 impiis
605 1849 727 1880 contra
750 1856 845 1880 eum:
870 1847 984 1890 capite
1010 1846 1131 1888 furem,
1157 1847 1360 1891 suspendite
1387 1860 1449 1893 pro

82 1909 239 1944 ditorem.
300 1909 345 1944 Et
369 1920 448 1945 ecce
474 1910 542 1968 (1:10
567 1912 683 1956 magni
717 1921 880 1955 proceres
917 1916 950 1946 et
983 1910 1103 1946 fideles
1129 1911 1173 1945 ad
1201 1922 1276 1946 eum
1302 1912 1389 1947 susis
1415 1914 1459 1947 la*

82 1976 206 2020 crymis
241 1976 418 2011 venientes
452 1975 516 2010 suh
546 1977 744 2021 juramento
778 1980 962 2016 asserunt,
1015 1976 1107 2022 quod
1142 1978 1176 2010 iu
1211 1978 1287 2022 ejus
1323 1983 1465 2014 mortem

82 2039 179 2074 multi
203 2049 368 2085 proceres
392 2042 674 2086 conjuraverunt.
723 2041 786 2076 Vir
808 2043 916 2087 igitur
942 2041 1005 2076 Dei
1030 2041 1201 2077 ecclesiae
1228 2045 1341 2088 magis
1364 2054 1465 2089 quam

81 2105 149 2139 sibi
173 2109 329 2140 metuens
361 2105 480 2152 sugam
514 2108 590 2140 iniit
622 2096 656 2141 et
682 2107 830 2141 Senonis
865 2117 886 2140 a
920 2116 1014 2151 papa
1046 2106 1248 2141 Alexandro
1283 2114 1466 2153 susceptus

84 2175 118 2205 et
141 2172 175 2204 in
208 2173 419 2206 monasterio
453 2170 711 2206 Pontiniacensi
745 2171 1004 2206 commendatus
1040 2172 1256 2216 postmodum
1292 2175 1325 2207 in
1356 2173 1459 2209 Fran

81 2238 168 2270 ciam
193 2246 302 2282 usque
326 2236 476 2272 devenit.
525 2236 597 2272 Rex
624 2248 707 2272 vero
734 2236 812 2271 dum
839 2236 981 2272 Romam
1006 2239 1179 2279 misisset,
1209 2242 1245 2271 ut
1267 2239 1378 2284 legati
1404 2250 1461 2273 ve*

80 2302 206 2342 nirent,
233 2303 292 2346 qui
315 2301 382 2336 hoc
409 2304 585 2348 negotium
612 2301 814 2345 diffinirent,
840 2304 977 2336 omniuo
1006 2303 1179 2347 repulsam
1207 2305 1337 2347 patitur
1361 2308 1393 2339 et
1419 2304 1461 2337 ol)

82 2366 146 2399 hoc
170 2367 205 2399 in
227 2366 314 2399 iram
337 2371 458 2401 contra
481 2367 781 2412 archiepiscopum
805 2368 953 2412 amplius
976 2370 1179 2402 concitatur.
1228 2367 1324 2401 Unde
1351 2369 1463 2400 omnia

80 2440 170 2475 quae
191 2434 291 2464 eraut
317 2429 573 2476 archiepiscopi
597 2436 632 2466 et
655 2442 815 2474 suorum,
862 2432 1006 2476 diripuit
1040 2437 1072 2465 et
1098 2436 1205 2465 totam
1233 2432 1308 2475 ejus
1334 2442 1459 2477 proge>

78 2496 166 2530 niem
192 2495 316 2530 exsilio
341 2495 600 2538 condemnavit,
624 2501 844 2541 nequaquam
869 2496 1030 2530 deserens
1057 2496 1245 2529 conditioni
1269 2495 1324 2530 vel
1349 2498 1459 2536 sexui,

77 2560 191 2594 ordini
217 2560 270 2594 vel
297 2562 415 2595 aetati.
461 2559 540 2604 Ipse
569 2564 681 2594 autem
708 2570 771 2604 pro
798 2570 894 2605 rege,
922 2564 956 2593 et
985 2570 1047 2604 pro
1073 2570 1180 2605 regno
1206 2561 1357 2606 Angliae
1372 2572 1457 2606 quor⁴

75 2624 159 2660 tidie
185 2624 366 2660 exorabat.
405 2624 593 2660 Revelatur
620 2629 734 2659 autem
760 2623 1037 2669 archiepiscopo,
1066 2624 1158 2669 quod
1186 2624 1231 2659 ad
1255 2635 1350 2659 suam
1367 2630 1457 2660 esset

75 2689 256 2725 ecclesiam
289 2690 462 2725 rediturus
495 2695 529 2725 et
557 2689 600 2724 ad
628 2689 799 2724 Christum
826 2699 899 2723 cum
925 2689 1040 2734 palma
1066 2691 1210 2724 martirii
1236 2691 1446 2736 migraturus

1131 2753 1182 2785 ᾖ*
