1742 3005
277 80 358 120 598
409 82 510 133 Cap.
544 81 748 119 CXXXIV.
806 82 866 119 De
896 89 1027 118 sancto
1057 79 1225 118 Adriano
1255 92 1340 117 cum
1374 78 1487 116 sociis
1518 79 1607 116 suis.

278 191 315 221 ut
348 187 429 221 mihi
465 187 615 226 dicatis,
651 195 739 230 quae
768 189 823 220 est
852 187 1109 228 remuneratio,
1143 195 1244 231 quam
1269 187 1483 231 exspectatis
1509 195 1571 230 per
1598 185 1667 224 ista

277 256 462 286 tormenta.
511 250 566 285 Ad
594 250 660 284 hoc
685 250 847 285 dixerunt
871 251 1000 284 sancti:
1028 249 1150 284 oculus
1177 260 1246 284 non
1272 250 1360 285 vidit
1392 262 1455 286 nec
1482 252 1576 285 auris
1601 259 1665 284 au-

280 319 366 352 divit
389 328 453 352 nec
479 319 515 351 in
539 327 599 351 cor
623 316 773 350 bominis
801 314 1004 357 adscendit,
1032 324 1121 360 quae
1149 317 1376 360 praeparavit
1400 316 1558 351 dominus
1585 315 1666 350 dili-

279 383 444 429 gentibus
490 393 529 418 se
570 381 743 427 perfecte.
791 381 891 416 Tunc
925 380 1102 415 Adrianus
1137 381 1171 414 in
1196 380 1342 414 medium
1378 370 1565 425 prosiliens
1601 383 1667 416 ait:

280 454 444 484 annotate
479 459 530 483 me
563 458 638 482 cum
674 449 773 490 istis,
809 448 892 492 quia
926 451 960 480 et
994 457 1061 492 ego
1096 446 1307 480 christianus
1332 456 1417 481 sum.
1468 446 1567 485 Quod
1594 457 1667 481 cum

280 517 470 560 imperator
495 513 710 555 audivisset,
749 512 922 547 nolentem
950 511 1148 546 sacrificare
1176 513 1323 546 vinctum
1349 511 1441 546 ferro
1467 513 1501 545 in
1525 521 1670 546 carcere

281 582 408 626 posuit.
457 579 598 614 Natalia
629 590 712 614 vero
751 589 840 612 uxor
875 578 973 622 ejus,
1008 577 1156 612 audiens
1193 579 1300 611 virum
1333 579 1489 613 suumin
1516 588 1670 619 carcere,

281 647 387 682 scidit
422 647 630 681 vestimenta
671 654 736 679 sua
768 644 854 677 tiens
890 643 1074 688 plurimum
1111 647 1145 677 et
1175 643 1324 688 ejulans.
1376 643 1444 678 Sed
1469 654 1544 679 cum
1570 644 1670 678 audi-

282 714 412 754 visset,
457 710 550 756 quod
585 714 730 754 propter
765 709 864 743 tidem
906 709 1036 743 Christi
1073 710 1309 743 incarceratus
1348 708 1495 751 suisset,
1538 708 1670 753 gaudio

280 777 417 822 repleta
441 776 485 810 ad
512 785 686 809 carcerem
713 774 865 807 cucurrit
891 776 924 806 et
952 773 1089 807 vincula
1114 774 1179 807 viri
1205 776 1260 808 sui
1289 779 1322 809 et
1349 775 1496 809 aliorum
1521 773 1673 808 oseulari

280 844 408 887 coepit.
456 840 541 875 Erat
568 841 656 875 enim
684 838 899 880 christiana,
939 837 1001 872 sed
1040 842 1185 882 propter
1220 841 1499 882 persecutionem
1533 850 1571 874 se
1604 850 1674 874 non

281 907 536 953 publicaverat.
594 904 637 939 Et
667 905 755 938 dixit
781 903 825 937 ad
853 904 980 937 virum:
1014 903 1140 938 beatus
1167 914 1224 946 es,
1261 903 1398 939 domine
1432 906 1479 938 mi
1508 905 1674 947 Adriane,

283 975 367 1020 quia
393 972 558 1006 invenisti
586 963 749 1012 divitias,
785 979 872 1014 quas
906 980 975 1002 uon
1010 969 1215 1003 dimiserunt
1249 974 1415 1014 parentes
1442 972 1513 1013 tui,
1548 971 1675 1016 quibus

283 1038 437 1084 egebunt
457 1037 503 1079 bi,
532 1037 589 1081 qui
611 1035 718 1069 inulta
738 1033 934 1079 possident,
962 1033 1101 1078 quando
1123 1045 1192 1068 non
1219 1036 1284 1069 erit
1310 1035 1514 1071 foenerandi
1538 1041 1676 1082 tempus

282 1114 347 1138 nec
374 1107 491 1136 mutuo
520 1100 732 1145 accipiendi,
775 1099 901 1143 ¹)dum
936 1100 1051 1133 nullus
1078 1100 1119 1134 de
1148 1110 1262 1144 poena
1288 1101 1391 1135 alium
1417 1101 1586 1137 liberabit
1613 1112 1677 1137 nec

284 1173 384 1214 pater
409 1167 514 1201 filium
542 1176 605 1201 nec
630 1170 741 1200 mater
768 1164 873 1198 liliam
898 1175 963 1199 nee
988 1175 1110 1199 servus
1143 1165 1314 1200 dominum
1340 1177 1405 1200 nec
1431 1169 1561 1202 amicus
1589 1169 1675 1202 ami-

285 1245 359 1268 cum
384 1243 447 1268 nec
473 1232 619 1267 divitiae
644 1240 900 1277 possessorem.
951 1229 1103 1275 Cumque
1141 1241 1215 1265 eum
1248 1231 1505 1274 admonuisset,
1540 1236 1578 1266 ut
1603 1243 1676 1266 om-

283 1310 360 1335 nem
387 1299 536 1345 gloriam
560 1302 734 1332 terrenam
759 1299 994 1330 contemneret
1020 1299 1053 1330 et
1079 1296 1211 1330 amicos
1246 1300 1280 1330 et
1305 1302 1468 1340 parentes
1494 1301 1678 1342 sperneret

285 1372 319 1400 et
343 1376 480 1410 semper
506 1364 550 1398 ad
577 1362 748 1397 coelestia
772 1371 833 1395 cor
857 1360 1027 1402 haberet,
1055 1360 1143 1394 dixit
1168 1360 1211 1395 ad
1238 1371 1312 1395 eam
1338 1361 1533 1397 Adrianus:
1572 1363 1673 1407 vade,

285 1442 388 1466 soror
411 1440 498 1473 mea,
533 1433 690 1473 tempore
717 1428 895 1472 passionis
920 1430 1061 1460 nostrae
1093 1436 1267 1460 accersam
1294 1431 1340 1469 te,
1366 1431 1403 1461 ut
1429 1427 1549 1462 videas
1575 1428 1674 1463 tinem

284 1501 450 1531 nostrum.
500 1495 629 1539 Sic-que
661 1488 770 1528 virum
806 1503 904 1526 suum
930 1492 1010 1526 aliis
1036 1493 1168 1525 sanetis
1194 1492 1500 1535 recommendans,
1535 1497 1571 1527 ut
1599 1504 1675 1528 eum

286 1562 422 1597 scilicet
452 1560 715 1600 confortarent,
751 1558 856 1593 rediit
886 1559 918 1591 in
954 1556 1089 1590 domum
1116 1567 1226 1592 suam.
1274 1557 1496 1592 Postmodum
1529 1559 1676 1594 audiens

285 1627 464 1662 Adrianus
492 1625 580 1659 diem
608 1621 784 1668 passionis
811 1633 896 1661 suae
924 1622 1073 1665 adesse,
1111 1622 1198 1657 dans
1232 1634 1374 1658 munera
1406 1624 1611 1659 custodibus
1643 1629 1679 1661 et

289 1695 323 1735 ²)
337 1695 499 1732 sanctos,
534 1691 591 1734 qui
628 1699 744 1723 secum
777 1693 896 1730 erant,
932 1689 966 1721 iu
1001 1687 1229 1732 fidejussores
1263 1689 1351 1724 abiit
1382 1689 1516 1723 domum
1552 1701 1678 1726 vocare

287 1757 482 1799 Nataliam‚
528 1756 620 1789 sicut
656 1755 687 1789 ei
720 1755 920 1800 juramento
955 1755 1184 1798 promiserat,
1225 1759 1261 1789 ut
1299 1766 1415 1790 eorum
1450 1756 1677 1800 passionibus

287 1832 456 1867 praesens
483 1825 588 1856 esset.
641 1820 787 1860 Quidam
821 1823 934 1854 autem
965 1830 1040 1854 euin
1069 1819 1191 1854 videns
1218 1821 1415 1863 praecurrit
1442 1824 1476 1855 et
1508 1822 1679 1854 nuntiavit

286 1886 449 1921 Nataliae
483 1886 620 1920 dicens:
658 1886 842 1920 absolutus
882 1888 936 1918 est
967 1884 1144 1918 Adrianus
1175 1887 1209 1917 et
1240 1894 1320 1918 ecce
1348 1886 1452 1919 venit.
1492 1884 1592 1923 Quod
1618 1885 1679 1919 illa

287 1952 434 1987 audiens
461 1962 530 1985 non
556 1950 724 1985 credebat
751 1949 890 1983 dicens:
927 1953 961 1983 et
995 1950 1072 1993 quis
1099 1950 1210 1992 potuit
1238 1959 1312 1983 eum
1339 1949 1525 1984 absolvere
1553 1960 1574 1984 a
1602 1952 1677 1984 vin-

287 2018 403 2052 culis?
451 2015 527 2050 Non
564 2015 647 2049 mibi
683 2016 881 2059 contingat,
914 2018 950 2047 ut
975 2013 1181 2047 absolvatur
1215 2024 1236 2048 a
1262 2015 1410 2048 vinculis
1437 2018 1472 2049 et
1495 2019 1681 2059 separetur

289 2094 310 2117 a
339 2082 489 2117 sanctis!
539 2080 624 2114 Dum
651 2080 717 2113 boc
743 2079 969 2124 loqueretur,
997 2089 1083 2123 puer
1111 2078 1323 2114 domesticus
1351 2082 1445 2115 venit
1471 2080 1609 2116 dicens:
1638 2093 1680 2117 en

290 2148 448 2182 dominus
482 2156 577 2180 meus
609 2145 772 2179 dimissus
809 2148 875 2181 est.
922 2143 987 2178 Illa
1019 2147 1132 2178 autem
1168 2149 1315 2188 putans,
1362 2146 1454 2190 quod
1490 2148 1681 2181 martirium

289 2213 502 2258 refugisset,
540 2211 757 2245 amarissime
784 2209 911 2251 flebat,
946 2213 979 2244 et
1003 2219 1077 2244 eum
1103 2209 1250 2244 vidisset
1277 2220 1374 2253 eum,
1408 2222 1556 2258 surgens
1582 2213 1679 2247 velo-

291 2279 365 2312 eius
391 2279 517 2311 ostium
543 2277 664 2310 domus
695 2279 818 2310 contra
843 2286 919 2310 eum
944 2275 1069 2309 clausit
1096 2279 1129 2310 et
1154 2274 1261 2309 dixit:
1290 2275 1396 2321 longe
1422 2287 1443 2312 a
1467 2288 1520 2312 me
1545 2277 1680 2312 efficia-

290 2347 359 2385 tur,
387 2344 444 2388 qui
464 2352 484 2376 a
500 2342 572 2376 Deo
595 2342 737 2381 corruit,
765 2350 828 2374 nec
853 2340 937 2374 mibi
962 2342 1142 2386 contingat
1167 2340 1262 2385 loqui
1288 2343 1340 2376 ori
1369 2342 1474 2385 illius,
1501 2352 1564 2387 per
1589 2342 1681 2388 quod

292 2408 465 2443 (lominum
492 2417 588 2441 suum
615 2405 817 2451 abnegavit.
865 2404 907 2440 Et
932 2417 1104 2440 conversa
1129 2406 1172 2440 ad
1202 2417 1278 2440 eum
1314 2407 1421 2441 dixit:
1458 2418 1478 2442 o
1511 2412 1548 2443 tu
1575 2409 1681 2442 miser

294 2476 368 2508 sine
387 2473 473 2515 Deo,
500 2474 578 2518 quis
604 2476 637 2505 te
664 2472 782 2517 coegit
807 2470 1086 2515 apprehendere,
1113 2471 1206 2517 quod
1232 2483 1300 2506 non
1325 2474 1472 2518 potuisti
1497 2471 1678 2518 perlicere,

295 2541 372 2583 quis
405 2543 440 2573 te
474 2539 655 2582 separavit
689 2547 710 2571 a
747 2539 878 2571 sanctis
913 2541 972 2572 aut
1006 2539 1083 2582 quis
1118 2542 1152 2573 te
1189 2537 1349 2581 seduxit,
1388 2542 1425 2573 ut
1450 2536 1633 2573 recederes
1658 2546 1680 2570 a

362 2637 389 2666 1)
410 2635 460 2663 Ed.
481 2639 524 2661 Pr.
545 2634 638 2661 nmle:
659 2637 760 2661 Dens
780 2634 845 2661 loro
865 2635 1083 2670 conjunctionis
1103 2634 1187 2665 dum
1208 2636 1288 2668 legit.
1332 2636 1362 2668 2)
1381 2633 1432 2662 Ed.
1453 2636 1509 2662 rna:
1530 2633 1679 2661 sanctis

295 2693 300 2697 -
347 2677 666 2711 fidejussoribus
693 2678 835 2713 prae-sert.
