1742 3005
250 155 330 194 206
542 156 638 205 Cap.
671 154 806 192 XLIX.
866 156 924 192 De
957 162 1088 193 sancto
1118 156 1339 195 Benedicto.

245 264 279 295 et
304 259 420 294 multis
455 257 498 292 ad
524 267 600 292 eum
631 257 852 292 venientibus
887 258 1070 294 duodecim
1097 262 1312 296 monasteria
1347 261 1552 296 construxit.
1602 260 1637 294 ln

244 338 310 360 nno
327 328 441 359 autem
457 323 592 357 illorum
619 323 759 369 quidam
779 323 968 358 monachus
996 329 1081 367 erat,
1108 327 1166 371 qni
1187 325 1231 360 ad
1248 328 1440 361 orationem
1464 327 1521 360 diu
1542 330 1636 361 stare

245 403 312 425 non
340 393 490 435 poterat,
523 389 585 424 sed
611 389 792 424 orantibus
820 390 900 424 aliis
925 401 1004 425 mox
1031 391 1126 425 foras
1155 391 1273 425 exibat
1298 395 1332 425 et
1356 391 1473 436 aliqua
1496 396 1638 426 terrena

244 463 278 492 et
302 456 507 491 transitoria
533 455 672 501 agebat.
727 454 827 494 Quod
853 467 925 490 cum
953 456 1063 491 abbas
1091 456 1184 490 illius
1210 458 1415 491 monasterii
1438 457 1542 490 beato
1567 456 1634 491 Be-

242 522 381 557 nedicto
404 526 596 558 narrasset,
624 522 685 555 ivit
710 521 793 555 illue
820 525 853 556 et
880 522 977 560 vidit,
1005 523 1097 567 quod
1123 523 1217 557 illum
1243 522 1459 564 umnaehum,
1486 523 1544 566 qui
1562 531 1633 555 ma-

243 599 325 623 nere
352 589 385 621 in
410 588 570 621 oratione
596 598 662 621 non
689 590 838 631 poterat,
866 588 1004 633 quidam
1031 590 1135 634 niger
1160 589 1327 634 parvulus
1354 599 1418 633 per
1438 588 1636 622 vestimenti

241 654 409 688 fimbriam
438 653 533 687 seras
558 651 739 693 trahebat,
776 652 933 698 dixitque
965 653 1085 688 abbati
1116 656 1319 689 monasterii
1356 658 1388 689 et
1410 653 1535 688 Mauro
1562 663 1634 685 mo-

241 719 374 754 nacho:
400 718 564 763 numquid
586 729 656 752 non
681 718 876 762 adspicitis,
901 720 978 764 quis
1006 723 1077 761 est,
1112 721 1171 765 qui
1197 731 1271 754 eum
1296 719 1432 754 trabit?
1485 718 1636 763 Cumque

242 784 528 829 respondissent:
564 794 652 824 non,
689 784 755 816 ait:
784 793 922 817 oremus
951 788 987 817 ut
1008 794 1071 818 vos
1100 787 1203 819 etiam
1235 785 1395 820 videatis.
1446 783 1635 818 Orantibus

241 851 311 884 illis
337 843 482 884 Maurus
508 848 614 887 vidit,
656 848 719 882 sed
746 847 858 882 abbas
886 848 1007 883 videre
1041 860 1109 883 non
1145 852 1269 894 potuit.
1322 850 1386 884 Die
1414 851 1522 894 igitur
1552 849 1634 886 alia,

241 917 383 961 expleta
408 916 586 955 oratione,
638 914 691 947 vir
717 914 783 948 Dei
810 913 1015 948 monachum
1041 914 1129 949 soris
1166 918 1315 960 reperit,
1367 926 1466 960 quem
1491 925 1554 959 pro
1581 914 1636 947 sui

240 983 410 1017 caecitate
436 982 536 1025 virga
560 980 736 1024 percussit
762 983 795 1013 et
822 984 946 1013 extunc
980 980 1166 1015 immobilis
1192 982 1226 1015 in
1251 982 1410 1015 oratione
1434 981 1635 1025 permansit,

239 1049 361 1092 sicque
388 1048 550 1091 antiquus
584 1045 696 1078 bostis
726 1045 895 1079 dominari
919 1056 988 1079 non
1023 1056 1130 1080 ausus
1160 1050 1213 1080 est
1238 1048 1271 1080 in
1305 1047 1381 1091 ejus
1409 1046 1635 1091 cogitatione,

239 1123 280 1147 ae
307 1114 337 1146 si
371 1114 448 1156 ipse
484 1120 672 1156 percussus
707 1110 834 1144 suisset
866 1121 907 1144 ex
944 1111 1102 1146 verbere.
1151 1111 1203 1146 Ex
1238 1111 1292 1145 his
1319 1112 1541 1145 monasteriis
1567 1112 1636 1143 tria

238 1189 374 1213 sursum
400 1179 433 1211 in
459 1177 603 1222 rupibus
639 1178 764 1211 montis
800 1180 917 1217 erant,
959 1187 1048 1222 quae
1073 1178 1234 1212 deorsum
1261 1188 1335 1211 eum
1361 1188 1487 1222 magno
1512 1176 1635 1210 labore

236 1254 348 1290 aquas
374 1242 596 1285 hauriebant,
625 1253 769 1288 cumque
794 1242 922 1277 fratres
949 1243 998 1276 illi
1024 1240 1134 1277 virum
1158 1243 1222 1277 Dei
1249 1253 1356 1287 saepe
1383 1247 1569 1288 rogarent,
1597 1246 1631 1276 ut

236 1311 452 1343 monasteria
477 1319 541 1343 sua
568 1312 734 1349 mutaret,
775 1308 923 1354 quadam
947 1313 1049 1343 noete
1075 1319 1148 1343 eum
1177 1308 1325 1354 quodam
1349 1319 1458 1353 puero
1483 1312 1631 1343 montem

235 1375 440 1416 adscendit,
480 1374 541 1408 ubi
567 1375 697 1409 diutius
723 1384 828 1408 orans
854 1377 926 1408 tres
962 1378 1081 1418 petras
1108 1375 1142 1408 in
1175 1374 1295 1408 eodem
1328 1374 1407 1407 loco
1440 1385 1502 1418 pro
1529 1375 1630 1419 signo

234 1442 371 1486 posuit,
416 1451 560 1486 cumque
593 1451 694 1475 mane
727 1439 771 1473 ad
809 1439 944 1473 domum
970 1439 1138 1474 rediisset
1175 1443 1208 1473 et
1242 1440 1369 1473 fratres
1405 1450 1468 1483 pro
1510 1439 1629 1473 eadem

236 1517 342 1541 causa
368 1506 412 1540 ad
438 1517 513 1541 eum
536 1507 728 1544 venissent,
757 1505 863 1539 dixit:
890 1507 938 1541 ite
965 1509 999 1540 et
1025 1506 1118 1539 illam
1147 1516 1282 1549 rupem,
1318 1506 1352 1539 in
1377 1515 1445 1550 qua
1467 1508 1540 1539 tres
1565 1515 1626 1549 pe-

232 1575 306 1605 tras
333 1574 470 1616 positas
497 1573 721 1608 inveneritis,
749 1573 781 1605 iu
807 1571 920 1605 medio
949 1576 1090 1612 cavate,
1130 1571 1222 1604 valet
1246 1571 1335 1604 enim
1363 1570 1521 1604 domiuus
1548 1570 1628 1604 inde

232 1637 334 1672 vobis
359 1647 483 1682 aquam
513 1637 719 1682 prodrwere.
770 1638 836 1676 Qui
870 1640 989 1670 euntes
1018 1641 1050 1671 et
1071 1637 1144 1681 Jam
1176 1636 1268 1669 illam
1297 1647 1414 1680 rupem
1444 1636 1625 1671 sudantem

233 1703 449 1737 invenientes
471 1712 657 1737 concavum
678 1703 789 1736 locum
804 1703 883 1737 illue
898 1702 1055 1736 lecerunt
1076 1705 1109 1735 et
1128 1712 1206 1735 mox
1225 1712 1319 1747 aqua
1338 1701 1506 1746 repletum
1527 1701 1625 1735 vide-

232 1772 328 1807 runt,
369 1778 458 1812 quae
492 1779 603 1813 usque
638 1778 725 1802 nuno
758 1772 827 1802 tam
855 1768 1072 1803 sul'licienter
1095 1771 1229 1808 manat,
1265 1771 1302 1801 ut
1337 1769 1380 1803 ab
1415 1767 1474 1801 illo
1501 1768 1627 1801 montis

231 1836 409 1870 cacumine
442 1845 553 1880 usqne
588 1833 631 1868 ad
668 1834 837 1867 iuferiora
869 1833 1073 1867 descendat.
1132 1832 1286 1871 Quadam
1319 1833 1395 1866 vice
1429 1833 1507 1866 dum
1533 1833 1628 1866 cirea.

231 1901 478 1935 monasterium
503 1900 567 1933 viri
592 1899 655 1933 ])ei
686 1899 823 1943 quidam
859 1909 931 1932 cum
960 1898 1126 1931 falcastro
1152 1908 1277 1942 vepres
1304 1897 1521 1939 abscideret,
1555 1898 1623 1933 l'er-

230 1977 302 2000 rum
332 1965 374 1999 de
407 1964 588 1999 manubrio
620 1964 810 2008 prosiliens
839 1965 871 1997 in
899 1963 1069 2008 quendam
1104 1962 1227 1997 locum*
1250 1963 1457 2007 profundum
1485 1963 1625 2002 cecidit,

230 2041 375 2076 cumque
402 2030 445 2065 de
469 2030 536 2065 hoe
562 2031 622 2063 ille
647 2031 748 2064 nimis
776 2032 1042 2073 angustaretur,
1082 2029 1134 2062 vir
1160 2028 1224 2063 Dei
1250 2028 1465 2063 manubrium
1490 2030 1523 2062 iu
1546 2029 1624 2064 lacu

228 2098 346 2143 posuit
371 2100 404 2130 et
428 2107 505 2130 mox
532 2097 660 2131 serrum
690 2095 732 2129 ad
759 2106 858 2129 sunm
880 2093 1094 2128 manubrium
1119 2104 1230 2139 nsque
1250 2095 1413 2128 enatavit.
1460 2093 1624 2128 Placidus

229 2174 315 2207 puer
343 2166 376 2197 et
401 2161 591 2195 monachus
625 2161 667 2195 ad
694 2160 921 2195 hauriendam
955 2169 1078 2204 aquam
1107 2159 1294 2205 egrediens
1321 2160 1355 2193 in
1380 2159 1504 2193 ssunien
1530 2160 1622 2193 ceci—

229 2227 279 2261 dit
306 2231 339 2260 et
365 2238 441 2260 mox
471 2228 581 2270 ipsum
607 2226 701 2260 unda
721 2227 837 2270 rapuit
864 2229 898 2259 et
920 2235 1032 2269 paene
1068 2226 1101 2258 in
1128 2226 1229 2259 unius
1263 2225 1416 2269 sagittae
1442 2234 1577 2257 cursum
1603 2233 1624 2258 a

227 2296 321 2326 terra
349 2294 521 2325 introrsus
549 2293 666 2327 traxit.
693 2292 746 2325 vir
768 2295 880 2324 autem
901 2290 964 2323 Dei
994 2291 1026 2323 in
1054 2291 1144 2324 cella
1171 2291 1367 2323 consistens
1394 2288 1461 2323 hoc
1489 2291 1523 2323 in
1548 2290 1621 2334 spi-

228 2359 296 2392 ritu
322 2359 436 2391 statim
463 2359 562 2391 novit
588 2360 620 2390 et
644 2355 802 2390 Maurum
829 2365 978 2397 vocans,
1015 2355 1096 2400 quid
1122 2355 1164 2389 de
1200 2366 1308 2400 puero
1341 2354 1533 2397 acciderit,
1568 2355 1619 2388 in-

229 2423 359 2457 dicavit
392 2433 433 2457 ac
468 2426 505 2456 ut
539 2423 581 2456 ad
624 2423 733 2466 ipsum
769 2421 983 2466 eripiendum
1018 2425 1183 2467 pergeret
1219 2421 1409 2465 imperavit.
1466 2420 1622 2464 Accepta

228 2488 475 2522 benedictione
503 2489 660 2522 concitus
685 2485 828 2520 Maurus
859 2488 1014 2531 perrexit
1043 2491 1076 2520 et
1102 2497 1164 2531 per
1197 2490 1322 2520 terram
1348 2495 1386 2520 se
1414 2485 1465 2519 ire
1497 2484 1617 2518 existi-

230 2563 326 2587 maus
355 2564 461 2598 super
486 2563 595 2598 aquas
621 2562 731 2597 usque
757 2552 801 2585 ad
838 2563 979 2597 puerum
1005 2552 1098 2586 venit
1132 2560 1275 2595 eumque
1308 2560 1371 2594 per
1393 2548 1540 2592 capillos
1564 2552 1617 2580 te—

231 2627 315 2651 neus
343 2618 386 2651 de
410 2628 501 2663 aqua
526 2619 698 2657 extraxit3
725 2618 783 2662 qui
809 2617 853 2651 ad
875 2619 983 2652 virum
1005 2618 1068 2651 Dei
1088 2616 1230 2650 veniens
1252 2614 1388 2653 retulit,
1416 2611 1497 2657 quid
1524 2614 1616 2645 acci-

232 2681 343 2721 derat,
370 2682 430 2714 sed
461 2684 536 2726 ipse
562 2683 627 2715 boc
654 2693 720 2715 nou
754 2685 827 2716 suis
853 2683 1007 2721 meritis,
1034 2681 1096 2715 sed
1123 2681 1199 2724 ejus
1225 2677 1448 2712 obedieutiae
1472 2677 1617 2721 deputa-

232 2747 290 2779 vit.
338 2745 516 2780 Presbiter
547 2746 684 2790 quidam
710 2745 907 2781 Florentius
932 2747 1069 2779 nomine
1093 2746 1168 2778 viro
1193 2743 1256 2778 Dei
1285 2743 1443 2777 invidens
1476 2742 1519 2777 ad
1542 2748 1619 2776 tau-
