1742 3005
227 109 307 148 294
532 111 625 158 Cap.
658 108 792 143 LXVI.
852 108 910 143 De
941 115 1069 143 saneta
1099 107 1313 158 Apollonia.

227 214 343 248 ferens
383 223 483 257 quam
520 220 605 245 suae
639 210 838 254 intrepidae
870 212 994 244 mentis
1032 212 1262 245 constantiam
1293 215 1326 246 et
1359 209 1508 245 illaesae
1535 221 1612 245 eon

227 280 396 312 scientiae
421 279 620 321 puritatem,
659 276 821 310 devotam
854 276 928 312 Deo
967 276 1119 310 offerens
1147 277 1293 309 animam
1327 281 1362 310 et
1389 277 1620 310 castissimum

228 343 370 377 tradens
389 341 682 388 persequentibus
701 351 826 386 eorpus
847 341 891 375 ad
908 351 1066 386 poenam.
1115 339 1227 386 Igitur
1243 340 1495 385 comprehensa
1518 341 1624 376 beata

226 409 362 453 virgine
388 413 634 453 persecutores
660 409 696 441 111
721 409 832 452 ipsam
859 406 1051 442 crudeliter
1073 407 1274 442 saevientes
1309 407 1420 451 primo
1446 407 1477 441 ei
1506 417 1623 442 omnes

228 473 351 508 dentes
377 476 454 519 eJus
485 479 734 516 excusserunt,
773 473 899 508 deinde
933 474 1114 518 congestis
1147 472 1256 518 lignis
1292 482 1415 518 rogum
1448 473 1624 517 ingentem

228 544 495 583 exstruxerunt,
530 542 779 575 comminantes
806 550 845 575 se
872 540 983 573 vivam
1010 549 1085 573 eam
1110 540 1340 580 incensuros,
1375 539 1443 572 nisi
1472 548 1545 572 cum
1570 539 1623 582 ip-

228 606 277 638 sis
302 607 436 650 pariter
457 608 564 651 impia
589 606 775 651 proferret.
824 606 869 640 At
895 604 977 646 illa,
1011 608 1050 638 ut
1084 615 1206 650 rogum
1242 604 1328 638 vidit
1363 615 1443 640 esse
1478 614 1623 638 succen-

228 681 322 712 sum,
375 672 553 715 paululum
591 671 730 717 quidem
769 672 862 705 intra
895 672 1120 715 semetipsam
1162 669 1364 704 deliberans
1404 674 1549 715 repente
1583 670 1626 705 (10

227 736 386 769 manibus
405 738 586 781 impiorum
604 738 766 781 prorupit
788 740 892 781 atque
907 737 941 769 in
964 737 1094 780 ignem,
1120 746 1220 780 quem
1239 736 1472 778 minabantur,
1500 739 1626 780 sponte

227 801 403 844 prosiliit,
433 803 481 836 ita
507 807 544 836 ut
569 807 852 846 perterrerentur
872 802 974 835 etiam
1000 801 1067 844 ipsi
1089 800 1308 835 crudelitatis
1330 805 1505 843 auctores,
1533 801 1624 846 quod

228 868 398 910 promtior
426 872 479 902 est
505 869 646 902 inventa
673 866 803 901 femina
827 866 871 900 ad
897 871 1062 908 mortem,
1099 876 1201 911 quant
1237 870 1446 910 perseeutor
1471 866 1515 900 ad
1539 877 1626 911 poe-

226 943 315 966 nam.
382 932 544 967 Diversis
589 934 699 978 igitur
735 932 899 967 affectata
944 932 1151 976 suppliciis:
1192 931 1417 966 fortissimam
1452 933 1627 967 martirem

229 998 361 1031 Christi
387 1008 451 1032 1100
477 998 746 1032 incumbentium
773 1002 945 1032 tormenta
970 1007 1160 1042 poenarum
1187 1002 1220 1031 et
1240 999 1525 1032 saevissimorum
1545 1008 1626 1042 per-

228 1068 425 1097 secutorum
459 1074 628 1107 superare
652 1064 789 1097 flamina
822 1066 955 1107 potuit,
998 1064 1079 1108 quia
1115 1062 1221 1108 longe
1254 1063 1435 1097 ardentius
1469 1065 1628 1098 veritatis

230 1128 338 1162 radiis
364 1139 460 1163 1110115
486 1129 563 1173 ejus
590 1138 739 1162 accensa
767 1129 937 1163 fervebat.
986 1128 1082 1163 Unde
1109 1138 1173 1162 1100
1198 1130 1311 1174 potuit
1336 1128 1379 1163 de
1412 1129 1629 1175 infatigabili

228 1199 371 1239 pectore
402 1195 554 1228 calorem
580 1194 746 1227 divinitus
774 1194 924 1228 infusum
950 1204 1141 1238 corporeus
1169 1194 1229 1229 ille
1255 1199 1288 1229 et
1313 1194 1509 1228 mortalium
1528 1196 1627 1229 1111111μ

227 1265 359 1294 stratus
385 1260 544 1294 manibus
571 1261 664 1305 ignis
689 1260 888 1294 excludere.
940 1259 967 1294 O
988 1270 1149 1305 magnum
1166 1260 1426 1305 mii-anulumque
1451 1265 1627 1296 certamen

229 1326 334 1370 hujus
360 1327 519 1371 virginis,
549 1336 639 1370 quac
666 1327 867 1360 miserantis
892 1326 958 1361 Dei
984 1326 1211 1371 dispensante
1239 1327 1357 1371 gratia
1379 1328 1476 1368 arsit,
1504 1337 1546 1361 ne
1572 1338 1628 1362 ar-

229 1391 329 1425 deret
357 1396 390 1426 et
415 1403 458 1426 ne
484 1396 657 1434 ureretur,
685 1396 811 1443 exusta
838 1397 910 1435 est,
940 1393 1040 1438 quasi
1063 1392 1167 1426 nullis
1195 1396 1289 1426 esset
1314 1391 1457 1438 ignibus
1484 1397 1519 1427 et
1545 1403 1627 1438 sup-

229 1457 345 1502 pliciis
373 1457 516 1492 tradita.
564 1457 694 1492 Fuerat
729 1458 868 1504 quidem
903 1460 1074 1493 securitas
1110 1458 1308 1501 libertatis,
1344 1457 1406 1492 sed
1438 1458 1535 1494 nulla
1569 1469 1628 1493 ex-

230 1523 369 1556 stiterat
392 1523 509 1567 gloria
536 1524 745 1558 dimicantis.
794 1524 1023 1559 Validissima
1047 1526 1150 1570 virgo
1176 1525 1298 1558 martir
1323 1522 1453 1558 Christi
1480 1524 1624 1569 Apollo-

229 1590 288 1623 nia
320 1587 437 1622 mundi
472 1588 616 1623 delicias
655 1591 856 1632 continens,
895 1590 1075 1625 florentem
1106 1589 1268 1623 mundum
1301 1591 1424 1624 mentis
1462 1590 1629 1635 despectu

231 1654 371 1688 calcans
405 1658 439 1688 01
470 1664 602 1698 sponso
637 1666 701 1688 suo
732 1654 871 1688 Christo
905 1657 1047 1700 placere
1073 1657 1216 1700 cupiens
1243 1655 1338 1690 felici
1364 1660 1631 1702 perseverantia

230 1722 264 1753 111
290 1720 457 1765 virginali
493 1721 677 1764 proposito
710 1721 803 1753 111101
828 1723 1064 1755 cruciamenta
1087 1721 1287 1755 firmissima
1312 1725 1484 1767 perstitit:
1526 1734 1629 1768 prac-

230 1787 335 1819 minet
378 1796 464 1831 ergo
505 1789 538 1819 et
578 1785 780 1831 praefulget
815 1787 906 1820 inter
940 1788 1101 1820 martires
1145 1788 1304 1820 meritum
1335 1787 1440 1832 hujus
1480 1791 1629 1835 virginis

228 1858 299 1885 tam
325 1852 483 1896 gloriose
509 1856 543 1885 01
569 1852 724 1885 feliciter
746 1851 1011 1897 triumphantis3
1039 1852 1200 1896 profecto
1227 1852 1337 1886 1111115
1363 1855 1496 1887 animus
1517 1855 1551 1887 in
1565 1853 1629 1888 hac

230 1917 358 1951 femina
379 1918 492 1962 majus
519 1918 663 1962 aliquod
690 1918 798 1965 serit,
828 1919 990 1963 quoniam
1017 1917 1085 1952 sibi
1111 1921 1208 1951 tanto
1235 1917 1393 1962 pondere
1429 1921 1629 1953 certaminis

231 1983 409 2027 fragilitas
436 1994 504 2017 non
530 1983 668 2017 defecit.
720 1984 861 2017 Omnem
896 1994 1035 2028 quoque
1065 1985 1224 2018 timorem
1258 1988 1431 2017 terrenum
1458 1994 1479 2018 a
1505 1995 1542 2019 50
1568 1995 1632 2029 per

229 2059 381 2082 amorem
417 2048 607 2083 coelestem
649 2049 829 2094 expellens
863 2051 978 2083 0111015
1014 2049 1146 2084 Christi
1180 2048 1386 2093 trophaeum
1421 2051 1570 2094 arripuit
1597 2056 1631 2084 et

229 2117 297 2147 tam
325 2118 446 2148 contra
478 2113 644 2148 libidines
681 2125 781 2159 quam
817 2126 899 2149 0000
933 2119 1055 2149 eontra
1080 2116 1244 2150 universa
1269 2114 1445 2159 supplicia
1473 2115 1541 2149 fide
1566 2126 1632 2160 po·-

231 2180 299 2212 tius
335 2183 469 2213 armata
504 2190 605 2224 quani
641 2180 734 2214 ferro
758 2180 936 2216 dimicavit
962 2184 996 2215 et
1022 2183 1112 2215 vicit.
1164 2179 1263 2220 Quod
1290 2181 1367 2224 ipse
1395 2179 1498 2213 nobis
1525 2190 1627 2224 prae-

230 2249 324 2278 stare
350 2244 535 2289 dignetur,
574 2247 631 2289 qui
660 2256 734 2280 rum
769 2251 868 2290 patre
903 2252 935 2281 et
972 2247 1098 2291 spiritu
1124 2250 1245 2280 sancto
1273 2246 1359 2281 vivit
1385 2250 1419 2280 01
1445 2250 1571 2292 regnat
1596 2247 1630 2280 111

232 2308 374 2345 saecula
400 2310 628 2345 saeculorum.
