1742 3005
246 106 336 155 Cap.
373 104 504 142 CXLI.
564 105 621 142 De
654 111 782 141 sancto
816 104 992 142 Mam-itio
1026 112 1062 143 et
1092 106 1202 142 sociis
1233 108 1321 143 suis.
1396 107 1476 144 629

90 214 124 245 et
147 209 225 244 sola
251 209 360 245 Roma
385 220 427 244 ex
453 210 525 244 alia
549 215 648 255 parte
671 212 900 247 consisteret,
938 211 1082 245 mundus
1117 215 1210 245 totus
1238 213 1346 246 victus
1375 213 1473 259 fuge-

89 278 142 310 ret
180 278 215 310 et
247 274 326 309 sola.
352 274 460 310 Roma
490 277 523 308 in
550 275 697 310 culmine
722 276 890 310 scientiae
917 281 1122 311 remaneret.
1173 277 1242 311 Cur
1276 288 1362 323 ergo
1401 289 1473 319 vos,

87 349 197 385 parva
220 339 422 384 plebecula,
449 341 526 385 ejus
566 342 762 385 praeceptis
798 342 964 375 resistitis
995 345 1027 375 et
1059 347 1179 376 contra
1208 343 1318 386 ipsius
1344 347 1474 377 statuta

85 410 154 439 tam
179 405 308 440 stolide
346 405 568 449 superbitis?
602 410 661 440 aut
691 407 799 451 igitur
823 405 970 439 Deorum
999 407 1238 441 immortalium
1268 407 1368 441 fldem
1395 418 1471 442 sus-

87 472 192 516 cipite
234 475 293 504 aut
331 471 553 505 immutabilis
596 481 617 504 a
658 470 755 504 vobis
786 471 959 504 sententia
993 471 1192 514 proferetur
1227 471 1469 507 damnationis.

86 535 275 570 Christiani
318 539 432 570 autem
476 535 675 580 huJ‘usmodi
718 535 855 568 litteras
895 536 1129 579 suscipientes
1172 538 1311 570 nuntios
1352 548 1470 572 omnes

86 612 215 636 vacuos
231 601 444 635 dimiserunt.
496 599 594 634 Tunc
614 600 858 644 Dyocletianus
885 604 919 634 et
942 600 1176 635 Maximianus
1202 603 1234 635 in
1262 603 1346 636 iram
1375 612 1469 636 com-

84 668 166 701 moti
183 677 246 711 per
265 675 382 699 omnes
398 665 598 709 provincias
615 666 794 707 miserunt,
820 669 856 699 ut
879 676 996 701 omnes
1016 666 1153 700 bellicis
1172 668 1277 702 armis
1295 670 1367 712 apti
1386 669 1468 712 ¹)ad

82 732 222 767 Romam
233 732 388 765 venirent
401 734 435 764 et
445 740 563 764 omnes
574 730 723 764 rebelles
732 730 887 765 Romano
900 732 1045 776 imperio
1058 731 1300 778 subjugarent.
1326 733 1468 769 Literae

80 801 191 832 autem
214 796 450 842 Augustorum
471 794 514 829 ad
534 795 696 839 populum
717 795 963 830 Thebaeorum
983 796 1120 831 delatae
1134 802 1224 834 sunt.
1275 798 1339 838 Qui
1355 810 1466 844 popu-

82 863 135 897 lus
160 861 345 897 secundum
373 861 434 895 Dei
461 865 705 905 praeceptum,
731 871 819 906 quae
845 861 907 896 Dei
932 866 1049 903 crant,
1076 862 1148 897 Deo
1175 867 1227 905 et,
1258 873 1347 908 quae
1367 869 1466 898 erant

79 928 264 969 Caesaris,
291 926 434 961 Caesari
460 925 665 961 reddebant.
715 927 982 972 Congregantes
1009 928 1116 971 igitur
1149 928 1294 962 electam
1320 929 1463 963 militum

76 994 263 1039 legionem,
296 992 429 1026 scilicet
449 991 491 1026 vl
518 991 626 1025 millia
651 991 833 1032 DCLXYI,
867 1002 928 1026 eos
957 992 999 1026 ad
1029 993 1257 1037 imperatores
1283 995 1462 1035 miserunt,

75 1064 112 1093 ut
145 1060 181 1093 in
210 1058 314 1093 bellis
344 1059 452 1103 justis
478 1059 707 1101 imperatores
729 1058 915 1102 juvarent,
949 1068 1016 1091 non
1042 1062 1078 1092 ut
1104 1063 1225 1092 eontra
1250 1058 1462 1094 christianos

74 1134 171 1158 arma
206 1127 404 1164 moverent,
443 1123 503 1158 sed
539 1133 600 1158 eos
633 1124 751 1167 potius
785 1122 1024 1158 defenderent.
1075 1124 1161 1158 Huic
1195 1127 1308 1157 autem
1340 1133 1459 1158 sacra—

72 1191 229 1224 tissimae
262 1189 395 1234 legioni
427 1189 495 1223 dux
531 1193 606 1224 erat
640 1189 778 1223 inclitus
812 1190 865 1223 vir
898 1188 1110 1229 Mauritius,
1149 1189 1309 1233 signiferi
1345 1194 1459 1224 autem

73 1255 268 1296 Candidus,
306 1254 548 1296 Innocentius,
582 1253 817 1299 Exsuperius‚
852 1253 974 1288 Victor
999 1258 1032 1288 et
1058 1253 1316 1290 Constantinus.
1366 1255 1458 1301 Dyo-

71 1320 243 1356 cletianus
267 1322 376 1366 igitur
400 1320 660 1360 Maximianum,
691 1330 790 1364 quem
819 1319 886 1352 sibi
913 1320 945 1353 in
972 1319 1144 1365 collegam
1171 1321 1304 1364 imperii
1323 1330 1456 1355 assum-

70 1391 187 1427 serat,
229 1390 351 1420 eontra
385 1386 518 1419 Gallias
561 1395 634 1419 eum
670 1384 802 1418 infinito
838 1386 992 1419 exercitu
1027 1387 1121 1419 misit
1153 1390 1187 1420 et
1218 1387 1248 1419 ei
1282 1385 1455 1432 legionem

69 1451 271 1485 Thebaeam
307 1452 470 1487 sociavit.
516 1450 557 1484 Hi
592 1460 611 1484 a
646 1454 765 1484 sancto
800 1450 1006 1484 Marcellino
1039 1461 1130 1495 papa
1162 1450 1335 1485 exhortati
1364 1456 1454 1493 sunt,

68 1521 106 1551 ut
140 1521 221 1551 ante
255 1516 387 1562 gladiis
420 1517 620 1558 interirent,
658 1526 757 1561 quam
786 1515 884 1550 tidem
912 1515 1063 1557 Christi,
1099 1527 1197 1561 quain
1232 1522 1454 1560 acceperant.

68 1582 252 1616 violarent.
303 1582 384 1616 Cum
418 1583 525 1628 igitur
557 1583 742 1616 universus
778 1582 952 1616 exereitus
993 1585 1126 1615 montes
1160 1581 1298 1625 Alpium
1339 1585 1454 1616 trans-

68 1652 221 1682 measset
256 1652 290 1682 et
325 1649 360 1692 ²)
374 1647 578 1683 Ottodorum
613 1646 836 1687 advenisset,
870 1646 972 1689 jubet
1004 1648 1214 1691 imperator,
1249 1651 1286 1680 ut
1321 1657 1452 1689 omnes,

68 1714 127 1759 qui
151 1723 267 1748 secum
292 1718 411 1755 erant,
445 1713 560 1758 ydolis
595 1712 812 1746 immolarent
847 1716 881 1746 et
915 1716 1037 1746 contra
1062 1711 1213 1746 rebelles
1247 1713 1393 1757 imperio
1419 1719 1452 1748 et

66 1780 213 1814 maxime
255 1784 376 1813 contra
423 1779 633 1813 christianos
675 1778 884 1811 unanimiter
919 1778 1152 1822 conjurarent.
1203 1777 1303 1817 Quod
1340 1780 1452 1812 sancti

66 1843 193 1879 milites
211 1843 393 1880 audientes
413 1848 492 1879 octo
509 1842 717 1878 milliaribus
743 1842 785 1876 ab
814 1844 968 1877 exercitu
997 1846 1221 1877 secesserunt
1245 1846 1279 1877 et
1304 1844 1338 1877 in
1363 1854 1450 1889 quo-

66 1909 143 1943 dam
178 1909 257 1944 loco
290 1919 458 1953 amoeno,
497 1908 552 1944 cui
591 1909 796 1955 ³)Aganum
840 1919 962 1942 nomen
1003 1912 1073 1950 est,
1112 1909 1216 1953 juxta
1246 1907 1450 1943 Rhodanum

68 1974 310 2010 consederunt.
361 1975 461 2015 Quod
489 1974 635 2009 audiens
660 1974 894 2009 Maximianus
920 1975 1036 2008 missis
1062 1972 1230 2007 militibus
1258 1976 1450 2019 praecepit,

67 2043 104 2073 ut
136 2038 180 2072 ad
213 2038 363 2073 Deorum
396 2039 572 2073 sacrificia.
603 2049 677 2073 eum
712 2039 793 2073 aliis
827 2039 1044 2073 festinarent.
1094 2038 1159 2076 Qui
1185 2048 1224 2072 se
1249 2049 1318 2072 non
1345 2049 1450 2083 posse

66 2104 183 2138 faeere
216 2102 492 2148 responderunt,
536 2106 657 2146 utpote
696 2104 778 2147 quia
819 2102 919 2136 tidem
955 2102 1085 2135 Christi
1119 2101 1300 2136 haberent.
1351 2102 1450 2136 Tunc

65 2171 254 2214 imperator
287 2170 341 2202 ira
380 2176 568 2202 succensus
601 2168 669 2200 ait:
697 2167 859 2213 Jungitur
892 2165 1071 2210 despectui
1103 2175 1177 2200 meo
1205 2166 1371 2200 eoelestis
1397 2169 1449 2200 in—

61 2235 158 2281 juria
203 2238 238 2270 et
283 2243 412 2268 meeum
458 2232 584 2278 religio
618 2231 773 2266 Romana
813 2232 1063 2273 contemnitur,
1102 2232 1233 2265 sentiat
1266 2235 1449 2266 contumax

64 2300 186 2343 miles,
219 2310 288 2334 non
320 2297 430 2332 solum
467 2296 574 2339 mihi,
608 2297 672 2332 sed
704 2299 806 2332 etiam
841 2297 916 2331 Diis
941 2297 1026 2330 meis
1052 2306 1103 2331 me
1128 2306 1235 2340 posse
1263 2296 1348 2331 dare
1374 2298 1449 2331 vin-

63 2365 203 2401 dictam.
251 2363 351 2398 Tunc
386 2363 520 2398 Caesar
556 2364 672 2397 missis
707 2362 877 2396 militibus
911 2362 984 2396 suis
1021 2363 1152 2407 jussit,
1195 2365 1231 2395 ut
1272 2366 1332 2395 aut
1373 2361 1448 2395 Diis

64 2429 266 2466 sacrificare
292 2438 354 2464 eos
379 2428 646 2473 compellerent,
671 2432 731 2461 aut
757 2427 924 2462 decimum
949 2437 1118 2472 quemque
1144 2437 1261 2461 eorum
1289 2427 1448 2470 protinus

64 2495 290 2531 decollarent.
339 2494 459 2529 Sancti
496 2495 606 2539 igitur
636 2503 709 2527 eum
747 2492 878 2538 gaudio
914 2493 1030 2536 capita
1066 2491 1313 2533 extendentes,
1359 2502 1447 2527 unus

64 2564 144 2596 ante
170 2560 317 2596 alterum
344 2558 535 2594 festinabat
559 2562 593 2592 et
617 2557 662 2593 ad
693 2561 835 2593 mortem
867 2557 1050 2601 pervenire
1077 2556 1301 2601 properabat.
1351 2557 1447 2592 Tunc

130 2660 157 2689 1)
175 2657 351 2686 voces=·a‹1
370 2659 521 2684 Romam
543 2654 652 2683 omittit
672 2654 726 2681 Ed.
747 2658 789 2682 Pr.
926 2653 956 2685 2)
975 2651 1027 2681 Ed.
1046 2655 1090 2680 I'r.
1115 2652 1344 2681 Otrodorum
1364 2653 1443 2687 legit.

63 2704 90 2736 3)
110 2702 167 2730 Atii
189 2706 331 2736 Agnuin
352 2702 469 2735 legunt3
497 2705 524 2728 at
546 2700 597 2727 Ed.
617 2703 659 2726 l’r.
679 2699 771 2726 verba
792 2701 898 2732 juxta
919 2697 1148 2726 Rhodanum
1167 2697 1287 2726 omittit.
