1742 3005
256 120 336 161 758
514 122 611 169 Cap.
643 117 851 155 CLXVIII.
916 118 976 154 De
1007 122 1137 154 sancta
1165 116 1378 155 Elizabetb.

256 230 386 261 rentur.
433 222 514 267 Ipsa
541 231 623 256 vero
648 224 682 255 et
707 220 870 254 elliculas
898 224 931 254 et
957 220 1105 256 annulos
1131 222 1263 256 viu-eos
1299 226 1335 256 et
1365 221 1535 268 quaedam
1569 222 1639 257 alia

258 292 370 322 xitrea
395 288 461 321 emi
489 286 640 327 fecerat,
677 289 715 320 ut
748 288 846 330 pueri
880 285 984 320 ludos
1019 286 1175 331 pueriles
1206 287 1242 320 in
1266 286 1397 321 talibus
1423 292 1639 323 exercerent.

259 354 354 393 Quae
382 352 460 386 dum
490 353 523 385 in
550 351 660 396 pallio
686 353 831 396 proprio
859 353 1020 396 equitans
1045 353 1080 385 in
1105 355 1256 386 castrum
1283 351 1456 394 deferret,
1488 351 1530 387 de
1555 363 1641 398 rupe

259 419 432 452 altissima
460 427 566 462 super
590 417 726 462 lapides
753 416 975 457 ceciderunt,
1009 416 1073 451 sed
1107 416 1204 451 nulla
1233 418 1269 451 in
1296 418 1339 469 iis
1364 416 1481 451 laesio
1506 421 1560 451 est
1587 419 1641 452 in-

258 488 375 520 venta.
421 482 504 528 Ipsa
541 484 695 516 intirmos
729 481 915 524 visitabat,
958 483 1160 517 miserorum
1197 483 1285 516 enim
1318 483 1517 527 compassio
1551 482 1642 517 adeo

259 550 336 594 ejus
361 551 509 583 animum
535 547 749 589 vindicabat,
777 547 870 592 quod
896 558 1013 583 eorum
1039 547 1196 592 hospitia
1221 547 1423 592 frequenter
1436 548 1642 593 perquirens

260 625 322 650 eos
362 615 514 649 sollicite
555 613 746 655 visitabat,
789 624 906 649 eorum
949 613 1145 647 camerulas
1184 612 1406 647 familiariter
1448 617 1483 648 et
1516 613 1645 649 devote

224 692 226 694 ’
258 680 460 715 subintrans
493 688 558 714 uee
589 679 797 713 difficultate
830 680 908 713 riae
941 682 1102 723 pertenta
1131 687 1195 712 nee
1220 677 1439 722 longitudine
1464 679 1643 722 lacessita,

260 745 387 791 quibus
418 743 649 779 subveniebat
681 745 717 776 in
748 744 978 784 necessariis,
1014 747 1048 777 et
1080 742 1188 777 verba
1210 742 1400 778 exhibebat
1425 744 1642 778 consolatio-

260 813 326 846 nis.
385 810 535 855 Propter
567 796 735 854 quod’ex
767 807 975 853 quintuplici
1007 807 1291 842 consideratione
1331 810 1644 844 remunerationem

261 878 415 921 acecpit,
454 875 591 910 scilicet
618 885 660 910 ex
692 873 896 920 dignatione
922 875 1157 915 visitationis,
1191 883 1233 907 ex
1261 872 1385 907 labore
1409 874 1568 917 itineris,
1601 885 1645 910 ex

261 942 389 977 affectu
412 941 688 985 compassionis,
721 949 763 973 ex
794 938 903 972 aifatu
933 939 1187 973 consolationis
1219 942 1253 973 et
1283 949 1325 973 ex
1357 938 1547 985 largitione
1574 950 1646 974 mu-

262 1010 370 1043 neris,
417 1006 498 1051 Ipsa
523 1005 723 1051 sepulturas
751 1014 941 1049 pauperum
971 1003 1238 1049 frequentabat,
1273 1008 1386 1038 niente
1412 1014 1561 1050 namque
1586 1005 1647 1040 de-

263 1077 346 1106 vota
370 1082 560 1117 pauperum
586 1070 750 1105 currebat
775 1070 818 1103 ad
849 1070 972 1104 funera
997 1074 1031 1104 et
1056 1074 1183 1110 vestes,
1211 1079 1297 1114 quas
1317 1071 1470 1114 propriis
1489 1070 1647 1105 manibus

263 1139 418 1179 fecerat,
456 1147 572 1171 eorum
599 1135 807 1180 corporibus
834 1135 1027 1179 coaptabat
1053 1135 1164 1176 adeo,
1199 1140 1236 1169 ut
1272 1135 1378 1169 semel
1413 1135 1524 1170 velum
1551 1144 1648 1170 suum

262 1203 404 1237 linteum
431 1211 590 1247 magnum
616 1202 648 1234 in
675 1205 796 1246 partes
825 1200 1027 1235 concideret
1059 1205 1093 1234 et
1117 1200 1295 1245 cujusdam
1328 1202 1494 1245 pauperis
1521 1211 1649 1246 corpus

262 1268 468 1303 involveret.
516 1266 642 1301 Eorum
679 1267 783 1300 etiam
817 1265 940 1300 funera
977 1266 1131 1309 propriis
1165 1265 1324 1299 manibus
1349 1266 1589 1301 contrectabat
1616 1271 1650 1301 et

262 1336 297 1368 in
330 1336 484 1378 ipsorum
520 1332 701 1377 obsequiis
737 1331 864 1366 devota
896 1331 1070 1365 manebat.
1126 1329 1219 1365 Inter
1260 1330 1345 1365 haec
1383 1331 1559 1367 laudanda
1597 1337 1650 1367 est

263 1400 405 1434 devotio
434 1400 496 1433 viri
524 1399 600 1440 sui,
636 1399 695 1443 qui
727 1397 810 1431 lieet
841 1398 994 1442 negotiis
1022 1396 1138 1431 multis
1165 1400 1259 1431 esset
1284 1396 1491 1441 implicitus,
1525 1399 1559 1431 in
1584 1398 1650 1433 Dei

263 1470 379 1499 tamen
395 1465 566 1509 obsequio
583 1468 658 1498 erat
676 1463 823 1497 devotus
842 1467 875 1497 et
893 1464 974 1508 quia
991 1462 1207 1507 ipsetalibus
1220 1461 1456 1507 personaliter
1471 1463 1650 1498 intendere

265 1541 334 1564 non
350 1529 501 1571 valebat,
528 1531 629 1563 uxori
655 1538 739 1563 suae
765 1532 974 1573 potestatem
1001 1532 1226 1563 concesserat
1251 1527 1380 1574 agendi
1406 1530 1533 1570 omnia,
1561 1538 1652 1574 quae

265 1595 329 1630 Dei
356 1594 522 1628 honorem
548 1596 765 1639 respicerent
792 1599 825 1629 et
845 1595 980 1628 animae
1001 1604 1086 1628 suae
1107 1593 1254 1628 salutem
1274 1593 1450 1628 afferrent.
1500 1594 1654 1639 Cupiens

267 1671 352 1695 vero
378 1660 484 1694 beata
507 1658 713 1700 Elizabetl1‚
747 1663 783 1692 ut
809 1661 862 1692 vir
889 1669 973 1693 suus
999 1661 1033 1693 in
1059 1658 1140 1693 fidet
1166 1659 1404 1694 defensionem
1433 1660 1654 1704 ¹)potentiae

268 1735 354 1760 suae
381 1734 477 1759 arma
502 1728 742 1764 converteret,
778 1725 891 1768 ipsum
925 1725 1060 1758 salubri
1086 1725 1330 1760 exhortatione
1358 1725 1514 1767 induxit,
1546 1728 1584 1759 ut
1608 1723 1654 1758 ad

269 1796 396 1826 terram
432 1795 586 1824 sanctam
623 1793 788 1834 pergeret
826 1789 1046 1824 visitandam.
1095 1789 1160 1824 Ubi
1197 1790 1275 1824 dum
1304 1795 1418 1832 esset,
1452 1792 1528 1834 ipse
1562 1790 1654 1824 Iant-

269 1857 415 1901 gravius
437 1857 602 1900 princeps
628 1854 763 1895 tidelis,
791 1854 938 1888 devotus
965 1860 998 1889 ct
1033 1855 1181 1900 inclytus
1218 1855 1285 1889 fule
1318 1857 1457 1900 integra
1488 1860 1523 1889 et
1545 1855 1654 1889 devo—

269 1922 367 1954 tione
410 1922 547 1954 sincera
591 1919 665 1953 Deo
709 1920 861 1954 reddidit
905 1922 1086 1965 spiritum,
1135 1930 1275 1954 suorum
1320 1930 1461 1965 operum
1507 1920 1655 1954 fructum

270 1987 444 2030 recipiens
477 1985 683 2030 gloriosum.
731 1983 772 2018 Et
806 1987 858 2019 sic
891 1987 970 2030 ipsa
1008 1985 1181 2019 vidualem
1217 1990 1343 2019 statum
1371 1996 1445 2020 cuni
1472 1985 1657 2021 devotione

272 2051 504 2095 amplectitur,
525 2060 566 2083 ne
585 2050 734 2083 vidualis
753 2052 987 2098 continentiae
1003 2052 1158 2095 praemio
1179 2050 1412 2092 fraudaretur,
1430 2051 1494 2085 sed
1510 2052 1658 2086 fructum

275 2116 575 2160 ²)sexagesimum
597 2116 649 2148 sic
670 2116 886 2159 perciperet,
912 2120 1033 2160 utpote
1054 2126 1144 2161 quae
1167 2115 1371 2161 decalogum
1394 2121 1660 2162 praeceptorum

273 2191 347 2214 cum
373 2183 545 2225 ³)septcm
566 2181 828 2216 misericordiae
854 2183 1021 2226 operibus
1048 2181 1266 2216 observaret.
1315 2181 1440 2216 Verum
1465 2192 1538 2216 cum
1567 2193 1660 2217 mors

277 2247 341 2279 viri
363 2247 415 2279 sui
435 2256 498 2289 per
517 2249 624 2279 totam
645 2247 769 2280 fuisset
790 2246 1022 2292 Thur-ingiam
1050 2246 1245 2293 divulgata,
1271 2247 1314 2282 de
1332 2249 1445 2292 patria
1472 2248 1548 2292 ipsa
1571 2251 1660 2281 tam-

276 2322 377 2356 quam
403 2310 610 2355 dissipatrix
634 2315 668 2345 et
694 2311 846 2357 prodiga
873 2322 894 2346 a
919 2312 1126 2357 quibusdam
1154 2312 1300 2347 vasallis
1333 2314 1397 2346 viri
1431 2313 1486 2346 sui
1512 2313 1660 2357 turpiter

277 2381 312 2411 et
327 2376 484 2410 totaliter
503 2380 555 2410 est
576 2377 702 2421 ejtuta,
728 2381 764 2410 ut
785 2388 826 2411 ex
847 2377 914 2412 lioc
935 2379 1011 2422 ejus
1029 2379 1197 2422 patientia
1214 2378 1427 2413 claresceret
1448 2382 1483 2412 et
1509 2387 1659 2422 pauper-

278 2443 364 2476 tatis
390 2442 448 2475 diu
475 2445 676 2485 conceptum
703 2441 914 2477 desiderium
942 2442 1127 2478 obtineret.
1176 2443 1392 2478 Adveniente
1427 2445 1536 2489 igitur
1561 2446 1660 2477 nocte

279 2509 312 2541 in
341 2507 442 2541 domo
467 2507 647 2551 cujusdam
673 2507 866 2542 tabernarii
892 2510 925 2542 in
951 2508 1050 2549 loco,v
1084 2507 1143 2542 ubi
1175 2510 1272 2553 porci
1304 2509 1506 2554 Jacuerant‚
1541 2518 1579 2542 se
1604 2519 1659 2543 re-

281 2575 373 2617 cepit
399 2572 472 2607 Deo
504 2574 640 2618 gratias
674 2573 799 2608 multas
832 2585 955 2621 agens.
1003 2574 1098 2609 nora
1123 2584 1206 2609 vero
1234 2574 1430 2608 matutinali
1455 2573 1499 2608 ad
1524 2573 1659 2608 domum

346 2671 374 2701 1)
394 2673 470 2696 ltm-t-
491 2670 543 2698 Ed.
564 2671 666 2697 t·r.i1:1
687 2671 823 2698 exhibet:
854 2676 893 2698 ut
921 2671 1130 2706 potentine
1158 2680 1252 2699 snae
1281 2680 1381 2697 arma
1408 2670 1490 2698 salu
1505 2675 1514 2697 t
1529 2680 1582 2697 ein
1602 2670 1659 2698 as-

281 2713 448 2743 Ierrent.
468 2720 730 2745 converteret.
799 2718 829 2749 2)
848 2716 901 2743 Ed.
922 2720 965 2746 l'r.
984 2716 1095 2745 omittit
1115 2715 1406 2749 sexagesimum.
1460 2716 1488 2748 3)
1507 2715 1565 2742 Alii
1585 2725 1657 2743 sex.
