1742 3005
217 62 299 100 424
450 66 544 113 Cap.
573 62 708 100 xcix.
774 59 834 99 De
873 70 1005 98 sancto
1037 60 1182 98 Jacobo
1213 58 1370 109 majore.

218 165 422 200 seditionem
446 167 478 198 in
507 163 635 208 populo
661 164 827 198 excitavit
851 167 885 198 et
910 165 1016 198 misso
1043 164 1122 198 fune
1147 166 1181 197 in
1207 163 1299 198 00110
1321 161 1475 207 apostoli
1492 163 1604 206 ipsum

218 231 263 264 ad
296 230 464 264 Herodem
497 230 690 273 Agrippam
725 228 851 262 adduci
883 228 985 270 fecit,
1025 239 1169 273 eumque
1205 230 1309 273 jussu
1345 229 1422 273 ejus
1467 227 1510 261 ad
1543 226 1603 261 de-

220 294 415 329 collandum
454 294 659 335 duceretur,
706 293 847 339 quidam
887 294 1093 338 paraliticus
1135 295 1170 327 10
1208 294 1265 327 via
1293 296 1416 339 jacens
1451 292 1496 326 ad
1530 303 1605 327 eum

218 361 399 400 clamarit,
426 363 463 393 ut
487 359 556 393 sihi
583 360 768 394 sanitatem
794 358 982 394 conferret.
1033 358 1094 393 Cui
1120 357 1275 393 Jacohus
1301 359 1368 392 ait:
1404 359 1438 391 in
1469 359 1608 392 nomine

218 425 303 460 Jesu
329 424 480 466 Christi,
515 435 579 469 pro
611 426 710 469 eujus
734 424 800 459 lide
826 424 935 458 ducor
959 423 1003 458 ad
1030 423 1293 464 decollandum,
1327 434 1478 468 exsurge
1502 433 1608 458 sanus

221 495 256 525 et
278 489 425 524 benedic
449 495 642 524 creatorem
665 494 770 524 tuum.
818 490 863 525 Et
886 491 1002 524 statim
1028 491 1174 524 sanatus
1201 490 1354 523 surrexit
1377 492 1412 523 et
1436 488 1608 522 dominum

221 555 411 590 benedixit.
459 555 584 590 Scriba
610 559 743 597 autem,
771 556 830 600 qui
857 555 969 590 sunem
996 557 1029 589 in
1056 555 1147 590 eollo
1173 565 1237 589 suo
1265 556 1408 588 miserat
1431 558 1465 588 et
1488 553 1609 588 trahess

221 621 293 663 bat,
319 622 454 655 nomine
479 621 610 662 Josias,
637 620 702 654 hoe
729 620 848 654 videns
875 621 918 654 ad
947 621 1056 666 pedes
1084 622 1161 666 ejus
1187 631 1225 655 se
1250 621 1399 665 projecit
1425 625 1459 654 et
1478 622 1610 654 veniam

221 690 344 729 petens
375 696 414 720 se
445 685 672 719 christianum
708 685 785 719 lieri
816 686 1017 730 postulavit.
1069 686 1169 725 Quod
1196 685 1317 720 videns
1338 685 1512 719 Abiathar
1536 697 1611 720 euni

221 752 332 784 teneri
360 750 441 784 feeit
468 751 606 795 sibique
633 750 739 784 dixit:
763 751 831 784 nisi
859 751 987 783 nomini
1013 750 1143 784 Christi
1168 751 1405 792 maledixeris,
1433 761 1507 785 eum
1532 753 1612 796 ipso

221 816 356 851 Jaeobo
381 816 626 851 decollaberis.
677 818 741 851 Cui
767 816 903 852 Josias:
938 815 1143 850 maledictus
1177 820 1214 850 tu
1239 820 1273 850 et
1294 815 1470 850 maledieti
1494 827 1613 851 omnes

223 881 299 915 dies
327 883 398 923 tui,
432 893 558 916 nomen
589 886 703 916 autem
729 881 859 915 domini
885 881 970 917 ,lesu
1000 880 1130 915 Christi
1156 882 1202 915 sit
1226 880 1447 915 benedictum
1472 883 1507 914 in
1534 891 1612 916 sae—

222 947 311 981 eula.
362 947 459 981 Tune
491 946 663 981 Aliiathar
694 957 734 981 05
771 947 847 991 ejus
881 947 1007 992 pugnis
1040 947 1139 980 caedi
1171 948 1280 991 jussit
1311 950 1346 980 et
1370 947 1477 980 missa
1504 947 1547 982 de
1572 958 1614 982 011

223 1012 403 1057 legatione
429 1012 473 1046 ad
497 1012 667 1046 llerodem
694 1014 903 1057 impetravit,
930 1016 965 1046 ut
992 1023 1065 1045 0001
1082 1012 1218 1047 Jacobo
1236 1012 1482 1047 deeollaretur.
1532 1013 1613 1047 Cum

222 1081 337 1111 autem
379 1077 481 1111 aniho
524 1077 694 1111 decollari
730 1077 917 1119 deberent,
958 1078 1114 1113 ,laeobus
1148 1088 1169 1111 a
1202 1077 1418 1122 spiculatore
1454 1078 1614 1123 lagenam

223 1153 336 1187 aquae
363 1144 462 1186 petiit
489 1148 522 1177 et
557 1141 686 1176 ibidem
709 1143 842 1178 Josiani
871 1145 999 1187 primus
1026 1143 1240 1187 baptizavit,
1275 1147 1309 1177 et
1341 1145 1455 1176 statim
1490 1145 1616 1188 eapitis

223 1207 489 1242 obtruncatione
517 1212 662 1252 uterque
687 1209 877 1242 martirium
900 1210 1161 1242 eonsunnnavit,
1210 1208 1412 1242 Deeollatus
1433 1214 1484 1242 est
1502 1214 1616 1243 autem

227 1274 351 1307 beatus
381 1273 536 1309 Jacobus
572 1273 645 1308 Vlll
679 1274 744 1308 eal.
779 1273 889 1318 April.
925 1275 958 1307 in
986 1275 1249 1307 annuntiatione
1285 1273 1458 1308 dominica
1484 1279 1517 1309 et
1542 1274 1617 1310 Vlll

225 1339 290 1372 cal.
312 1339 464 1385 Augusti
489 1339 756 1384 (lonipostellani
774 1340 964 1374 translatus
984 1343 1038 1373 est
1055 1343 1087 1373 et
1108 1338 1151 1373 lll
1171 1338 1237 1373 eal.
1263 1338 1422 1373 januarii
1447 1341 1617 1384 sepultus⁷

227 1406 310 1449 quia
342 1405 522 1449 sepulchri
559 1407 635 1451 ejus
666 1404 802 1441 fabrica
829 1405 894 1439 fuit
937 1405 981 1438 ab
1007 1405 1169 1450 Augusto
1206 1415 1316 1449 usque
1351 1403 1396 1437 ad
1417 1405 1619 1440 Jauuarium

233 1470 473 1514 ¹)prodelata.
524 1472 654 1505 Statuit
691 1471 798 1516 igitur
831 1471 1007 1512 00010510,
1040 1475 1076 1504 ut
1100 1470 1224 1504 festum
1249 1471 1325 1515 eJus
1353 1469 1427 1504 Vlll
1452 1471 1518 1506 eal.
1548 1471 1616 1505 Au-

225 1537 320 1580 gusti
348 1537 379 1568 in
406 1540 562 1580 tempore
588 1537 724 1570 scilieet
750 1537 862 1582 magis
889 1547 1045 1582 congruo
1080 1536 1225 1571 deberet
1259 1536 1504 1571 universaliter
1528 1537 1619 1571 0010-

228 1600 334 1634 brari.
384 1601 565 1635 lleeollato
592 1606 706 1635 autem
733 1601 890 1643 jacobo,
927 1606 963 1636 ut
988 1603 1037 1636 ait
1060 1602 1240 1637 Johannes
1267 1601 1412 1644 Belem,
1445 1604 1503 1648 qui
1532 1602 1622 1636 hane

228 1667 491 1700 translationem
525 1667 714 1711 diligenter
749 1668 972 1713 exsequitur,
1004 1667 1168 1711 discipuli
1195 1670 1270 1713 eJus
1296 1678 1422 1712 eorpus
1449 1673 1550 1703 noete
1576 1669 1618 1702 ti-

228 1743 322 1766 more
358 1733 568 1767 ,ludaeorum
605 1734 782 1776 rapientes
817 1734 895 1765 uari
935 1732 1020 1765 illud
1066 1734 1305 1776 imposuerunt
1339 1738 1372 1766 et
1407 1733 1620 1777 sepulturam

228 1797 368 1830 divinae
395 1798 601 1841 prudentiae
628 1799 876 1831 00010111100105
904 1799 1016 1830 navim
1046 1799 1120 1831 sine
1150 1800 1318 1842 regimine
1346 1797 1623 1831 conscenderunt

230 1868 263 1897 et
294 1864 421 1907 angelo
456 1863 582 1896 domini
623 1863 710 1896 duce
742 1864 775 1895 10
812 1862 977 1896 (1011011110
1012 1864 1044 1896 in
1079 1874 1188 1907 regno
1220 1863 1341 1908 Lupae
1367 1863 1619 1906 applicuerunt.

231 1927 310 1961 Erat
336 1930 423 1962 enim
453 1929 484 1961 in
514 1928 680 1971 Hispania
707 1928 828 1971 regina
854 1928 1024 1972 quaedam
1051 1939 1103 1961 510
1128 1928 1221 1961 dieta
1246 1940 1266 1962 a
1293 1931 1430 1961 1111111100
1448 1933 1481 1961 et
1499 1929 1621 1961 merito

230 1995 331 2027 vitae.
382 1994 605 2037 Deponentes
640 1994 746 2037 igitur
778 2004 903 2036 corpus
939 1993 981 2025 de
1009 1995 1088 2026 navi
1126 2004 1232 2037 super
1264 1993 1435 2038 quendam
1464 2003 1622 2037 maguum

229 2059 379 2102 lapidem
408 2058 490 2092 illud
518 2058 774 2101 deposuerunt,
810 2054 984 2102 quilapis
1010 2070 1088 2092 111011
1117 2064 1151 2092 ut
1179 2069 1258 2093 cera
1285 2059 1422 2102 corpori
1453 2058 1566 2091 haesit
1591 2062 1625 2091 et

230 2127 261 2157 in
288 2123 546 2169 sarcophagum
580 2125 719 2168 corpori
755 2135 793 2157 se
818 2124 1024 2158 mirabiliter
1049 2126 1238 2169 coaptavit.
1288 2123 1528 2168 lug-redientes
1555 2124 1621 2168 igi-

229 2193 285 2223 tur
311 2189 473 2233 discipuli
502 2189 543 2222 ad
570 2188 702 2232 Lupum
727 2188 908 2231 dixerunt,
940 2189 1098 2224 dominus
1131 2190 1235 2225 Jesus
1263 2190 1423 2224 Christus
1452 2189 1554 2221 mittit
1579 2187 1623 2220 ad

231 2260 264 2287 te
290 2265 418 2298 eorpus
442 2254 605 2297 discipuli
632 2255 706 2294 sui,
742 2259 796 2294 ut,
834 2266 934 2298 quem
960 2255 1103 2288 noluisti
1129 2258 1311 2300 suseipere
1339 2257 1473 2295 vivum,
1511 2253 1624 2286 susci>

232 2321 309 2363 pias
337 2319 546 2353 defunctum.
596 2318 638 2352 Et
663 2325 847 2353 narrantes
874 2322 902 2353 ei
931 2320 1153 2361 miraculum,
1190 2321 1342 2366 qualiter
1376 2320 1511 2354 scilieet
1549 2319 1624 2352 sine

233 2385 401 2430 regimine
428 2384 509 2418 illue
543 2385 716 2423 venisset,
750 2385 862 2418 loeum
898 2385 941 2418 ad
976 2387 1052 2429 ejus
1089 2385 1302 2430 sepulturam
1338 2395 1528 2429 (toiigruum
1564 2395 1622 2428 pe-

234 2451 371 2484 tierunt.
422 2449 520 2489 Quod
547 2449 625 2483 dum
653 2451 778 2493 regina
812 2450 1003 2491 audiisset,
1039 2456 1074 2484 ut
1107 2451 1191 2484 dicit
1225 2451 1312 2485 idem
1345 2450 1522 2486 johannes
1552 2447 1623 2481 Re-

234 2514 326 2555 10111,
360 2526 422 2549 005
451 2516 482 2548 in
510 2514 592 2548 dolo
619 2514 663 2548 ad
691 2516 859 2560 quendam
888 2518 994 2551 virum
1021 2517 1297 2551 crudelissimum
1326 2517 1399 2558 vel,
1436 2513 1625 2548 secuudum

306 2659 332 2688 l)
354 2659 543 2684 “veratiores
570 2669 588 2692 p
601 2669 611 2684 r
622 2670 638 2685 υ
649 2664 657 2685 t
667 2671 680 2685 0
691 2659 696 2685 l
708 2671 722 2685 a
734 2664 743 2685 l
755 2669 770 2685 a
791 2659 900 2691 legunt.
