1742 3005
241 90 320 129 160
379 92 473 142 Cap.
506 90 697 130 xxxvii.
736 94 793 129 De
826 92 1088 142 purificatione
1122 97 1256 133 beatae
1289 96 1431 134 Mariae
1464 97 1627 145 virginis.

242 206 312 230 sum
349 197 516 240 temporis
551 197 710 229 instituta
744 200 836 233 sunt,
887 208 1029 241 quorum
1068 200 1157 234 tria.
1208 199 1393 234 seeundum
1431 199 1523 245 quod
1548 199 1631 234 dicit

245 261 345 307 llugo
372 260 414 295 de
439 265 560 294 sancto
588 260 740 303 Victore,
768 263 801 295 in
826 261 906 308 lege
932 264 1040 297 veteri
1067 265 1226 298 instituta
1250 269 1347 306 sunt,
1374 265 1505 300 scilicet
1531 264 1631 298 obla-

243 329 377 368 tiones,
404 326 651 360 decimationes
678 331 712 361 et
737 328 985 362 sacrificiorum
1012 329 1285 372 immolationes,
1314 340 1376 374 per
1404 341 1494 375 quae
1521 332 1629 364 maxi·

244 404 295 427 me
322 403 409 438 opus
432 396 575 427 nostrae
601 392 826 427 redemtionis
851 393 1122 438 exprimebatur.
1183 394 1270 429 Nam
1294 394 1415 429 modus
1440 395 1630 430 redimendi

242 458 501 504 exprimebatur
524 469 587 503 per
610 458 834 501 oblationem,
862 460 972 504 ipsum
1002 461 1150 504 pretium
1176 470 1238 504 per
1262 460 1479 501 sacrificium,
1508 463 1539 494 in
1565 472 1631 505 quo

244 529 320 560 erat
343 525 525 570 sanguinis
551 524 692 567 effusio,
720 525 831 569 ipsum
858 525 1045 560 redemtum
1072 536 1134 570 per
1160 525 1435 567 decimationem,
1464 527 1546 571 quia
1570 526 1632 560 ho-

246 603 299 626 mo
325 591 542 637 significatur
566 600 628 634 per
653 589 684 624 X
717 590 924 626 drachmam.
983 590 1130 625 Primum
1158 602 1243 637 ergo
1268 591 1456 626 remedium
1482 591 1546 625 suit
1570 590 1631 625 ob-

245 659 352 699 latio,
395 657 485 691 unde
512 656 606 700 Cayn
641 655 767 706 obtulit
791 656 864 690 Deo
890 666 1032 691 munera
1057 656 1099 691 de
1124 656 1282 702 frugibus
1311 661 1345 691 et
1369 656 1459 691 Abel
1484 656 1526 691 de
1552 666 1632 702 gre-

245 723 359 768 gibus.
431 721 624 756 Secundum
654 721 718 754 suit
742 721 947 763 decimatio,
1001 722 1091 756 unde
1116 726 1150 756 et
1176 722 1351 756 Abraham
1374 721 1633 757 Melchisedech

245 787 421 823 sacerdoti
446 787 598 821 decimas
623 785 758 820 obtulit.
807 786 891 819 Nam
918 787 1102 821 seeundum
1130 787 1357 832 Augustinum
1384 787 1632 825 decimabatur.

246 853 337 899 quod
356 852 555 887 curabatur.
583 851 738 885 Tertium
766 850 830 884 fuit
855 852 1103 886 sacrificiorum
1130 851 1333 893 immolatio,
1359 853 1438 897 ipsa
1462 853 1551 887 enim
1576 862 1632 886 sa-

246 920 388 960 crificia,
415 917 598 952 secundum
629 917 721 962 quod
747 917 830 952 dicit
855 916 1060 963 Gregorius,
1088 921 1189 952 erant
1209 920 1330 951 eontra
1356 917 1528 964 originale
1554 927 1634 962 pee-

245 990 378 1019 catum:
419 984 501 1029 quia
524 987 637 1017 tamen
666 982 895 1029 exigebatur,
923 986 959 1017 ut.
989 983 1033 1016 ad
1060 984 1171 1017 minus
1199 983 1288 1017 alter
1313 987 1493 1027 parentum
1522 983 1634 1017 fidelis

246 1053 360 1093 esset,
406 1054 440 1084 et
463 1048 652 1094 aliquando
679 1050 816 1094 utrique
848 1049 1005 1084 infideles
1034 1059 1113 1084 esse
1139 1053 1314 1094 poterant.
1383 1048 1465 1083 Ideo
1493 1047 1634 1083 advenit

246 1119 403 1162 quartum
433 1115 619 1150 remedium
641 1115 773 1149 seilicet
799 1116 1033 1157 circumcisiO,
1071 1125 1161 1160 quae
1177 1143 1184 1157 ‚
1223 1116 1298 1149 sive
1324 1118 1489 1160 parentes
1514 1112 1634 1148 fideles

246 1186 365 1217 essent
391 1183 465 1217 sive
490 1180 670 1223 infideles,
715 1180 865 1215 valebat.
915 1179 986 1215 Sed
1010 1181 1093 1225 quia
1119 1180 1204 1215 illud
1229 1181 1417 1216 remedium
1440 1191 1509 1214 non
1535 1182 1635 1225 pote-

247 1253 301 1283 rat
317 1248 503 1283 eonvenire
523 1248 589 1280 nisi
607 1246 692 1280 solis
713 1245 866 1280 maribus
883 1256 946 1281 nec
967 1247 1112 1291 januam
1138 1246 1294 1291 paradisi
1318 1250 1457 1291 poterat
1482 1247 1633 1291 aperire,

247 1314 327 1349 ideo
354 1313 523 1348 suecessit
546 1316 580 1347 et
602 1312 817 1357 baptismus,
867 1313 925 1357 qui
960 1315 1014 1346 est
1037 1313 1224 1346 eommunis
1250 1311 1408 1347 omnibus
1436 1316 1470 1347 et
1489 1313 1632 1357 Januam

245 1380 467 1425 coeliaperit.
495 1378 642 1413 Primum
655 1376 1128 1423 igiturremediumChristus
1150 1376 1402 1422 quodammodo
1423 1379 1634 1412 assumsisse

248 1446 395 1488 videtur,
421 1444 559 1490 quando
586 1444 742 1478 dominus
768 1445 802 1477 in
825 1443 953 1488 templo
979 1453 1000 1477 a
1023 1443 1226 1488 parentibus
1251 1446 1305 1477 est
1330 1442 1482 1486 oblatuS,
1512 1453 1633 1477 secun-

248 1511 326 1545 dum
351 1510 537 1545 remedium
568 1509 820 1554 quodammodo
847 1510 1031 1551 assumsit,
1071 1508 1209 1553 quando
1232 1508 1296 1542 XL
1321 1508 1443 1544 diebus
1470 1512 1504 1543 et
1524 1509 1632 1542 nocti-

247 1576 311 1610 bus
332 1576 527 1620 jejunavit3
578 1576 660 1620 quia
686 1576 774 1609 enim
798 1585 865 1608 non
892 1574 1064 1617 habebat,
1107 1574 1195 1610 unde
1222 1574 1377 1609 solveret
1402 1573 1552 1608 decimas
1578 1584 1633 1608 re-

250 1653 335 1685 rum,
364 1642 486 1675 saltem
510 1640 582 1674 Deo
610 1639 735 1673 obtulit
759 1639 910 1673 decimas
933 1639 1075 1674 dierunt.
1114 1640 1269 1674 Tertium
1291 1641 1466 1681 assumsit,
1495 1638 1633 1684 quando

249 1708 448 1751 materejus
472 1716 536 1751 par
554 1709 721 1739 turturum
749 1709 809 1739 aut
835 1705 922 1739 duos
950 1705 1065 1749 pullos
1090 1705 1324 1739 columbarum
1345 1716 1408 1750 pro
1434 1716 1475 1740 eo
1495 1704 1632 1745 obtulit,

249 1778 284 1808 ut
308 1772 388 1806 inde
413 1772 616 1806 sacrificium
645 1772 761 1813 tieret,
798 1771 852 1805 vel
879 1771 1016 1816 quando
1045 1773 1078 1805 in
1112 1781 1213 1806 cruce
1237 1782 1275 1806 se
1301 1771 1506 1805 sacrificium
1533 1769 1633 1804 obtu-

247 1840 297 1874 lit.
348 1838 535 1879 Quartum,
577 1837 715 1881 quando
740 1847 778 1871 se
804 1837 1000 1871 eircumcidi
1027 1838 1198 1882 permisit,
1236 1838 1410 1881 quintum,
1447 1835 1586 1880 quando
1612 1845 1634 1869 a

246 1904 405 1940 Johanne
430 1903 605 1947 baptisma
629 1904 793 1947 suscepit.
849 1902 1010 1937 Secunda
1035 1904 1124 1936 ratio
1149 1906 1225 1946 est,
1267 1905 1305 1936 ut
1328 1902 1441 1947 legem
1464 1901 1633 1945 impleret.

248 1970 323 2004 Non
349 1971 437 2003 enim
462 1972 606 2003 venerat
630 1968 786 2002 dominus
813 1969 926 2013 legem
951 1968 1108 2009 solvere,
1153 1968 1214 2002 sed
1242 1967 1444 2012 adimplere.
1494 1966 1580 2000 Nam
1604 1969 1634 2000 si

247 2037 279 2069 in
304 2035 370 2069 hoe
395 2035 507 2080 legem
533 2034 718 2076 solvisset,
770 2035 966 2078 potuissent
999 2044 1036 2068 se
1068 2033 1194 2069 Judaei
1229 2043 1397 2067 excusare
1434 2035 1468 2066 et
1501 2031 1629 2067 dicere:

248 2102 408 2146 quoniam
437 2100 628 2134 (loeti-inam
655 2103 744 2133 tuam
767 2110 834 2133 non
857 2101 1060 2144 weipimus,
1085 2110 1127 2134 ex
1155 2109 1196 2133 eo
1213 2098 1304 2143 quod
1322 2097 1501 2135 dissimilis
1516 2107 1553 2132 es
1571 2106 1634 2142 pa-

246 2167 357 2200 tribus
382 2176 444 2200 nee
473 2167 562 2211 legis
586 2166 795 2199 traditiones
820 2165 1000 2200 observas,
1061 2164 1206 2209 Triplici
1232 2167 1345 2198 autem
1370 2163 1442 2207 legi
1464 2162 1569 2196 hodie
1596 2172 1634 2196 se

253 2235 284 2275 ¹)
308 2231 465 2266 Christus
492 2236 525 2265 et
550 2233 650 2276 virgo
677 2231 836 2276 subjecit.
885 2230 999 2264 Primo
1026 2230 1096 2276 legi
1125 2229 1376 2273 purificationis
1403 2229 1437 2261 in
1457 2227 1633 2273 signitica-

248 2300 373 2332 tionem
401 2298 558 2338 virtutis,
587 2300 634 2337 ut,
663 2301 845 2340 postquam
871 2297 986 2329 omnia
1012 2294 1098 2329 bene
1125 2294 1319 2336 fecerimus,
1347 2293 1514 2335 dieamus,
1542 2292 1632 2337 qum!

247 2365 339 2398 servi
371 2362 508 2397 inutiles
534 2371 661 2395 sumus.
734 2361 893 2395 Secundo
928 2361 997 2405 legi
1026 2360 1249 2395 redemtionis
1276 2359 1319 2393 ad
1352 2358 1544 2403 exemplum
1572 2357 1634 2392 ltu-

248 2429 423 2469 militatis3
450 2429 553 2462 tertio
582 2427 650 2473 legi
675 2426 863 2461 oblationis
888 2427 930 2460 ad
957 2426 1148 2471 exemplum
1177 2425 1408 2470 paupertatis.
1434 2423 1556 2458 Tertia
1578 2433 1633 2456 ra-

248 2496 295 2528 tio
324 2498 396 2536 est,
446 2497 482 2527 ut
504 2493 614 2539 legem
643 2492 893 2537 purificationis
919 2493 1131 2527 terminaret.
1194 2491 1290 2525 Sicut
1314 2491 1402 2534 enim
1428 2488 1633 2523 adveniente

252 2561 325 2593 luce
354 2563 495 2594 cessant
516 2558 682 2593 tenebrae
707 2561 742 2593 et
767 2558 974 2594 adveniente
1000 2557 1074 2593 sole
1101 2556 1232 2592 recedit
1251 2555 1395 2594 umbra,
1437 2554 1487 2588 sie
1511 2557 1546 2588 et
1571 2552 1632 2586 ad-

320 2703 345 2735 1)
366 2701 416 2731 1511.
437 2705 479 2730 l’r.
501 2701 570 2733 logi(
590 2711 717 2729 sexus.
