1742 3005
212 125 255 149 vx
734 110 852 149 Index
889 111 1069 162 capitum.

213 217 297 263 Cap.
323 216 468 253 XXXV.
526 216 576 251 De
598 217 735 261 jejunio
763 219 912 262 quatuor
936 220 1127 260 temporum
1174 239 1183 249 .
1225 239 1233 249 .
1283 237 1294 249 .
1342 240 1350 248 .
1422 223 1501 258 pag.
1527 212 1592 246 153

258 294 274 299 -
321 272 479 307 XXXVI.
528 272 579 307 De
604 276 724 306 sancto
752 271 890 317 Ignatio
940 294 1415 307 .........
1464 291 1478 295 -
1528 270 1593 304 155

259 351 274 356 -
321 327 495 364 XXXVII.
543 328 592 363 De
618 328 858 372 purificatione
884 326 1008 361 beatae
1033 326 1170 362 Mariae
1196 326 1343 370 virginis
1380 352 1390 362 .
1465 348 1479 352 -
1528 328 1594 361 158

261 406 276 412 -
325 383 518 421 XXXVIII.
566 384 615 418 De
639 388 762 417 sancto
787 383 905 417 Blasio
940 402 1482 417 ..........
1528 383 1595 416 167

262 463 277 467 -
325 440 490 475 XXXIX.
542 440 591 475 De
617 444 738 474 saneta
763 439 904 485 Agatha
929 440 1065 486 virgine
1100 462 1395 474 ......
1466 459 1481 463 -
1531 439 1595 474 1711

262 518 277 523 -
325 497 399 532 XL.
448 497 497 532 De
523 501 643 530 sancto
669 495 826 530 vedasto
873 517 1416 532 ..........
1466 514 1481 519 -
1531 494 1596 529 174

263 575 277 579 -
324 552 414 588 XLI.
464 553 515 588 De
541 557 662 587 sancto
688 551 845 587 Amando
907 573 1395 587 .........
1469 571 1484 577 -
1532 551 1597 584 174

264 631 280 636 -
329 609 433 644 XLII.
482 609 532 644 De
559 613 680 643 sancto
706 607 890 642 Valentino
951 626 1484 644 ..........
1531 607 1597 640 176

265 686 280 692 -
327 665 450 700 XLIII.
501 666 551 700 Do
577 669 699 699 sancta
722 663 863 699 Juliana
920 687 1399 699 .........
1533 663 1597 696 177

265 744 280 749 -
326 721 451 760 XLIV.
499 722 549 756 De
574 721 740 756 cathedra
767 721 879 754 sancti
904 719 997 754 Petri
1061 742 1421 755 .......
1470 740 1485 746 ·
1533 720 1598 754 178

266 799 281 803 -
329 778 436 814 XLV.
484 778 534 813 De
561 782 681 812 sancto
707 776 843 812 Mathia
868 775 1030 821 apostolo
1101 800 1394 812 ......
1467 796 1483 802 -
1533 777 1598 810 183

266 856 281 860 -
328 834 450 869 XLVI.
499 834 548 869 De
574 838 696 868 sancto
724 833 895 879 Gregorio
947 845 1485 869 ...........
1534 833 1598 866 188

268 912 283 916 -
331 889 465 925 XLVII.
512 890 562 925 De
589 894 708 923 saneto
735 888 897 934 Longino
925 911 1284 925 .......
1333 899 1340 906 ·
1389 915 1398 924 .
1533 889 1600 922 2112

266 968 281 972 -
328 946 483 983 XLVIII.
531 947 580 982 De
607 951 727 980 sancta
752 946 885 990 Sophia
912 948 946 979 ot
971 944 1082 979 trihus
1110 943 1247 978 filiabus
1273 944 1349 990 ejus
1414 970 1422 978 .
1532 946 1600 978 203

267 1024 281 1029 -
330 1003 453 1038 XLIX.
506 1003 555 1038 De
582 1007 701 1037 sancto
727 1002 916 1037 Benedicto
991 1026 1399 1038 ........
1532 1001 1601 1035 204

269 1081 283 1085 -
331 1060 374 1096 L.
421 1060 472 1095 De
497 1064 618 1094 sancto
645 1059 797 1094 Patricio
831 1082 1426 1095 ...........
1472 1077 1490 1083 -
1535 1058 1601 1092 213

267 1137 283 1142 -
331 1115 391 1153 LI.
438 1116 489 1151 De
515 1117 780 1150 annuntiatione
808 1114 981 1148 dominica
1050 1137 1404 1150 .......
1473 1134 1489 1140 -
1535 1115 1603 1148 216

269 1194 283 1198 -
332 1172 404 1207 LII.
452 1172 502 1207 De
528 1176 648 1206 sancto
673 1170 860 1206 Timotheo
895 1193 1426 1207 ..........
1475 1191 1490 1195 -
1537 1170 1604 1203 222

268 1250 284 1255 -
331 1228 420 1264 LIII.
466 1228 516 1263 De
548 1229 713 1273 passione
741 1227 869 1261 domini
920 1251 1405 1263 .........
1537 1227 1605 1259 223

270 1306 284 1310 -
331 1284 423 1322 LIV.
471 1284 519 1319 De
546 1286 802 1319 resurrectione
828 1283 957 1317 domini
1011 1303 1492 1319 .........
1538 1282 1605 1315 235

270 1362 285 1367 -
332 1340 404 1375 LV.
451 1340 502 1375 De
528 1345 646 1374 saneto
673 1339 834 1375 Secundo
883 1363 1404 1375 ..........
1537 1338 1606 1371 2⁴5

269 1418 284 1423 -
332 1396 417 1431 LVI.
464 1396 514 1431 De.
540 1400 663 1430 sancta
686 1395 802 1430 Maria
825 1396 1046 1442 Aegyptiam
1071 1417 1429 1432 .......
1476 1414 1492 1419 -
1539 1394 1606 1427 2-17

271 1474 285 1478 -
333 1452 437 1488 LVII.
485 1452 534 1486 De
560 1457 682 1486 sancto
707 1452 893 1486 Ambrosio
925 1478 934 1488 .
957 1443 959 1445 ¹
986 1474 1408 1489 ........
1480 1470 1494 1475 -
1541 1449 1608 1483 251

272 1530 286 1535 -
334 1508 455 1545 LV111.
502 1508 552 1543 De
577 1513 697 1542 saneto
724 1508 878 1554 Georgio
904 1531 1431 1545 ..........
1480 1526 1494 1530 -
1542 1506 1610 1538 259

272 1586 287 1591 -
333 1564 424 1599 LIX.
474 1565 523 1599 De
551 1569 671 1598 sancto
698 1563 818 1598 Marco
844 1563 1064 1609 evangelista
1110 1587 1410 1599 ......
1481 1582 1495 1586 -
1542 1562 1610 1595 265

274 1641 288 1646 -
336 1619 414 1656 Lx.
461 1621 512 1656 De
538 1624 659 1654 sancto
685 1619 891 1654 Marcellino
917 1629 1009 1664 papa
1070 1645 1077 1653 .
1127 1645 1137 1655 .
1191 1645 1198 1652 .
1252 1646 1259 1652 .
1310 1645 1317 1651 .
1369 1644 1375 1651 .
1424 1643 1431 1651 .
1482 1638 1496 1642 -
1544 1618 1611 1651 271

273 1698 287 1702 -
336 1676 425 1711 LXI.
472 1677 522 1712 De
549 1680 667 1711 sancto
692 1675 798 1709 Vitali
826 1698 1409 1712 ...........
1483 1695 1496 1699 -
1543 1675 1612 1708 272

276 1754 291 1759 -
339 1733 445 1768 LXII.
495 1733 544 1767 De
569 1733 705 1777 virgine
732 1731 880 1776 quadam
905 1732 1125 1767 Antiochena
1187 1753 1436 1768 .....
1484 1751 1499 1756 -
1546 1730 1612 1764 273

274 1811 288 1816 -
338 1789 459 1824 LXIII.
506 1789 555 1823 Do
581 1792 700 1822 sancto
730 1788 833 1823 Petro
863 1791 1004 1824 martire
1048 1812 1346 1824 ......
1483 1806 1498 1811 -
1545 1786 1614 1818 277

275 1868 289 1872 -
337 1845 460 1882 LXIV.
509 1845 558 1879 De
585 1849 706 1879 sancto
733 1844 888 1880 Fabiano
956 1867 1435 1882 .........
1484 1863 1499 1868 -
1546 1843 1612 1875 291

276 1924 290 1928 -
340 1901 444 1936 LXV.
491 1901 542 1936 Do
569 1907 688 1936 sancto
719 1902 880 1947 Philippo
907 1901 1070 1947 apostolo
1105 1923 1409 1936 ......
1485 1919 1499 1924 -
1546 1898 1614 1931 292

251 1992 254 1998 .
278 1980 291 1984 -
340 1957 463 1994 LXVI.
508 1958 559 1993 De
584 1963 705 1992 sancta
731 1959 922 2003 Apollonia
972 1979 1436 1994 .........
1486 1975 1500 1980 -
1547 1955 1614 1988 293

277 2036 292 2041 -
339 2013 478 2049 LXVII.
528 2013 578 2048 De
605 2019 725 2048 saneto
751 2014 885 2050 Jacobo
912 2014 1073 2058 apostolo
1117 2036 1416 2051 ......
1487 2032 1501 2036 -
1549 2011 1615 2044 2115

279 2092 293 2096 -
341 2069 495 2105 LXVIII.
547 2069 597 2104 Do
625 2071 822 2105 inventione
849 2074 994 2105 sanotae
1019 2071 1130 2104 crucis
1195 2094 1204 2103 .
1369 2094 1377 2101 .
1429 2093 1437 2101 .
1487 2089 1501 2092 -
1548 2068 1616 2101 303

279 2149 293 2153 -
341 2125 467 2161 LXIX.
516 2125 567 2160 De
593 2132 712 2160 sancto
730 2127 891 2163 Johanne
916 2131 995 2160 ante
1022 2131 1156 2171 portam
1183 2126 1323 2159 latinam
1350 2149 1359 2159 .
1407 2148 1414 2157 .
1488 2144 1502 2148 -
1550 2124 1615 2158 311

280 2205 294 2209 -
342 2181 453 2217 LXX.
501 2182 550 2216 lle
575 2182 704 2216 letania
731 2185 855 2227 majori
881 2187 915 2217 et
943 2183 1066 2216 minori
1138 2202 1503 2218 .......
1551 2182 1617 2215 312

280 2261 294 2266 -
343 2237 470 2274 LXXI.
518 2238 569 2273 Do
594 2243 715 2273 saneto
741 2239 923 2273 Bonil'acio
952 2239 1092 2272 martire
1121 2262 1415 2275 ......
1492 2258 1504 2262 -
1551 2238 1618 2271 3115

283 2318 295 2322 -
345 2294 487 2329 LXXII.
535 2294 585 2328 Dc
615 2293 845 2329 adscensione
874 2294 1002 2328 (lomIni
1028 2318 1439 2330 ........
1491 2314 1505 2319 -
1552 2293 1620 2327 318

283 2374 296 2377 -
344 2349 503 2387 LXXIII.
551 2350 600 2385 ne
629 2356 748 2384 saneto
778 2352 904 2395 spiritu
945 2372 1507 2387 ..........
1554 2349 1621 2384 327

285 2429 296 2432 -
347 2406 499 2441 LXXIV.
546 2407 594 2441 De
620 2412 739 2441 sancto
766 2405 943 2441 Gordiano
973 2431 1444 2443 .........
1494 2427 1506 2431 -
1554 2405 1621 2440 337

285 2485 298 2488 -
346 2463 486 2496 LXXV.
536 2463 585 2497 Do
611 2468 731 2498 sancto
757 2462 870 2497 Nereo
896 2468 930 2498 et
957 2463 1117 2498 Achilleo
1175 2487 1419 2499 .....
1493 2483 1507 2487 -
1555 2462 1622 2495 338

286 2540 299 2544 -
348 2517 500 2553 Lxxvi
549 2518 598 2552 Ile.
624 2525 744 2553 saneto
770 2519 954 2554 Pancratio
979 2544 1445 2557 .........
1493 2539 1507 2543 -
1554 2517 1623 2550 340

289 2596 300 2600 -
350 2573 522 2608 LXXVII.
571 2574 620 2609 De
647 2580 766 2609 sancto
793 2575 931 2610 Ili-bano
959 2600 1420 2614 .........
1493 2594 1506 2599 -
1555 2574 1623 2607 341

288 2652 301 2656 -
350 2628 535 2666 LXXVIII.
583 2630 631 2664 lle
657 2636 778 2666 saneta
802 2631 1002 2667 Petronella
1079 2653 1442 2669 .......
1494 2651 1508 2656 -
1555 2630 1624 2663 343

1131 2711 1426 2724 ······
