1742 3005
457 77 553 127 Cap.
588 76 702 114 CXX.
763 77 819 115 De
852 84 982 115 sancto
1015 77 1225 117 Rei-nardo.
1451 80 1528 119 531

141 180 226 215 Post
250 181 383 222 cibum,
423 185 587 227 quantum
616 182 825 222 comederit,
861 194 999 229 semper
1030 185 1189 230 cogitare
1221 184 1346 221 solitus
1371 191 1468 230 erat,
1503 190 1534 221 si

140 245 281 292 quando
307 246 362 281 vel
388 247 432 281 ad
459 248 626 282 modicum
652 258 847 283 mensuram
872 249 1011 284 solitam
1036 251 1236 285 excessisse
1268 261 1307 286 se
1334 250 1533 297 deprehen-

141 311 210 356 dit,
237 314 377 359 impune
403 312 504 348 abire
530 324 598 347 non
625 315 835 358 patiebatur.
885 315 945 349 Sic
970 315 1077 361 gulae
1101 315 1289 351 illecebras
1314 317 1531 359 edomuerat,

138 383 176 413 ut
203 380 314 424 ipsam
341 389 481 425 quoque
509 389 673 424 saporum
706 378 953 414 discretionem
981 391 1022 414 ex
1048 390 1175 425 inagna
1200 386 1299 425 parte
1325 383 1531 426 perdiderit.

137 444 222 479 Nam
251 449 285 480 et
309 445 423 480 oleum
449 444 518 479 sibi
543 455 606 489 per
631 454 782 478 errorem
809 443 999 488 aliquando
1031 447 1250 489 propositum
1279 447 1368 482 bibit
1406 454 1440 484 et
1465 461 1528 494 pe-

135 512 228 544 nitus
256 511 432 556 ignoravit
456 519 520 544 nec
545 511 641 553 prius
668 508 702 542 id
731 512 784 542 est
810 510 998 554 cognitum,
1027 510 1138 545 donec
1165 511 1305 556 quidam
1330 515 1407 558 ejus
1432 514 1530 549 labia

134 578 321 611 miraretur
355 577 506 609 inuncta.
557 574 770 620 Sanguinem
803 574 943 608 crudum
977 576 1121 620 insuper
1162 587 1226 621 per
1264 588 1418 614 errorem
1458 581 1527 614 sibi

134 642 288 676 oblatum
314 651 377 685 pro
403 639 527 685 butyro
554 640 668 674 multis
699 639 822 674 diebus
849 641 1006 674 noscitur
1030 641 1248 685 comedisse,
1279 643 1388 679 solum
1409 650 1525 681 autem

132 716 257 752 aquam
294 705 362 740 sibi
398 715 525 751 sapere
558 705 697 740 dicebat
733 716 796 748 eo,
842 705 960 750 quod,
1001 706 1078 741 dum
1122 713 1292 751 sumeret,
1334 710 1456 746 fauces
1490 717 1525 747 et

129 776 250 818 guttur
274 772 351 816 ejus
378 771 620 818 refrigeraret.
670 771 846 817 Quidquid
871 774 905 805 in
931 773 1116 817 scriptur-Is
1144 773 1334 817 didicerat,
1373 779 1522 813 maxime

127 839 162 871 in
181 837 281 872 silvis
300 841 334 872 et
350 839 385 871 in
403 840 500 883 agris
527 837 727 873 meditando
754 842 788 872 et
815 837 949 871 orando
970 848 1007 872 se
1032 837 1263 873 confitebatur
1280 844 1461 886 accepisse
1488 849 1522 878 et

127 904 242 938 nullos
266 914 304 938 se
330 903 519 948 aliquando
546 905 738 949 magistros
764 903 945 945 habuisse,
971 904 1039 937 nisi
1064 914 1212 949 quercus
1239 908 1272 940 et
1294 906 1408 952 fagos,
1430 910 1521 944 inter

129 971 258 1004 amicos
286 968 404 1004 dicere
430 969 580 1004 solebat.
629 969 786 1014 Denique
814 968 998 1003 confessus
1026 973 1090 1009 est,
1117 970 1308 1015 aliquando
1337 974 1519 1010 meditanti

126 1035 182 1070 vel
217 1036 332 1070 oranti
365 1044 498 1069 sacram
547 1045 679 1070 omnem
722 1035 818 1069 velut
859 1037 1077 1080 suppositam
1121 1036 1177 1070 vel
1216 1040 1411 1082 expositam
1449 1041 1518 1075 sibi

125 1102 336 1146 apparuisse
371 1101 590 1145 scripturam.
650 1100 807 1140 Quodam
844 1105 1022 1145 tempore,
1060 1102 1150 1136 sicut
1185 1104 1262 1147 ipse
1302 1105 1334 1137 in
1369 1107 1516 1141 canticis

123 1165 248 1208 refert,
276 1176 350 1200 eum
378 1167 468 1201 inter
493 1166 702 1211 loquendum
729 1177 770 1201 ex
797 1167 872 1209 his,
907 1177 995 1212 quae
1020 1168 1238 1213 suggerebat
1263 1171 1420 1214 spiritus,
1448 1174 1515 1206 etsi

127 1235 233 1277 ยน)non
255 1232 349 1267 fideli
374 1234 490 1273 nimis,
516 1237 631 1266 tamen
657 1232 777 1267 fidenti
806 1235 918 1266 animo
946 1238 1157 1275 reservaret,
1183 1239 1219 1268 ut
1243 1234 1402 1278 haberet,
1431 1238 1514 1283 quid

122 1297 277 1340 diceret,
312 1297 425 1333 denuo
458 1302 694 1339 tractatui-iffi,
732 1309 810 1333 ecce
843 1309 909 1332 vox
935 1298 978 1332 ad
1006 1309 1079 1332 eum
1106 1301 1198 1334 venit
1225 1300 1365 1335 diceus:
1401 1302 1513 1338 donec

121 1364 215 1398 istud
242 1365 417 1405 tenueris,
445 1363 538 1397 aliud
565 1374 633 1397 non
659 1365 822 1408 accipies.
870 1363 907 1398 In
935 1365 1091 1399 vestibus
1116 1367 1147 1400 ei
1166 1376 1304 1411 semper
1320 1375 1512 1413 paupertas

119 1429 265 1473 placuit,
299 1428 423 1463 sordes
455 1439 648 1474 nunquam,
687 1431 844 1464 nimirum
876 1432 980 1464 animi
1016 1430 1091 1466 fore
1120 1432 1260 1476 judices
1287 1433 1408 1477 ajebat
1451 1441 1512 1470 aut

118 1494 334 1541 negligentis
361 1500 421 1529 aut
444 1496 595 1529 inaniter
621 1496 712 1539 apud
744 1506 781 1530 se
806 1496 993 1541 gloriantis
1019 1501 1078 1530 aut
1103 1496 1191 1530 soris
1219 1497 1401 1533 humanam
1429 1501 1509 1545 glo-

119 1562 203 1594 riam
230 1561 438 1595 affectantis.
487 1560 714 1595 Proverbium
743 1561 828 1595 illud
857 1563 889 1595 in
916 1572 976 1596 ore
1011 1564 1087 1607 ejus
1115 1563 1335 1608 frequenter,
1370 1575 1510 1611 semper

118 1627 152 1660 in
173 1626 280 1661 corde
297 1631 391 1661 erat:
418 1628 477 1672 qui
494 1625 559 1660 hoc
581 1626 684 1669 facit,
712 1627 804 1672 quod
832 1638 952 1668 neme,
977 1622 1147 1662 mirantur
1172 1639 1301 1663 omnes.
1351 1629 1447 1666 Unde
1474 1636 1508 1667 et

115 1691 262 1726 cilicium
290 1692 449 1737 pluribus
476 1693 575 1726 annis
601 1694 768 1737 portavit,
795 1693 959 1738 quamdiu
985 1694 1158 1728 occultum
1185 1705 1266 1729 esse
1291 1698 1418 1740 potuit,
1444 1698 1507 1732 sed

113 1757 172 1792 ubi
198 1757 265 1792 hoc
289 1759 464 1804 cognitum
491 1769 571 1793 esse
598 1760 719 1801 sensit,
747 1760 910 1793 continuo
934 1759 1017 1793 illud
1044 1759 1215 1805 abjiciens
1242 1760 1286 1794 ad
1311 1765 1506 1798 communia

113 1833 150 1858 sc
177 1826 360 1859 convertit.
408 1824 589 1870 Nunquam
614 1826 666 1858 sie
691 1826 790 1867 risit,
817 1829 854 1859 ut
881 1836 951 1859 non
976 1827 1092 1870 potius
1117 1826 1160 1860 ad
1186 1827 1368 1861 ridendum
1403 1839 1502 1874 quam

112 1889 156 1925 ad
183 1890 440 1935 reprimendum
472 1892 539 1925 vim
571 1891 640 1925 sibi
675 1891 792 1926 facere
826 1895 1007 1936 oporteret
1038 1896 1073 1927 et
1097 1894 1183 1927 risui
1209 1903 1273 1927 suo
1299 1895 1412 1939 magis
1439 1896 1503 1929 sti-

112 1955 238 1990 mulum
262 1955 433 1991 adhibere
459 1967 559 2001 quam
584 1957 728 1992 frenum.
778 1957 860 1991 Cum
884 1961 997 1991 autem
1023 1959 1215 2002 patientiae
1240 1970 1352 2006 genus
1375 1961 1502 1996 solitus

111 2024 188 2054 erat
212 2019 328 2054 dicere
352 2022 584 2064 tripartitum,
618 2021 785 2056 videlicet
816 2021 861 2055 ad
889 2022 1072 2056 verborum
1099 2025 1268 2068 injurias,
1305 2025 1350 2059 ad
1377 2026 1502 2061 damna

111 2095 243 2127 rerum,
279 2084 324 2118 ad
361 2086 522 2129 corporis
558 2085 771 2128 laesionem,
804 2085 895 2119 hanc
924 2088 1001 2130 ipse
1026 2086 1081 2120 his
1107 2089 1276 2132 exemplis
1302 2099 1341 2123 se
1368 2089 1500 2125 habere

108 2149 284 2195 probavit.
335 2150 417 2185 Cum
444 2152 532 2184 enim
559 2151 694 2185 cuidam
721 2152 888 2196 episcopo
915 2151 1148 2186 amicabiliter
1172 2153 1362 2190 admonens
1389 2166 1499 2201 quan-

108 2215 185 2251 dam
213 2216 419 2260 scripsisset
443 2217 641 2260 epistolam,
670 2217 728 2252 ille
745 2216 969 2252 vehementer
986 2217 1218 2253 exacerbatus
1244 2221 1497 2256 amarissimam

106 2282 250 2325 scripsit
273 2282 304 2316 ei
327 2282 513 2326 epistolam
535 2283 570 2316 in
591 2284 761 2328 principio
778 2285 828 2316 ita
845 2282 981 2317 dicens:
1009 2283 1156 2318 salutem
1185 2288 1220 2318 et
1242 2295 1309 2319 non
1336 2288 1495 2331 spiritum

104 2345 358 2391 blasphemiae,
376 2351 549 2393 tamquam
572 2358 613 2383 ex
632 2347 1293 2394 spirituhlasphemiaeillascripsisset
1330 2350 1385 2385 Ad
1401 2351 1495 2396 quod

107 2411 186 2446 ille:
213 2422 280 2457 ego
306 2414 466 2457 spiritum
488 2413 730 2458 blasphemiae
757 2425 809 2449 me
826 2413 960 2448 habere
977 2424 1045 2448 non
1067 2414 1172 2449 credo
1188 2425 1250 2450 nee
1268 2415 1495 2452 maledixisse

105 2478 262 2523 cuiquam
299 2482 358 2512 aut
391 2479 602 2514 maledicere
637 2490 688 2515 me
715 2480 804 2515 velle
830 2481 924 2522 scio,
961 2478 1168 2524 praesertim
1194 2482 1345 2526 principi
1372 2483 1494 2527 populi

104 2543 182 2577 mei.
232 2542 376 2583 Quidam
403 2543 514 2579 abbas
543 2556 605 2589 pro
631 2556 699 2579 uno
727 2545 898 2581 coenobio
921 2544 1157 2579 construendo
1190 2551 1374 2582 sexcentas
1399 2558 1493 2583 mar-

100 2616 160 2641 cas
186 2608 296 2643 eidem
323 2610 418 2643 misit
447 2612 597 2656 argenti,
624 2611 685 2646 sed
709 2615 784 2646 tota
809 2613 968 2657 pecunia,
997 2609 1075 2644 dum
1101 2609 1309 2654 deferretur,
1336 2623 1357 2648 a
1385 2623 1490 2658 prae-

105 2665 713 2677 แผช

167 2686 587 2719 13A1152n0nint'idoli,
613 2690 738 2717 minus
767 2695 893 2716 tamen
913 2687 1029 2716 ,fideti
1050 2687 1160 2721 legunt.

1123 2742 1167 2776 34
1193 2742 1210 2760 *
