1742 3005
263 82 344 121 442
564 85 661 132 Cap.
683 83 784 118 Clll.
840 83 899 120 De
931 93 1061 120 sancto
1090 85 1217 121 Felice
1248 92 1365 134 papa.

262 187 362 223 LVll.
390 188 440 223 De
452 187 668 221 liecmartlre
684 188 829 222 sicdlclt
845 186 1050 221 Ambrosius
1067 189 1101 221 in
1119 189 1361 231 praefatione:
1382 188 1502 221 martir
1519 190 1659 220 sanetus

264 265 365 288 roseo
393 253 562 287 lustratus
589 263 713 286 cruore
735 251 906 286 Nazarius
927 252 1081 286 coeleste
1099 255 1222 287 meruit
1239 253 1477 288 conscendere
1500 262 1653 297 regnum.

264 321 330 359 Qui
365 318 442 353 dum
476 329 538 362 per
572 318 752 352 innumera
783 321 1031 352 tormentorum
1058 318 1232 362 supplicia
1256 319 1433 353 crudelius
1459 321 1656 356 vexaretur,

262 385 477 429 tyrannicam
504 383 636 418 rabiem
664 383 744 418 lidei
780 384 978 417 constantia
1002 382 1194 427 superabat
1225 394 1287 418 nee
1313 387 1426 428 potuit
1450 388 1656 429 persecuto-

262 463 334 485 rum
360 451 468 485 illatis
497 450 622 485 cedere
648 450 771 491 minis,
805 447 944 494 quando
980 460 1044 494 pro
1071 459 1108 483 se
1134 453 1290 483 certante
1319 451 1394 493 ipse
1423 454 1523 484 actor
1546 452 1656 484 victo-

262 519 336 552 riae
361 516 521 551 Christus
549 516 708 550 dominus
733 515 932 549 dimicabat.
981 515 1128 551 Ducitur
1154 518 1291 551 interea
1307 516 1351 551 ad
1364 515 1527 560 templum
1543 515 1656 560 ydolis

261 583 464 628 praelibare
482 582 655 627 profanis,
683 592 828 627 quorum
853 585 1016 625 portenta
1037 581 1154 617 divine
1175 583 1281 616 fultus
1302 582 1481 628 praesidio
1502 592 1593 622 movi,
1622 585 1658 615 ut

261 651 444 695 ingressus
470 653 535 690 est,
562 647 702 692 redegit
726 649 760 681 in
786 648 974 691 pulverem.
1023 648 1075 683 Oh
1102 647 1170 682 hoe
1194 648 1347 693 liquidas
1369 649 1475 682 maris
1493 648 1526 681 in
1545 647 1657 681 undas

261 715 402 760 longius
436 724 456 747 a
489 718 584 748 terra
618 714 797 757 prejectus
833 714 984 758 angelici
1023 716 1173 749 muneris
1209 715 1377 748 famulatu
1417 713 1533 748 solida
1568 714 1657 747 inter

260 782 384 815 fluctus
411 780 563 824 vestigia
590 777 822 823 praefigebat.
873 778 900 813 Ο
938 779 1021 813 selix
1057 785 1091 814 et
1126 780 1265 814 inclitus
1292 780 1422 814 domini
1447 780 1655 825 proeliator,

260 848 320 892 qui
354 845 470 880 mundi
511 854 707 891 aggressus
749 845 942 889 principem
983 846 1192 880 innumeram
1237 846 1358 891 populi
1403 845 1655 880 multitudinem

259 915 354 947 vitae
379 912 529 946 sociavit
553 914 730 945 aeternae.
781 909 808 944 Ο
843 921 1006 956 magnum
1041 921 1081 946 ac
1107 911 1287 945 ineffabile
1312 915 1585 951 sacramentnm,
1620 915 1657 944 ut

260 980 302 1014 de
335 979 472 1012 illerum
511 977 628 1022 potius
661 976 775 1010 salute
800 976 951 1010 laetetur
984 977 1154 1019 ecclesia,
1193 988 1280 1022 quos
1306 979 1485 1022 punivisse
1511 977 1656 1012 mundus

259 1046 422 1081 exsultat.
473 1043 500 1076 t)
542 1042 648 1076 beata
685 1047 796 1076 mater
838 1047 997 1076 natorum
1037 1054 1176 1077 suornm
1226 1044 1426 1089 glorificata
1459 1044 1655 1081 tormentis,

259 1121 347 1159 qnos
375 1122 442 1144 non
469 1109 630 1154 planctu,
658 1119 725 1141 non
752 1110 883 1153 gemitu
910 1110 954 1143 ad
982 1109 1117 1143 inl'erna
1143 1109 1296 1151 deducit7
1329 1109 1390 1144 sed
1415 1110 1460 1143 ad
1486 1109 1655 1144 coelestia

257 1183 403 1213 aeterna
433 1176 625 1221 migrantes
668 1178 841 1218 perpetua
869 1174 973 1208 laude
1007 1177 1244 1221 prosequitur.
1295 1175 1322 1210 Ο
1355 1176 1457 1210 testis
1490 1175 1653 1220 fragran-

256 1246 413 1285 tissimo,
439 1243 553 1276 nitore
580 1240 728 1274 coelesti
749 1239 906 1285 fulgide,
935 1242 1034 1285 cujus
1061 1241 1329 1275 inaestimabilis
1355 1241 1444 1276 odor
1472 1240 1653 1275 Sabaeicis

258 1309 457 1356 praepollet
481 1306 708 1341 aromatibus.
759 1306 866 1346 Quem
901 1305 1109 1340 Ambrosius
1150 1309 1332 1352 reperiens
1369 1318 1554 1352 perennem
1590 1317 1651 1351 pa-

256 1384 392 1412 tronum
417 1374 514 1409 dedit
539 1378 573 1409 et
601 1373 791 1415 medicum,
819 1372 898 1407 fidei
924 1378 1237 1419 propugnatorem,
1264 1374 1358 1408 sacri
1385 1373 1512 1419 proelii
1539 1373 1650 1407 hella-

257 1452 386 1479 torem:
737 1439 739 1443 ’

474 1507 530 1542 Τιι
565 1505 691 1540 (ludum
727 1506 833 1540 multo
865 1506 1060 1540 latitantem
1087 1507 1230 1551 pulvere
1257 1506 1436 1552 dragmam

473 1563 611 1598 lnvenis
639 1572 787 1596 accensa
813 1562 909 1596 verbi
936 1563 1062 1596 virtute
1088 1572 1253 1607 superna,

471 1619 515 1654 Ut
543 1623 686 1664 pateant
711 1619 844 1652 cunctis
872 1623 944 1659 tna,
976 1618 1128 1661 Christe,
1158 1629 1300 1653 munera
1326 1618 1432 1659 sedis,

471 1676 662 1721 Angelicos
688 1679 832 1710 cernant
857 1674 1076 1720 humanaque
1102 1675 1231 1709 lumina
1257 1674 1383 1711 vultus.

257 1743 347 1777 llaec
370 1743 587 1777 Ambrosius.

719 2059 1000 2145 cirqun.
1050 2082 1182 2146 (98.)

262 2181 281 2209 (ί
530 2186 629 2228 De
661 2184 882 2228 Sancto
922 2180 1140 2227 Felice
1177 2193 1355 2238 papa.

343 2289 550 2327 Fotistoco
587 2292 719 2326 Libet-ii
756 2293 788 2325 in
821 2302 946 2336 papam
973 2291 1117 2337 eligitur
1151 2295 1183 2325 et
1209 2290 1411 2326 ordinatur:
1447 2302 1521 2326 cuin
1557 2293 1643 2326 enim

253 2358 418 2393 Liberius
445 2368 539 2403 papa
563 2357 673 2393 nollet
699 2358 852 2392 Arianae
878 2356 1017 2405 haeresi
1043 2358 1239 2399 assentire,
1279 2358 1405 2392 missus
1439 2362 1493 2393 est
1525 2360 1557 2392 in
1583 2369 1642 2393 ex-

252 2425 365 2459 silinm
401 2435 422 2458 a
448 2425 653 2458 Constantio
691 2423 761 2457 lilio
796 2424 1014 2457 Constantini
1050 2427 1083 2457 et
1119 2423 1164 2456 ibi
1191 2434 1253 2467 per
1278 2425 1462 2458 triennium
1490 2426 1642 2457 nn>ratus

253 2495 316 2526 est.
367 2491 589 2535 Quapropter
616 2492 798 2524 universus
823 2490 938 2524 clerus
965 2488 1138 2524 Romanus
1164 2478 1241 2524 loco
1269 2491 1345 2535 ejus
1371 2488 1516 2524 Felicem
1544 2487 1639 2521 ordi-

253 2561 422 2590 naverunt
459 2557 536 2600 ipso
572 2555 715 2590 Liberio
750 2556 888 2590 volente
924 2560 957 2589 et
990 2557 1240 2590 consentiente.
1291 2556 1354 2595 Qui
1381 2553 1516 2599 quidem
1544 2552 1639 2587 Felix

254 2622 400 2654 roricilio
433 2627 625 2656 convocato
660 2631 775 2656 coram
807 2621 947 2656 XLVlll
976 2623 1155 2666 episeopis
1181 2621 1417 2655 Constantium
1451 2620 1638 2662 imperato—

254 2697 321 2720 rem
349 2687 511 2720 Arianum
540 2687 750 2721 haereticum
778 2692 812 2721 et
837 2687 924 2722 duos
952 2688 1169 2732 presbiteros
1197 2686 1265 2721 sibi
1294 2687 1450 2720 faventes
1476 2685 1636 2720 condem-
