<?xml version="1.0" encoding="UTF-8"?>
<!DOCTYPE html PUBLIC "-//W3C//DTD XHTML 1.0 Transitional//EN"
    "http://www.w3.org/TR/xhtml1/DTD/xhtml1-transitional.dtd">
<html xmlns="http://www.w3.org/1999/xhtml" xml:lang="en" lang="en">
 <head>
  <title>
</title>
<meta http-equiv="Content-Type" content="text/html;charset=utf-8" />
  <meta name='ocr-system' content='tesseract 3.04.00' />
  <meta name='ocr-capabilities' content='ocr_page ocr_carea ocr_par ocr_line ocrx_word'/>
</head>
<body>
  <div class='ocr_page' id='page_1' title='image "./legendaaureavulg00jacouoft_0968.png"; bbox 0 0 1742 3005; ppageno 0'>
   <div class='ocr_carea' id='block_1_1' title="bbox 277 72 1385 144">
    <p class='ocr_par' dir='ltr' id='par_1_1' title="bbox 277 72 1385 144">
     <span class='ocr_line' id='line_1_1' title="bbox 277 72 1385 144; baseline -0.004 -4"><span class='ocrx_word' id='word_1_1' title='bbox 277 100 360 141; x_wconf 76' lang='lat'>926</span> <span class='ocrx_word' id='word_1_2' title='bbox 557 97 652 144; x_wconf 88' lang='lat' dir='ltr'>Cap.</span> <span class='ocrx_word' id='word_1_3' title='bbox 684 94 857 132; x_wconf 85' lang='lat' dir='ltr'><strong>CCXVI.</strong></span> <span class='ocrx_word' id='word_1_4' title='bbox 915 94 975 132; x_wconf 88' lang='lat' dir='ltr'>De</span> <span class='ocrx_word' id='word_1_5' title='bbox 1013 72 1148 132; x_wconf 22' lang='lat' dir='ltr'>sancta·</span> <span class='ocrx_word' id='word_1_6' title='bbox 1174 97 1385 136; x_wconf 77' lang='lat' dir='ltr'>Genovesa.</span> 
     </span>
    </p>
   </div>
   <div class='ocr_carea' id='block_1_2' title="bbox 268 198 1667 2350">
    <p class='ocr_par' dir='ltr' id='par_1_2' title="bbox 268 198 1667 2350">
     <span class='ocr_line' id='line_1_2' title="bbox 278 198 1664 239; baseline -0.002 -6"><span class='ocrx_word' id='word_1_7' title='bbox 278 206 328 239; x_wconf 82' lang='lat' dir='ltr'>qui</span> <span class='ocrx_word' id='word_1_8' title='bbox 348 209 417 231; x_wconf 84' lang='lat' dir='ltr'>tunc</span> <span class='ocrx_word' id='word_1_9' title='bbox 435 204 586 236; x_wconf 82' lang='lat' dir='ltr'>praeerat,</span> <span class='ocrx_word' id='word_1_10' title='bbox 614 200 735 226; x_wconf 97' lang='lat' dir='ltr'>dentem</span> <span class='ocrx_word' id='word_1_11' title='bbox 754 209 771 226; x_wconf 81' lang='lat' dir='ltr'>a</span> <span class='ocrx_word' id='word_1_12' title='bbox 789 207 915 234; x_wconf 85' lang='lat' dir='ltr'>corpore</span> <span class='ocrx_word' id='word_1_13' title='bbox 941 198 1066 231; x_wconf 81' lang='lat' dir='ltr'>virginis</span> <span class='ocrx_word' id='word_1_14' title='bbox 1085 200 1188 235; x_wconf 89' lang='lat' dir='ltr'>paucis</span> <span class='ocrx_word' id='word_1_15' title='bbox 1208 201 1336 228; x_wconf 86' lang='lat' dir='ltr'>consciis</span> <span class='ocrx_word' id='word_1_16' title='bbox 1356 203 1513 230; x_wconf 73' lang='lat' dir='ltr'><strong>extrahens</strong></span> <span class='ocrx_word' id='word_1_17' title='bbox 1533 202 1614 238; x_wconf 83' lang='lat' dir='ltr'>apud</span> <span class='ocrx_word' id='word_1_18' title='bbox 1634 212 1664 229; x_wconf 77' lang='lat' dir='ltr'>se</span> 
     </span>
     <span class='ocr_line' id='line_1_3' title="bbox 279 244 1664 282; baseline -0.001 -6"><span class='ocrx_word' id='word_1_19' title='bbox 279 250 317 276; x_wconf 78' lang='lat' dir='ltr'>ad</span> <span class='ocrx_word' id='word_1_20' title='bbox 336 247 382 275; x_wconf 84' lang='lat' dir='ltr'>sui</span> <span class='ocrx_word' id='word_1_21' title='bbox 401 246 558 273; x_wconf 85' lang='lat' dir='ltr'>tuitionem</span> <span class='ocrx_word' id='word_1_22' title='bbox 577 253 697 271; x_wconf 83' lang='lat' dir='ltr'>servare</span> <span class='ocrx_word' id='word_1_23' title='bbox 716 244 826 277; x_wconf 76' lang='lat' dir='ltr'>vellet,</span> <span class='ocrx_word' id='word_1_24' title='bbox 854 244 996 271; x_wconf 85' lang='lat' dir='ltr'>contiuuo</span> <span class='ocrx_word' id='word_1_25' title='bbox 1023 253 1138 271; x_wconf 82' lang='lat' dir='ltr'>summa</span> <span class='ocrx_word' id='word_1_26' title='bbox 1163 245 1350 277; x_wconf 76' lang='lat' dir='ltr'>aegritudine</span> <span class='ocrx_word' id='word_1_27' title='bbox 1369 252 1524 282; x_wconf 86' lang='lat' dir='ltr'>correptus</span> <span class='ocrx_word' id='word_1_28' title='bbox 1544 248 1664 275; x_wconf 78' lang='lat' dir='ltr'>dentem</span> 
     </span>
     <span class='ocr_line' id='line_1_4' title="bbox 277 289 1664 324; baseline 0.001 -5"><span class='ocrx_word' id='word_1_29' title='bbox 277 295 362 319; x_wconf 83' lang='lat' dir='ltr'>theca</span> <span class='ocrx_word' id='word_1_30' title='bbox 381 290 545 318; x_wconf 82' lang='lat' dir='ltr'>cristallina</span> <span class='ocrx_word' id='word_1_31' title='bbox 572 289 737 322; x_wconf 83' lang='lat' dir='ltr'>inclusum,</span> <span class='ocrx_word' id='word_1_32' title='bbox 769 299 858 323; x_wconf 78' lang='lat' dir='ltr'>quain</span> <span class='ocrx_word' id='word_1_33' title='bbox 885 289 946 316; x_wconf 80' lang='lat' dir='ltr'>cito</span> <span class='ocrx_word' id='word_1_34' title='bbox 970 289 1086 324; x_wconf 85' lang='lat' dir='ltr'>potuit,</span> <span class='ocrx_word' id='word_1_35' title='bbox 1113 290 1272 316; x_wconf 74' lang='lat' dir='ltr'>restituere</span> <span class='ocrx_word' id='word_1_36' title='bbox 1296 290 1420 319; x_wconf 80' lang='lat' dir='ltr'>curavit.</span> <span class='ocrx_word' id='word_1_37' title='bbox 1455 292 1566 320; x_wconf 65' lang='lat' dir='ltr'>Audita</span> <span class='ocrx_word' id='word_1_38' title='bbox 1591 302 1664 320; x_wconf 67' lang='lat' dir='ltr'>vero</span> 
     </span>
     <span class='ocr_line' id='line_1_5' title="bbox 276 333 1663 369; baseline 0.001 -5"><span class='ocrx_word' id='word_1_39' title='bbox 276 338 352 364; x_wconf 86' lang='lat' dir='ltr'>inter</span> <span class='ocrx_word' id='word_1_40' title='bbox 377 336 504 363; x_wconf 81' lang='lat' dir='ltr'>Parisios</span> <span class='ocrx_word' id='word_1_41' title='bbox 530 339 558 361; x_wconf 90' lang='lat' dir='ltr'>et</span> <span class='ocrx_word' id='word_1_42' title='bbox 582 338 766 362; x_wconf 88' lang='lat' dir='ltr'>Normannos</span> <span class='ocrx_word' id='word_1_43' title='bbox 790 333 951 361; x_wconf 79' lang='lat' dir='ltr'>concordia</span> <span class='ocrx_word' id='word_1_44' title='bbox 974 342 1083 369; x_wconf 85' lang='lat' dir='ltr'>corpus</span> <span class='ocrx_word' id='word_1_45' title='bbox 1100 334 1226 367; x_wconf 75' lang='lat' dir='ltr'>virginis</span> <span class='ocrx_word' id='word_1_46' title='bbox 1245 335 1284 361; x_wconf 89' lang='lat' dir='ltr'>ad</span> <span class='ocrx_word' id='word_1_47' title='bbox 1302 335 1460 363; x_wconf 81' lang='lat' dir='ltr'>ecclesiam</span> <span class='ocrx_word' id='word_1_48' title='bbox 1479 345 1563 364; x_wconf 87' lang='lat' dir='ltr'>suam</span> <span class='ocrx_word' id='word_1_49' title='bbox 1580 338 1663 365; x_wconf 76' lang='lat' dir='ltr'>dese-</span> 
     </span>
     <span class='ocr_line' id='line_1_6' title="bbox 275 378 1665 414; baseline 0 -5"><span class='ocrx_word' id='word_1_50' title='bbox 275 387 374 409; x_wconf 83' lang='lat' dir='ltr'>rentes</span> <span class='ocrx_word' id='word_1_51' title='bbox 393 389 454 408; x_wconf 86' lang='lat' dir='ltr'>non</span> <span class='ocrx_word' id='word_1_52' title='bbox 472 388 508 407; x_wconf 89' lang='lat' dir='ltr'>eo</span> <span class='ocrx_word' id='word_1_53' title='bbox 527 379 611 413; x_wconf 84' lang='lat' dir='ltr'>loco,</span> <span class='ocrx_word' id='word_1_54' title='bbox 638 380 718 407; x_wconf 85' lang='lat' dir='ltr'>unde</span> <span class='ocrx_word' id='word_1_55' title='bbox 745 379 853 407; x_wconf 87' lang='lat' dir='ltr'>educta</span> <span class='ocrx_word' id='word_1_56' title='bbox 870 378 968 405; x_wconf 75' lang='lat' dir='ltr'>fuerat</span> <span class='ocrx_word' id='word_1_57' title='bbox 986 378 1017 405; x_wconf 93' lang='lat' dir='ltr'>in</span> <span class='ocrx_word' id='word_1_58' title='bbox 1036 383 1155 414; x_wconf 84' lang='lat' dir='ltr'>crypta,</span> <span class='ocrx_word' id='word_1_59' title='bbox 1180 379 1235 406; x_wconf 84' lang='lat' dir='ltr'>sed</span> <span class='ocrx_word' id='word_1_60' title='bbox 1253 388 1344 414; x_wconf 85' lang='lat' dir='ltr'>super</span> <span class='ocrx_word' id='word_1_61' title='bbox 1362 381 1456 414; x_wconf 86' lang='lat' dir='ltr'>majus</span> <span class='ocrx_word' id='word_1_62' title='bbox 1476 381 1587 414; x_wconf 76' lang='lat' dir='ltr'>altare,</span> <span class='ocrx_word' id='word_1_63' title='bbox 1612 382 1665 409; x_wconf 88' lang='lat' dir='ltr'>ubi</span> 
     </span>
     <span class='ocr_line' id='line_1_7' title="bbox 274 424 1665 459; baseline 0 -6"><span class='ocrx_word' id='word_1_64' title='bbox 274 436 353 453; x_wconf 84' lang='lat' dir='ltr'>nuuc</span> <span class='ocrx_word' id='word_1_65' title='bbox 372 425 518 458; x_wconf 84' lang='lat' dir='ltr'>cernitur,</span> <span class='ocrx_word' id='word_1_66' title='bbox 542 425 649 452; x_wconf 77' lang='lat' dir='ltr'>fratres</span> <span class='ocrx_word' id='word_1_67' title='bbox 668 425 832 453; x_wconf 82' lang='lat' dir='ltr'>honorifice</span> <span class='ocrx_word' id='word_1_68' title='bbox 852 424 1087 451; x_wconf 73' lang='lat' dir='ltr'>collocaverunt.</span> <span class='ocrx_word' id='word_1_69' title='bbox 1124 427 1236 459; x_wconf 86' lang='lat' dir='ltr'>Corpus</span> <span class='ocrx_word' id='word_1_70' title='bbox 1263 429 1363 452; x_wconf 85' lang='lat' dir='ltr'>autem</span> <span class='ocrx_word' id='word_1_71' title='bbox 1381 425 1507 458; x_wconf 82' lang='lat' dir='ltr'>virginis</span> <span class='ocrx_word' id='word_1_72' title='bbox 1526 436 1593 453; x_wconf 88' lang='lat' dir='ltr'>cum</span> <span class='ocrx_word' id='word_1_73' title='bbox 1611 435 1665 454; x_wconf 88' lang='lat' dir='ltr'>suo</span> 
     </span>
     <span class='ocr_line' id='line_1_8' title="bbox 276 468 1665 506; baseline 0 -8"><span class='ocrx_word' id='word_1_74' title='bbox 276 471 374 506; x_wconf 81' lang='lat' dir='ltr'>capite</span> <span class='ocrx_word' id='word_1_75' title='bbox 392 471 540 502; x_wconf 81' lang='lat' dir='ltr'>integrum</span> <span class='ocrx_word' id='word_1_76' title='bbox 559 469 589 496; x_wconf 90' lang='lat' dir='ltr'>in</span> <span class='ocrx_word' id='word_1_77' title='bbox 608 479 699 505; x_wconf 83' lang='lat' dir='ltr'>capsa</span> <span class='ocrx_word' id='word_1_78' title='bbox 717 470 881 497; x_wconf 77' lang='lat' dir='ltr'>consistere</span> <span class='ocrx_word' id='word_1_79' title='bbox 899 468 1110 504; x_wconf 81' lang='lat' dir='ltr'>praesentibus</span> <span class='ocrx_word' id='word_1_80' title='bbox 1128 468 1280 496; x_wconf 83' lang='lat' dir='ltr'>nonnullis</span> <span class='ocrx_word' id='word_1_81' title='bbox 1307 470 1394 503; x_wconf 77' lang='lat' dir='ltr'>hujus</span> <span class='ocrx_word' id='word_1_82' title='bbox 1412 470 1496 502; x_wconf 73' lang='lat' dir='ltr'>regui</span> <span class='ocrx_word' id='word_1_83' title='bbox 1514 471 1665 506; x_wconf 88' lang='lat' dir='ltr'>episcopis</span> 
     </span>
     <span class='ocr_line' id='line_1_9' title="bbox 275 514 1666 552; baseline 0 -9"><span class='ocrx_word' id='word_1_84' title='bbox 275 516 469 552; x_wconf 86' lang='lat' dir='ltr'>postmodum</span> <span class='ocrx_word' id='word_1_85' title='bbox 488 514 645 542; x_wconf 79' lang='lat' dir='ltr'>inventum</span> <span class='ocrx_word' id='word_1_86' title='bbox 664 519 710 542; x_wconf 89' lang='lat' dir='ltr'>est</span> <span class='ocrx_word' id='word_1_87' title='bbox 728 520 818 548; x_wconf 86' lang='lat' dir='ltr'>atque</span> <span class='ocrx_word' id='word_1_88' title='bbox 837 514 1076 549; x_wconf 80' lang='lat' dir='ltr'>comprobatum.</span> <span class='ocrx_word' id='word_1_89' title='bbox 1112 517 1262 548; x_wconf 82' lang='lat' dir='ltr'>Tempore</span> <span class='ocrx_word' id='word_1_90' title='bbox 1279 514 1427 542; x_wconf 82' lang='lat' dir='ltr'>Ludovici</span> <span class='ocrx_word' id='word_1_91' title='bbox 1444 515 1521 548; x_wconf 79' lang='lat' dir='ltr'>regis</span> <span class='ocrx_word' id='word_1_92' title='bbox 1539 520 1666 543; x_wconf 76' lang='lat' dir='ltr'>Franco-</span> 
     </span>
     <span class='ocr_line' id='line_1_10' title="bbox 274 558 1665 591; baseline 0 -4"><span class='ocrx_word' id='word_1_93' title='bbox 274 572 339 588; x_wconf 80' lang='lat' dir='ltr'>ruin</span> <span class='ocrx_word' id='word_1_94' title='bbox 357 559 554 587; x_wconf 79' lang='lat' dir='ltr'>illustrissimi</span> <span class='ocrx_word' id='word_1_95' title='bbox 573 560 677 587; x_wconf 77' lang='lat' dir='ltr'>divina</span> <span class='ocrx_word' id='word_1_96' title='bbox 696 560 810 587; x_wconf 90' lang='lat' dir='ltr'>ultione</span> <span class='ocrx_word' id='word_1_97' title='bbox 829 560 979 591; x_wconf 84' lang='lat' dir='ltr'>membra,</span> <span class='ocrx_word' id='word_1_98' title='bbox 1005 568 1080 591; x_wconf 84' lang='lat' dir='ltr'>quae</span> <span class='ocrx_word' id='word_1_99' title='bbox 1099 558 1201 586; x_wconf 85' lang='lat' dir='ltr'>miseri</span> <span class='ocrx_word' id='word_1_100' title='bbox 1219 559 1356 586; x_wconf 87' lang='lat' dir='ltr'>homines</span> <span class='ocrx_word' id='word_1_101' title='bbox 1383 559 1580 587; x_wconf 76' lang='lat' dir='ltr'>exhibuerant</span> <span class='ocrx_word' id='word_1_102' title='bbox 1603 570 1665 588; x_wconf 83' lang='lat' dir='ltr'>ser-</span> 
     </span>
     <span class='ocr_line' id='line_1_11' title="bbox 273 603 1667 640; baseline 0 -8"><span class='ocrx_word' id='word_1_103' title='bbox 273 606 338 633; x_wconf 58' lang='lat' dir='ltr'>vire</span> <span class='ocrx_word' id='word_1_104' title='bbox 358 604 521 639; x_wconf 81' lang='lat' dir='ltr'>injustitiae</span> <span class='ocrx_word' id='word_1_105' title='bbox 541 609 569 631; x_wconf 90' lang='lat' dir='ltr'>et</span> <span class='ocrx_word' id='word_1_106' title='bbox 589 604 741 638; x_wconf 83' lang='lat' dir='ltr'>iniquitati</span> <span class='ocrx_word' id='word_1_107' title='bbox 760 604 799 631; x_wconf 86' lang='lat' dir='ltr'>ad</span> <span class='ocrx_word' id='word_1_108' title='bbox 817 603 1017 638; x_wconf 81' lang='lat' dir='ltr'>iniquitatem,</span> <span class='ocrx_word' id='word_1_109' title='bbox 1037 603 1137 638; x_wconf 85' lang='lat' dir='ltr'>coepit</span> <span class='ocrx_word' id='word_1_110' title='bbox 1156 605 1280 632; x_wconf 81' lang='lat' dir='ltr'>morbus</span> <span class='ocrx_word' id='word_1_111' title='bbox 1299 604 1419 637; x_wconf 80' lang='lat' dir='ltr'>ignens,</span> <span class='ocrx_word' id='word_1_112' title='bbox 1444 615 1532 638; x_wconf 88' lang='lat' dir='ltr'>quem</span> <span class='ocrx_word' id='word_1_113' title='bbox 1550 605 1667 640; x_wconf 85' lang='lat' dir='ltr'>physici</span> 
     </span>
     <span class='ocr_line' id='line_1_12' title="bbox 275 648 1666 684; baseline 0.001 -8"><span class='ocrx_word' id='word_1_114' title='bbox 275 660 391 678; x_wconf 85' lang='lat' dir='ltr'>sacrum</span> <span class='ocrx_word' id='word_1_115' title='bbox 409 650 508 682; x_wconf 80' lang='lat' dir='ltr'>ignem</span> <span class='ocrx_word' id='word_1_116' title='bbox 528 649 692 684; x_wconf 78' lang='lat' dir='ltr'>appellant,</span> <span class='ocrx_word' id='word_1_117' title='bbox 712 658 897 678; x_wconf 80' lang='lat' dir='ltr'>consumere.</span> <span class='ocrx_word' id='word_1_118' title='bbox 931 649 1095 676; x_wconf 73' lang='lat' dir='ltr'>lunum-nm</span> <span class='ocrx_word' id='word_1_119' title='bbox 1113 648 1202 681; x_wconf 72' lang='lat' dir='ltr'>igitur</span> <span class='ocrx_word' id='word_1_120' title='bbox 1221 654 1393 676; x_wconf 86' lang='lat' dir='ltr'>sanctorum</span> <span class='ocrx_word' id='word_1_121' title='bbox 1412 651 1541 682; x_wconf 78' lang='lat' dir='ltr'>aegrotis</span> <span class='ocrx_word' id='word_1_122' title='bbox 1560 649 1666 678; x_wconf 78' lang='lat' dir='ltr'>suffra-</span> 
     </span>
     <span class='ocr_line' id='line_1_13' title="bbox 273 693 1666 729; baseline 0.001 -7"><span class='ocrx_word' id='word_1_123' title='bbox 273 695 321 728; x_wconf 69' lang='lat' dir='ltr'>gia</span> <span class='ocrx_word' id='word_1_124' title='bbox 347 694 584 729; x_wconf 83' lang='lat' dir='ltr'>deposcentibus</span> <span class='ocrx_word' id='word_1_125' title='bbox 608 704 662 721; x_wconf 83' lang='lat' dir='ltr'>nec</span> <span class='ocrx_word' id='word_1_126' title='bbox 686 693 920 729; x_wconf 75' lang='lat' dir='ltr'>impetrantibus</span> <span class='ocrx_word' id='word_1_127' title='bbox 946 693 1120 720; x_wconf 89' lang='lat' dir='ltr'>recordatus</span> <span class='ocrx_word' id='word_1_128' title='bbox 1148 698 1193 720; x_wconf 83' lang='lat' dir='ltr'>est</span> <span class='ocrx_word' id='word_1_129' title='bbox 1218 693 1463 726; x_wconf 78' lang='lat' dir='ltr'>religiosissimus</span> <span class='ocrx_word' id='word_1_130' title='bbox 1487 695 1666 723; x_wconf 79' lang='lat' dir='ltr'>Parisiorum</span> 
     </span>
     <span class='ocr_line' id='line_1_14' title="bbox 273 736 1666 773; baseline 0.001 -7"><span class='ocrx_word' id='word_1_131' title='bbox 273 740 399 766; x_wconf 87' lang='lat' dir='ltr'>antistes</span> <span class='ocrx_word' id='word_1_132' title='bbox 424 739 610 773; x_wconf 77' lang='lat' dir='ltr'>Stephanus,</span> <span class='ocrx_word' id='word_1_133' title='bbox 637 739 766 771; x_wconf 85' lang='lat' dir='ltr'>qualiter</span> <span class='ocrx_word' id='word_1_134' title='bbox 789 739 879 765; x_wconf 79' lang='lat' dir='ltr'>beata</span> <span class='ocrx_word' id='word_1_135' title='bbox 904 737 989 769; x_wconf 78' lang='lat' dir='ltr'>virgo</span> <span class='ocrx_word' id='word_1_136' title='bbox 1017 736 1173 764; x_wconf 70' lang='lat' dir='ltr'>Genovesa</span> <span class='ocrx_word' id='word_1_137' title='bbox 1197 738 1365 772; x_wconf 76' lang='lat' dir='ltr'>praefatam</span> <span class='ocrx_word' id='word_1_138' title='bbox 1389 740 1495 766; x_wconf 86' lang='lat' dir='ltr'>urbem</span> <span class='ocrx_word' id='word_1_139' title='bbox 1522 750 1537 766; x_wconf 87' lang='lat' dir='ltr'>a</span> <span class='ocrx_word' id='word_1_140' title='bbox 1563 741 1666 769; x_wconf 85' lang='lat' dir='ltr'>multis</span> 
     </span>
     <span class='ocr_line' id='line_1_15' title="bbox 273 782 1664 819; baseline 0.001 -8"><span class='ocrx_word' id='word_1_141' title='bbox 273 785 346 812; x_wconf 89' lang='lat' dir='ltr'>olim</span> <span class='ocrx_word' id='word_1_142' title='bbox 372 783 515 819; x_wconf 83' lang='lat' dir='ltr'>periculis</span> <span class='ocrx_word' id='word_1_143' title='bbox 543 784 685 811; x_wconf 84' lang='lat' dir='ltr'>liberavit</span> <span class='ocrx_word' id='word_1_144' title='bbox 711 793 745 810; x_wconf 86' lang='lat' dir='ltr'>ac</span> <span class='ocrx_word' id='word_1_145' title='bbox 772 782 881 809; x_wconf 80' lang='lat' dir='ltr'>exinde</span> <span class='ocrx_word' id='word_1_146' title='bbox 901 782 1062 809; x_wconf 78' lang='lat' dir='ltr'>sollemnes</span> <span class='ocrx_word' id='word_1_147' title='bbox 1082 783 1307 816; x_wconf 82' lang='lat' dir='ltr'>processiones,</span> <span class='ocrx_word' id='word_1_148' title='bbox 1334 783 1365 809; x_wconf 92' lang='lat' dir='ltr'>in</span> <span class='ocrx_word' id='word_1_149' title='bbox 1391 783 1500 816; x_wconf 86' lang='lat' dir='ltr'>quibus</span> <span class='ocrx_word' id='word_1_150' title='bbox 1527 786 1664 813; x_wconf 86' lang='lat' dir='ltr'>consulto</span> 
     </span>
     <span class='ocr_line' id='line_1_16' title="bbox 274 827 1664 863; baseline 0.001 -7"><span class='ocrx_word' id='word_1_151' title='bbox 274 830 384 856; x_wconf 81' lang='lat' dir='ltr'>abbate</span> <span class='ocrx_word' id='word_1_152' title='bbox 409 834 499 862; x_wconf 86' lang='lat' dir='ltr'>atque</span> <span class='ocrx_word' id='word_1_153' title='bbox 523 833 674 856; x_wconf 74' lang='lat' dir='ltr'>conventu</span> <span class='ocrx_word' id='word_1_154' title='bbox 697 828 832 863; x_wconf 83' lang='lat' dir='ltr'>praefata</span> <span class='ocrx_word' id='word_1_155' title='bbox 856 827 941 860; x_wconf 77' lang='lat' dir='ltr'>virgo</span> <span class='ocrx_word' id='word_1_156' title='bbox 969 827 1008 853; x_wconf 89' lang='lat' dir='ltr'>ad</span> <span class='ocrx_word' id='word_1_157' title='bbox 1034 827 1191 854; x_wconf 82' lang='lat' dir='ltr'>ecclesiam</span> <span class='ocrx_word' id='word_1_158' title='bbox 1212 827 1319 854; x_wconf 84' lang='lat' dir='ltr'>beatae</span> <span class='ocrx_word' id='word_1_159' title='bbox 1336 827 1462 859; x_wconf 75' lang='lat' dir='ltr'>virginis</span> <span class='ocrx_word' id='word_1_160' title='bbox 1483 830 1593 857; x_wconf 86' lang='lat' dir='ltr'>Mariae</span> <span class='ocrx_word' id='word_1_161' title='bbox 1612 831 1664 857; x_wconf 77' lang='lat' dir='ltr'>de-</span> 
     </span>
     <span class='ocr_line' id='line_1_17' title="bbox 272 871 1665 910; baseline 0.001 -10"><span class='ocrx_word' id='word_1_162' title='bbox 272 879 458 910; x_wconf 83' lang='lat' dir='ltr'>portaretur,</span> <span class='ocrx_word' id='word_1_163' title='bbox 484 873 623 902; x_wconf 81' lang='lat' dir='ltr'>institnit.</span> <span class='ocrx_word' id='word_1_164' title='bbox 661 874 805 901; x_wconf 87' lang='lat' dir='ltr'>Ordinata</span> <span class='ocrx_word' id='word_1_165' title='bbox 831 873 933 906; x_wconf 86' lang='lat' dir='ltr'>itaque</span> <span class='ocrx_word' id='word_1_166' title='bbox 962 871 1127 899; x_wconf 85' lang='lat' dir='ltr'>secundum</span> <span class='ocrx_word' id='word_1_167' title='bbox 1146 880 1259 899; x_wconf 88' lang='lat' dir='ltr'>morem</span> <span class='ocrx_word' id='word_1_168' title='bbox 1279 873 1455 899; x_wconf 77' lang='lat' dir='ltr'>canonicum</span> <span class='ocrx_word' id='word_1_169' title='bbox 1474 875 1665 907; x_wconf 71' lang='lat' dir='ltr'>processione</span> 
     </span>
     <span class='ocr_line' id='line_1_18' title="bbox 273 917 1665 952; baseline 0.001 -5"><span class='ocrx_word' id='word_1_170' title='bbox 273 920 519 952; x_wconf 74' lang='lat' dir='ltr'>ingredienteque</span> <span class='ocrx_word' id='word_1_171' title='bbox 542 923 645 946; x_wconf 86' lang='lat' dir='ltr'>sancta</span> <span class='ocrx_word' id='word_1_172' title='bbox 658 918 775 951; x_wconf 71' lang='lat' dir='ltr'>virgine</span> <span class='ocrx_word' id='word_1_173' title='bbox 790 918 947 946; x_wconf 88' lang='lat' dir='ltr'>ecclesiam</span> <span class='ocrx_word' id='word_1_174' title='bbox 959 919 1067 945; x_wconf 85' lang='lat' dir='ltr'>beatae</span> <span class='ocrx_word' id='word_1_175' title='bbox 1084 917 1195 944; x_wconf 80' lang='lat' dir='ltr'>Mariae</span> <span class='ocrx_word' id='word_1_176' title='bbox 1215 917 1357 944; x_wconf 88' lang='lat' dir='ltr'>contiuuo</span> <span class='ocrx_word' id='word_1_177' title='bbox 1376 917 1416 944; x_wconf 85' lang='lat' dir='ltr'>ad</span> <span class='ocrx_word' id='word_1_178' title='bbox 1434 922 1546 946; x_wconf 89' lang='lat' dir='ltr'>tactum</span> <span class='ocrx_word' id='word_1_179' title='bbox 1563 919 1665 948; x_wconf 80' lang='lat' dir='ltr'>feretri</span> 
     </span>
     <span class='ocr_line' id='line_1_19' title="bbox 273 963 1666 998; baseline 0.001 -7"><span class='ocrx_word' id='word_1_180' title='bbox 273 974 377 992; x_wconf 81' lang='lat' dir='ltr'>onmes</span> <span class='ocrx_word' id='word_1_181' title='bbox 395 964 474 991; x_wconf 86' lang='lat' dir='ltr'>male</span> <span class='ocrx_word' id='word_1_182' title='bbox 492 965 638 991; x_wconf 75' lang='lat' dir='ltr'>habentes</span> <span class='ocrx_word' id='word_1_183' title='bbox 658 963 753 990; x_wconf 88' lang='lat' dir='ltr'>tribus</span> <span class='ocrx_word' id='word_1_184' title='bbox 773 963 908 998; x_wconf 80' lang='lat' dir='ltr'>exceptis</span> <span class='ocrx_word' id='word_1_185' title='bbox 927 967 996 990; x_wconf 86' lang='lat' dir='ltr'>sunt</span> <span class='ocrx_word' id='word_1_186' title='bbox 1015 963 1121 990; x_wconf 84' lang='lat' dir='ltr'>sanati.</span> <span class='ocrx_word' id='word_1_187' title='bbox 1159 965 1230 989; x_wconf 87' lang='lat' dir='ltr'>Cum</span> <span class='ocrx_word' id='word_1_188' title='bbox 1253 971 1326 989; x_wconf 83' lang='lat' dir='ltr'>vero</span> <span class='ocrx_word' id='word_1_189' title='bbox 1346 963 1484 996; x_wconf 80' lang='lat' dir='ltr'>sequenti</span> <span class='ocrx_word' id='word_1_190' title='bbox 1502 973 1579 992; x_wconf 88' lang='lat' dir='ltr'>anno</span> <span class='ocrx_word' id='word_1_191' title='bbox 1596 965 1666 993; x_wconf 75' lang='lat' dir='ltr'>seli-</span> 
     </span>
     <span class='ocr_line' id='line_1_20' title="bbox 273 1007 1666 1043; baseline 0.001 -6"><span class='ocrx_word' id='word_1_192' title='bbox 273 1010 315 1037; x_wconf 78' lang='lat' dir='ltr'>cis</span> <span class='ocrx_word' id='word_1_193' title='bbox 341 1009 559 1037; x_wconf 83' lang='lat' dir='ltr'>recordationis</span> <span class='ocrx_word' id='word_1_194' title='bbox 583 1007 774 1035; x_wconf 85' lang='lat' dir='ltr'>Innocentius</span> <span class='ocrx_word' id='word_1_195' title='bbox 794 1018 874 1043; x_wconf 87' lang='lat' dir='ltr'>papa</span> <span class='ocrx_word' id='word_1_196' title='bbox 894 1008 1008 1035; x_wconf 84' lang='lat' dir='ltr'>Gallias</span> <span class='ocrx_word' id='word_1_197' title='bbox 1028 1012 1240 1040; x_wconf 74' lang='lat' dir='ltr'>transmearet,</span> <span class='ocrx_word' id='word_1_198' title='bbox 1269 1007 1307 1034; x_wconf 87' lang='lat' dir='ltr'>de</span> <span class='ocrx_word' id='word_1_199' title='bbox 1325 1012 1410 1035; x_wconf 81' lang='lat' dir='ltr'>tanto</span> <span class='ocrx_word' id='word_1_200' title='bbox 1429 1007 1591 1038; x_wconf 82' lang='lat' dir='ltr'>instructus</span> <span class='ocrx_word' id='word_1_201' title='bbox 1610 1011 1666 1038; x_wconf 87' lang='lat' dir='ltr'>mi-</span> 
     </span>
     <span class='ocr_line' id='line_1_21' title="bbox 273 1052 1667 1087; baseline 0.001 -6"><span class='ocrx_word' id='word_1_202' title='bbox 273 1054 373 1082; x_wconf 81' lang='lat' dir='ltr'>raculo</span> <span class='ocrx_word' id='word_1_203' title='bbox 399 1054 507 1086; x_wconf 82' lang='lat' dir='ltr'>gratias</span> <span class='ocrx_word' id='word_1_204' title='bbox 533 1062 623 1085; x_wconf 76' lang='lat' dir='ltr'>agens</span> <span class='ocrx_word' id='word_1_205' title='bbox 647 1056 710 1080; x_wconf 83' lang='lat' dir='ltr'>Deo</span> <span class='ocrx_word' id='word_1_206' title='bbox 734 1063 768 1080; x_wconf 90' lang='lat' dir='ltr'>ac</span> <span class='ocrx_word' id='word_1_207' title='bbox 795 1058 915 1080; x_wconf 85' lang='lat' dir='ltr'>sauctae</span> <span class='ocrx_word' id='word_1_208' title='bbox 941 1053 1052 1085; x_wconf 64' lang='lat' dir='ltr'>virgini</span> <span class='ocrx_word' id='word_1_209' title='bbox 1077 1052 1162 1079; x_wconf 84' lang='lat' dir='ltr'>aunis</span> <span class='ocrx_word' id='word_1_210' title='bbox 1191 1052 1346 1087; x_wconf 81' lang='lat' dir='ltr'>perpetuis</span> <span class='ocrx_word' id='word_1_211' title='bbox 1365 1052 1505 1081; x_wconf 87' lang='lat' dir='ltr'>sollemni</span> <span class='ocrx_word' id='word_1_212' title='bbox 1523 1055 1667 1083; x_wconf 83' lang='lat' dir='ltr'>memoria</span> 
     </span>
     <span class='ocr_line' id='line_1_22' title="bbox 273 1097 1667 1134; baseline 0.001 -9"><span class='ocrx_word' id='word_1_213' title='bbox 273 1098 487 1125; x_wconf 61' lang='lat' dir='ltr'>celebrandum</span> <span class='ocrx_word' id='word_1_214' title='bbox 512 1098 689 1124; x_wconf 71' lang='lat' dir='ltr'>miraculum</span> <span class='ocrx_word' id='word_1_215' title='bbox 715 1097 908 1125; x_wconf 74' lang='lat' dir='ltr'>condonavit.</span> <span class='ocrx_word' id='word_1_216' title='bbox 944 1101 1056 1125; x_wconf 83' lang='lat' dir='ltr'>Verum</span> <span class='ocrx_word' id='word_1_217' title='bbox 1082 1107 1149 1124; x_wconf 90' lang='lat' dir='ltr'>cum</span> <span class='ocrx_word' id='word_1_218' title='bbox 1172 1107 1226 1132; x_wconf 83' lang='lat' dir='ltr'>per</span> <span class='ocrx_word' id='word_1_219' title='bbox 1252 1097 1386 1129; x_wconf 82' lang='lat' dir='ltr'>singulos</span> <span class='ocrx_word' id='word_1_220' title='bbox 1406 1107 1500 1126; x_wconf 86' lang='lat' dir='ltr'>annos</span> <span class='ocrx_word' id='word_1_221' title='bbox 1519 1100 1667 1134; x_wconf 77' lang='lat' dir='ltr'>praedicti</span> 
     </span>
     <span class='ocr_line' id='line_1_23' title="bbox 273 1142 1666 1180; baseline 0.001 -10"><span class='ocrx_word' id='word_1_222' title='bbox 273 1143 409 1171; x_wconf 79' lang='lat' dir='ltr'>miraculi</span> <span class='ocrx_word' id='word_1_223' title='bbox 427 1142 572 1170; x_wconf 79' lang='lat' dir='ltr'>memoria</span> <span class='ocrx_word' id='word_1_224' title='bbox 591 1143 794 1175; x_wconf 84' lang='lat' dir='ltr'>sollemniter,</span> <span class='ocrx_word' id='word_1_225' title='bbox 820 1148 854 1170; x_wconf 90' lang='lat' dir='ltr'>ut</span> <span class='ocrx_word' id='word_1_226' title='bbox 879 1143 993 1170; x_wconf 85' lang='lat' dir='ltr'>dictum</span> <span class='ocrx_word' id='word_1_227' title='bbox 1019 1147 1080 1175; x_wconf 87' lang='lat' dir='ltr'>est,</span> <span class='ocrx_word' id='word_1_228' title='bbox 1106 1147 1316 1174; x_wconf 73' lang='lat' dir='ltr'>veneraretur,</span> <span class='ocrx_word' id='word_1_229' title='bbox 1342 1143 1468 1176; x_wconf 77' lang='lat' dir='ltr'>contigit</span> <span class='ocrx_word' id='word_1_230' title='bbox 1494 1145 1587 1171; x_wconf 85' lang='lat' dir='ltr'>semel</span> <span class='ocrx_word' id='word_1_231' title='bbox 1612 1156 1666 1180; x_wconf 76' lang='lat' dir='ltr'>per</span> 
     </span>
     <span class='ocr_line' id='line_1_24' title="bbox 272 1187 1665 1224; baseline 0.001 -9"><span class='ocrx_word' id='word_1_232' title='bbox 272 1188 441 1216; x_wconf 72' lang='lat' dir='ltr'>absentiam</span> <span class='ocrx_word' id='word_1_233' title='bbox 461 1187 602 1222; x_wconf 81' lang='lat' dir='ltr'>capicerii</span> <span class='ocrx_word' id='word_1_234' title='bbox 622 1197 770 1223; x_wconf 80' lang='lat' dir='ltr'>expensas</span> <span class='ocrx_word' id='word_1_235' title='bbox 789 1187 981 1215; x_wconf 76' lang='lat' dir='ltr'>formidantis</span> <span class='ocrx_word' id='word_1_236' title='bbox 1008 1187 1072 1215; x_wconf 89' lang='lat' dir='ltr'>sine</span> <span class='ocrx_word' id='word_1_237' title='bbox 1092 1188 1275 1214; x_wconf 74' lang='lat' dir='ltr'>ornamentis</span> <span class='ocrx_word' id='word_1_238' title='bbox 1294 1198 1328 1215; x_wconf 90' lang='lat' dir='ltr'>ac</span> <span class='ocrx_word' id='word_1_239' title='bbox 1347 1188 1562 1222; x_wconf 82' lang='lat' dir='ltr'>luminaribus,</span> <span class='ocrx_word' id='word_1_240' title='bbox 1589 1201 1665 1224; x_wconf 84' lang='lat' dir='ltr'>quae</span> 
     </span>
     <span class='ocr_line' id='line_1_25' title="bbox 271 1231 1665 1266; baseline 0.001 -5"><span class='ocrx_word' id='word_1_241' title='bbox 271 1235 403 1261; x_wconf 85' lang='lat' dir='ltr'>habebat</span> <span class='ocrx_word' id='word_1_242' title='bbox 422 1233 609 1266; x_wconf 86' lang='lat' dir='ltr'>ministrare,</span> <span class='ocrx_word' id='word_1_243' title='bbox 636 1233 791 1261; x_wconf 83' lang='lat' dir='ltr'>celebrari.</span> <span class='ocrx_word' id='word_1_244' title='bbox 828 1233 912 1261; x_wconf 88' lang='lat' dir='ltr'>Unde</span> <span class='ocrx_word' id='word_1_245' title='bbox 936 1231 1061 1265; x_wconf 85' lang='lat' dir='ltr'>accidit,</span> <span class='ocrx_word' id='word_1_246' title='bbox 1084 1236 1116 1258; x_wconf 88' lang='lat' dir='ltr'>ut</span> <span class='ocrx_word' id='word_1_247' title='bbox 1137 1233 1275 1264; x_wconf 85' lang='lat' dir='ltr'>sequenti</span> <span class='ocrx_word' id='word_1_248' title='bbox 1296 1233 1345 1260; x_wconf 90' lang='lat' dir='ltr'>die</span> <span class='ocrx_word' id='word_1_249' title='bbox 1364 1233 1508 1260; x_wconf 85' lang='lat' dir='ltr'>ecclesiae</span> <span class='ocrx_word' id='word_1_250' title='bbox 1527 1239 1665 1262; x_wconf 82' lang='lat' dir='ltr'>sanctua-</span> 
     </span>
     <span class='ocr_line' id='line_1_26' title="bbox 273 1277 1665 1314; baseline 0 -7"><span class='ocrx_word' id='word_1_251' title='bbox 273 1280 348 1307; x_wconf 86' lang='lat' dir='ltr'>rium</span> <span class='ocrx_word' id='word_1_252' title='bbox 367 1279 555 1307; x_wconf 80' lang='lat' dir='ltr'>adscendens</span> <span class='ocrx_word' id='word_1_253' title='bbox 575 1278 711 1305; x_wconf 78' lang='lat' dir='ltr'>divinam</span> <span class='ocrx_word' id='word_1_254' title='bbox 730 1283 871 1314; x_wconf 87' lang='lat' dir='ltr'>expertus</span> <span class='ocrx_word' id='word_1_255' title='bbox 889 1278 1033 1305; x_wconf 72' lang='lat' dir='ltr'>virtutem</span> <span class='ocrx_word' id='word_1_256' title='bbox 1051 1277 1152 1304; x_wconf 88' lang='lat' dir='ltr'>subito</span> <span class='ocrx_word' id='word_1_257' title='bbox 1169 1277 1270 1311; x_wconf 82' lang='lat' dir='ltr'>lapsus</span> <span class='ocrx_word' id='word_1_258' title='bbox 1282 1277 1346 1304; x_wconf 90' lang='lat' dir='ltr'>sine</span> <span class='ocrx_word' id='word_1_259' title='bbox 1360 1286 1436 1305; x_wconf 79' lang='lat' dir='ltr'>voce</span> <span class='ocrx_word' id='word_1_260' title='bbox 1453 1279 1665 1307; x_wconf 78' lang='lat' dir='ltr'>miserabiliter</span> 
     </span>
     <span class='ocr_line' id='line_1_27' title="bbox 273 1322 1664 1361; baseline 0.001 -9"><span class='ocrx_word' id='word_1_261' title='bbox 273 1326 448 1361; x_wconf 81' lang='lat' dir='ltr'>exspiraret.</span> <span class='ocrx_word' id='word_1_262' title='bbox 484 1323 607 1358; x_wconf 82' lang='lat' dir='ltr'>Experti</span> <span class='ocrx_word' id='word_1_263' title='bbox 626 1328 695 1351; x_wconf 87' lang='lat' dir='ltr'>sunt</span> <span class='ocrx_word' id='word_1_264' title='bbox 712 1323 802 1356; x_wconf 72' lang='lat' dir='ltr'>igitur</span> <span class='ocrx_word' id='word_1_265' title='bbox 820 1327 910 1357; x_wconf 85' lang='lat' dir='ltr'>atque</span> <span class='ocrx_word' id='word_1_266' title='bbox 929 1323 959 1350; x_wconf 89' lang='lat' dir='ltr'>in</span> <span class='ocrx_word' id='word_1_267' title='bbox 986 1323 1050 1350; x_wconf 90' lang='lat' dir='ltr'>dies</span> <span class='ocrx_word' id='word_1_268' title='bbox 1078 1322 1273 1357; x_wconf 78' lang='lat' dir='ltr'>experiuntur</span> <span class='ocrx_word' id='word_1_269' title='bbox 1298 1323 1526 1357; x_wconf 80' lang='lat' dir='ltr'>quamplurimi,</span> <span class='ocrx_word' id='word_1_270' title='bbox 1553 1330 1664 1358; x_wconf 69' lang='lat' dir='ltr'>quatuo</span> 
     </span>
     <span class='ocr_line' id='line_1_28' title="bbox 273 1367 1664 1404; baseline -0.001 -6"><span class='ocrx_word' id='word_1_271' title='bbox 273 1381 340 1398; x_wconf 79' lang='lat' dir='ltr'>euin</span> <span class='ocrx_word' id='word_1_272' title='bbox 358 1375 487 1397; x_wconf 87' lang='lat' dir='ltr'>tremore</span> <span class='ocrx_word' id='word_1_273' title='bbox 507 1368 615 1396; x_wconf 87' lang='lat' dir='ltr'>Christi</span> <span class='ocrx_word' id='word_1_274' title='bbox 632 1368 780 1400; x_wconf 79' lang='lat' dir='ltr'>virginem</span> <span class='ocrx_word' id='word_1_275' title='bbox 799 1373 937 1403; x_wconf 85' lang='lat' dir='ltr'>oporteat</span> <span class='ocrx_word' id='word_1_276' title='bbox 956 1367 1111 1401; x_wconf 83' lang='lat' dir='ltr'>venerari,</span> <span class='ocrx_word' id='word_1_277' title='bbox 1138 1368 1191 1394; x_wconf 89' lang='lat' dir='ltr'>ubi</span> <span class='ocrx_word' id='word_1_278' title='bbox 1218 1377 1285 1395; x_wconf 90' lang='lat' dir='ltr'>cum</span> <span class='ocrx_word' id='word_1_279' title='bbox 1311 1367 1480 1395; x_wconf 87' lang='lat' dir='ltr'>humilitate</span> <span class='ocrx_word' id='word_1_280' title='bbox 1499 1369 1580 1404; x_wconf 85' lang='lat' dir='ltr'>capit</span> <span class='ocrx_word' id='word_1_281' title='bbox 1597 1379 1664 1397; x_wconf 77' lang='lat' dir='ltr'>cae·</span> 
     </span>
     <span class='ocr_line' id='line_1_29' title="bbox 272 1413 1663 1448; baseline 0 -6"><span class='ocrx_word' id='word_1_282' title='bbox 272 1416 347 1443; x_wconf 81' lang='lat' dir='ltr'>citas</span> <span class='ocrx_word' id='word_1_283' title='bbox 365 1415 482 1448; x_wconf 71' lang='lat' dir='ltr'>visum,</span> <span class='ocrx_word' id='word_1_284' title='bbox 509 1414 652 1441; x_wconf 80' lang='lat' dir='ltr'>debilitas</span> <span class='ocrx_word' id='word_1_285' title='bbox 679 1422 813 1446; x_wconf 83' lang='lat' dir='ltr'>gressum</span> <span class='ocrx_word' id='word_1_286' title='bbox 838 1423 872 1440; x_wconf 87' lang='lat' dir='ltr'>ac</span> <span class='ocrx_word' id='word_1_287' title='bbox 899 1423 915 1441; x_wconf 90' lang='lat' dir='ltr'>e</span> <span class='ocrx_word' id='word_1_288' title='bbox 942 1413 1063 1441; x_wconf 83' lang='lat' dir='ltr'>diverso</span> <span class='ocrx_word' id='word_1_289' title='bbox 1092 1414 1265 1440; x_wconf 74' lang='lat' dir='ltr'>obstructae</span> <span class='ocrx_word' id='word_1_290' title='bbox 1283 1413 1463 1440; x_wconf 82' lang='lat' dir='ltr'>infidelitate</span> <span class='ocrx_word' id='word_1_291' title='bbox 1480 1418 1596 1442; x_wconf 82' lang='lat' dir='ltr'>mentes</span> <span class='ocrx_word' id='word_1_292' title='bbox 1615 1425 1663 1442; x_wconf 83' lang='lat' dir='ltr'>ca-</span> 
     </span>
     <span class='ocr_line' id='line_1_30' title="bbox 272 1458 1665 1496; baseline 0 -9"><span class='ocrx_word' id='word_1_293' title='bbox 272 1460 359 1496; x_wconf 88' lang='lat' dir='ltr'>piunt</span> <span class='ocrx_word' id='word_1_294' title='bbox 378 1460 540 1488; x_wconf 86' lang='lat' dir='ltr'>interitum.</span> <span class='ocrx_word' id='word_1_295' title='bbox 575 1459 690 1487; x_wconf 87' lang='lat' dir='ltr'>Nostris</span> <span class='ocrx_word' id='word_1_296' title='bbox 718 1458 818 1491; x_wconf 76' lang='lat' dir='ltr'>igitur·</span> <span class='ocrx_word' id='word_1_297' title='bbox 834 1459 1094 1492; x_wconf 83' lang='lat' dir='ltr'>qualibuscunque</span> <span class='ocrx_word' id='word_1_298' title='bbox 1113 1458 1254 1486; x_wconf 86' lang='lat' dir='ltr'>laudibus</span> <span class='ocrx_word' id='word_1_299' title='bbox 1274 1458 1461 1486; x_wconf 78' lang='lat' dir='ltr'>Geuovesam</span> <span class='ocrx_word' id='word_1_300' title='bbox 1478 1469 1665 1494; x_wconf 84' lang='lat' dir='ltr'>veneremur,</span> 
     </span>
     <span class='ocr_line' id='line_1_31' title="bbox 273 1503 1666 1540; baseline -0.001 -7"><span class='ocrx_word' id='word_1_301' title='bbox 273 1506 328 1534; x_wconf 81' lang='lat' dir='ltr'>sed</span> <span class='ocrx_word' id='word_1_302' title='bbox 340 1516 406 1532; x_wconf 88' lang='lat' dir='ltr'>cum</span> <span class='ocrx_word' id='word_1_303' title='bbox 418 1510 564 1536; x_wconf 73' lang='lat' dir='ltr'>tremore3</span> <span class='ocrx_word' id='word_1_304' title='bbox 583 1509 763 1533; x_wconf 67' lang='lat' dir='ltr'>venerantes</span> <span class='ocrx_word' id='word_1_305' title='bbox 777 1505 841 1538; x_wconf 86' lang='lat' dir='ltr'>ejus</span> <span class='ocrx_word' id='word_1_306' title='bbox 860 1503 1000 1537; x_wconf 83' lang='lat' dir='ltr'>suffragia</span> <span class='ocrx_word' id='word_1_307' title='bbox 1019 1504 1225 1540; x_wconf 83' lang='lat' dir='ltr'>imploremus,</span> <span class='ocrx_word' id='word_1_308' title='bbox 1245 1503 1300 1531; x_wconf 90' lang='lat' dir='ltr'>sed</span> <span class='ocrx_word' id='word_1_309' title='bbox 1318 1513 1385 1531; x_wconf 86' lang='lat' dir='ltr'>cnm</span> <span class='ocrx_word' id='word_1_310' title='bbox 1402 1503 1474 1532; x_wconf 80' lang='lat' dir='ltr'>fide.</span> <span class='ocrx_word' id='word_1_311' title='bbox 1509 1507 1544 1531; x_wconf 81' lang='lat' dir='ltr'>Et</span> <span class='ocrx_word' id='word_1_312' title='bbox 1559 1514 1666 1533; x_wconf 85' lang='lat' dir='ltr'>revera</span> 
     </span>
     <span class='ocr_line' id='line_1_32' title="bbox 272 1549 1666 1583; baseline 0.001 -6"><span class='ocrx_word' id='word_1_313' title='bbox 272 1551 395 1583; x_wconf 74' lang='lat' dir='ltr'>dignum</span> <span class='ocrx_word' id='word_1_314' title='bbox 422 1555 484 1582; x_wconf 88' lang='lat' dir='ltr'>est,</span> <span class='ocrx_word' id='word_1_315' title='bbox 511 1549 697 1577; x_wconf 76' lang='lat' dir='ltr'>Genovesam</span> <span class='ocrx_word' id='word_1_316' title='bbox 723 1549 864 1577; x_wconf 81' lang='lat' dir='ltr'>laudibus</span> <span class='ocrx_word' id='word_1_317' title='bbox 890 1550 1047 1583; x_wconf 83' lang='lat' dir='ltr'>honorari,</span> <span class='ocrx_word' id='word_1_318' title='bbox 1085 1553 1162 1583; x_wconf 72' lang='lat' dir='ltr'>qnae</span> <span class='ocrx_word' id='word_1_319' title='bbox 1187 1549 1366 1576; x_wconf 83' lang='lat' dir='ltr'>Parisiorum</span> <span class='ocrx_word' id='word_1_320' title='bbox 1394 1549 1534 1583; x_wconf 81' lang='lat' dir='ltr'>inclytam</span> <span class='ocrx_word' id='word_1_321' title='bbox 1560 1551 1666 1578; x_wconf 89' lang='lat' dir='ltr'>urbem</span> 
     </span>
     <span class='ocr_line' id='line_1_33' title="bbox 272 1594 1665 1630; baseline 0 -7"><span class='ocrx_word' id='word_1_322' title='bbox 272 1596 354 1628; x_wconf 84' lang='lat' dir='ltr'>regui</span> <span class='ocrx_word' id='word_1_323' title='bbox 374 1594 615 1623; x_wconf 80' lang='lat' dir='ltr'>christianissimi</span> <span class='ocrx_word' id='word_1_324' title='bbox 633 1595 827 1630; x_wconf 85' lang='lat' dir='ltr'>praecipuam</span> <span class='ocrx_word' id='word_1_325' title='bbox 853 1595 1141 1628; x_wconf 77' lang='lat' dir='ltr'>stabitissimmnque</span> <span class='ocrx_word' id='word_1_326' title='bbox 1168 1595 1338 1622; x_wconf 83' lang='lat' dir='ltr'>columnam</span> <span class='ocrx_word' id='word_1_327' title='bbox 1356 1594 1508 1628; x_wconf 87' lang='lat' dir='ltr'>totiusque</span> <span class='ocrx_word' id='word_1_328' title='bbox 1528 1595 1665 1623; x_wconf 81' lang='lat' dir='ltr'>christia-</span> 
     </span>
     <span class='ocr_line' id='line_1_34' title="bbox 272 1639 1664 1675; baseline 0 -7"><span class='ocrx_word' id='word_1_329' title='bbox 272 1641 375 1668; x_wconf 88' lang='lat' dir='ltr'>nitatis</span> <span class='ocrx_word' id='word_1_330' title='bbox 401 1641 432 1668; x_wconf 90' lang='lat' dir='ltr'>in</span> <span class='ocrx_word' id='word_1_331' title='bbox 455 1640 515 1667; x_wconf 81' lang='lat' dir='ltr'>fide</span> <span class='ocrx_word' id='word_1_332' title='bbox 542 1645 572 1667; x_wconf 90' lang='lat' dir='ltr'>et</span> <span class='ocrx_word' id='word_1_333' title='bbox 598 1640 734 1667; x_wconf 87' lang='lat' dir='ltr'>doctrina</span> <span class='ocrx_word' id='word_1_334' title='bbox 759 1640 932 1672; x_wconf 76' lang='lat' dir='ltr'>magistram</span> <span class='ocrx_word' id='word_1_335' title='bbox 952 1640 1185 1668; x_wconf 81' lang='lat' dir='ltr'>eruditissimam</span> <span class='ocrx_word' id='word_1_336' title='bbox 1205 1641 1295 1667; x_wconf 82' lang='lat' dir='ltr'>toties</span> <span class='ocrx_word' id='word_1_337' title='bbox 1315 1650 1331 1666; x_wconf 82' lang='lat' dir='ltr'>a</span> <span class='ocrx_word' id='word_1_338' title='bbox 1350 1639 1503 1673; x_wconf 86' lang='lat' dir='ltr'>tantisque</span> <span class='ocrx_word' id='word_1_339' title='bbox 1522 1641 1664 1675; x_wconf 86' lang='lat' dir='ltr'>periculis</span> 
     </span>
     <span class='ocr_line' id='line_1_35' title="bbox 272 1684 1664 1720; baseline 0 -7"><span class='ocrx_word' id='word_1_340' title='bbox 272 1686 428 1718; x_wconf 76' lang='lat' dir='ltr'>liberavit,</span> <span class='ocrx_word' id='word_1_341' title='bbox 455 1686 492 1711; x_wconf 87' lang='lat' dir='ltr'>ab</span> <span class='ocrx_word' id='word_1_342' title='bbox 513 1684 642 1712; x_wconf 87' lang='lat' dir='ltr'>inimicis</span> <span class='ocrx_word' id='word_1_343' title='bbox 661 1685 765 1712; x_wconf 88' lang='lat' dir='ltr'>hostili</span> <span class='ocrx_word' id='word_1_344' title='bbox 790 1685 882 1712; x_wconf 86' lang='lat' dir='ltr'>caede</span> <span class='ocrx_word' id='word_1_345' title='bbox 916 1685 1131 1713; x_wconf 87' lang='lat' dir='ltr'>dimicantibus</span> <span class='ocrx_word' id='word_1_346' title='bbox 1163 1684 1289 1720; x_wconf 84' lang='lat' dir='ltr'>eripuit,</span> <span class='ocrx_word' id='word_1_347' title='bbox 1317 1684 1528 1712; x_wconf 84' lang='lat' dir='ltr'>inundantium</span> <span class='ocrx_word' id='word_1_348' title='bbox 1556 1685 1664 1714; x_wconf 83' lang='lat' dir='ltr'>fluctus</span> 
     </span>
     <span class='ocr_line' id='line_1_36' title="bbox 271 1729 1663 1765; baseline -0.001 -7"><span class='ocrx_word' id='word_1_349' title='bbox 271 1741 415 1765; x_wconf 86' lang='lat' dir='ltr'>aquarum</span> <span class='ocrx_word' id='word_1_350' title='bbox 434 1730 604 1763; x_wconf 72' lang='lat' dir='ltr'>restrinxit,</span> <span class='ocrx_word' id='word_1_351' title='bbox 631 1730 706 1762; x_wconf 77' lang='lat' dir='ltr'>ignis</span> <span class='ocrx_word' id='word_1_352' title='bbox 733 1731 875 1757; x_wconf 86' lang='lat' dir='ltr'>horrendi</span> <span class='ocrx_word' id='word_1_353' title='bbox 901 1730 932 1757; x_wconf 93' lang='lat' dir='ltr'>in</span> <span class='ocrx_word' id='word_1_354' title='bbox 956 1731 1108 1759; x_wconf 88' lang='lat' dir='ltr'>mentibus</span> <span class='ocrx_word' id='word_1_355' title='bbox 1132 1731 1270 1758; x_wconf 86' lang='lat' dir='ltr'>humanis</span> <span class='ocrx_word' id='word_1_356' title='bbox 1294 1729 1466 1756; x_wconf 79' lang='lat' dir='ltr'>incendimn</span> <span class='ocrx_word' id='word_1_357' title='bbox 1491 1730 1663 1761; x_wconf 90' lang='lat' dir='ltr'>consumsit,</span> 
     </span>
     <span class='ocr_line' id='line_1_37' title="bbox 272 1774 1663 1809; baseline -0.002 -5"><span class='ocrx_word' id='word_1_358' title='bbox 272 1777 368 1804; x_wconf 69' lang='lat' dir='ltr'>caecis</span> <span class='ocrx_word' id='word_1_359' title='bbox 387 1777 505 1809; x_wconf 74' lang='lat' dir='ltr'>visum,</span> <span class='ocrx_word' id='word_1_360' title='bbox 525 1775 640 1803; x_wconf 81' lang='lat' dir='ltr'>claudis</span> <span class='ocrx_word' id='word_1_361' title='bbox 660 1784 803 1808; x_wconf 81' lang='lat' dir='ltr'>gressum,</span> <span class='ocrx_word' id='word_1_362' title='bbox 822 1776 920 1803; x_wconf 90' lang='lat' dir='ltr'>surdis</span> <span class='ocrx_word' id='word_1_363' title='bbox 940 1776 1077 1803; x_wconf 86' lang='lat' dir='ltr'>auditum</span> <span class='ocrx_word' id='word_1_364' title='bbox 1096 1775 1240 1808; x_wconf 85' lang='lat' dir='ltr'>reddidit,</span> <span class='ocrx_word' id='word_1_365' title='bbox 1260 1775 1297 1802; x_wconf 81' lang='lat' dir='ltr'>ab</span> <span class='ocrx_word' id='word_1_366' title='bbox 1320 1774 1453 1802; x_wconf 81' lang='lat' dir='ltr'>obsessis</span> <span class='ocrx_word' id='word_1_367' title='bbox 1473 1774 1663 1802; x_wconf 81' lang='lat' dir='ltr'>daemonium</span> 
     </span>
     <span class='ocr_line' id='line_1_38' title="bbox 272 1818 1663 1857; baseline 0 -10"><span class='ocrx_word' id='word_1_368' title='bbox 272 1822 412 1857; x_wconf 69' lang='lat' dir='ltr'>precibus</span> <span class='ocrx_word' id='word_1_369' title='bbox 432 1820 585 1853; x_wconf 71' lang='lat' dir='ltr'>effugavit.</span> <span class='ocrx_word' id='word_1_370' title='bbox 621 1824 657 1847; x_wconf 74' lang='lat' dir='ltr'>Et</span> <span class='ocrx_word' id='word_1_371' title='bbox 676 1829 734 1847; x_wconf 90' lang='lat' dir='ltr'>nou</span> <span class='ocrx_word' id='word_1_372' title='bbox 754 1821 851 1848; x_wconf 87' lang='lat' dir='ltr'>solum</span> <span class='ocrx_word' id='word_1_373' title='bbox 872 1821 1030 1855; x_wconf 85' lang='lat' dir='ltr'>precibus,</span> <span class='ocrx_word' id='word_1_374' title='bbox 1055 1831 1160 1849; x_wconf 73' lang='lat' dir='ltr'>verum</span> <span class='ocrx_word' id='word_1_375' title='bbox 1187 1820 1277 1847; x_wconf 88' lang='lat' dir='ltr'>etiam</span> <span class='ocrx_word' id='word_1_376' title='bbox 1303 1819 1432 1846; x_wconf 86' lang='lat' dir='ltr'>maxima</span> <span class='ocrx_word' id='word_1_377' title='bbox 1451 1818 1591 1847; x_wconf 86' lang='lat' dir='ltr'>dominus</span> <span class='ocrx_word' id='word_1_378' title='bbox 1610 1830 1663 1854; x_wconf 81' lang='lat' dir='ltr'>per</span> 
     </span>
     <span class='ocr_line' id='line_1_39' title="bbox 272 1863 1663 1899; baseline -0.001 -7"><span class='ocrx_word' id='word_1_379' title='bbox 272 1866 405 1893; x_wconf 76' lang='lat' dir='ltr'>fimbrias</span> <span class='ocrx_word' id='word_1_380' title='bbox 423 1865 598 1893; x_wconf 69' lang='lat' dir='ltr'>vestimenti</span> <span class='ocrx_word' id='word_1_381' title='bbox 618 1865 791 1892; x_wconf 77' lang='lat' dir='ltr'>Genovesae</span> <span class='ocrx_word' id='word_1_382' title='bbox 817 1866 876 1892; x_wconf 90' lang='lat' dir='ltr'>sibi</span> <span class='ocrx_word' id='word_1_383' title='bbox 901 1866 1030 1893; x_wconf 86' lang='lat' dir='ltr'>dilectae</span> <span class='ocrx_word' id='word_1_384' title='bbox 1054 1865 1164 1898; x_wconf 84' lang='lat' dir='ltr'>virgini</span> <span class='ocrx_word' id='word_1_385' title='bbox 1183 1874 1272 1899; x_wconf 86' lang='lat' dir='ltr'>super</span> <span class='ocrx_word' id='word_1_386' title='bbox 1290 1868 1428 1896; x_wconf 84' lang='lat' dir='ltr'>aegrotos</span> <span class='ocrx_word' id='word_1_387' title='bbox 1447 1872 1481 1890; x_wconf 87' lang='lat' dir='ltr'>ac</span> <span class='ocrx_word' id='word_1_388' title='bbox 1499 1863 1590 1891; x_wconf 79' lang='lat' dir='ltr'>variis</span> <span class='ocrx_word' id='word_1_389' title='bbox 1610 1864 1663 1891; x_wconf 78' lang='lat' dir='ltr'>dc—</span> 
     </span>
     <span class='ocr_line' id='line_1_40' title="bbox 271 1907 1662 1945; baseline -0.001 -8"><span class='ocrx_word' id='word_1_390' title='bbox 271 1910 596 1942; x_wconf 72' lang='lat' dir='ltr'>teutos‚languoribus</span> <span class='ocrx_word' id='word_1_391' title='bbox 629 1910 789 1937; x_wconf 78' lang='lat' dir='ltr'>ostendere</span> <span class='ocrx_word' id='word_1_392' title='bbox 821 1910 942 1945; x_wconf 84' lang='lat' dir='ltr'>saepius</span> <span class='ocrx_word' id='word_1_393' title='bbox 969 1910 1108 1942; x_wconf 79' lang='lat' dir='ltr'>dignatus</span> <span class='ocrx_word' id='word_1_394' title='bbox 1135 1913 1181 1937; x_wconf 88' lang='lat' dir='ltr'>est</span> <span class='ocrx_word' id='word_1_395' title='bbox 1207 1909 1368 1936; x_wconf 82' lang='lat' dir='ltr'>sanitatum</span> <span class='ocrx_word' id='word_1_396' title='bbox 1393 1907 1535 1936; x_wconf 82' lang='lat' dir='ltr'>remedia.</span> <span class='ocrx_word' id='word_1_397' title='bbox 1578 1910 1662 1936; x_wconf 73' lang='lat' dir='ltr'>Unde</span> 
     </span>
     <span class='ocr_line' id='line_1_41' title="bbox 271 1952 1663 1987; baseline -0.001 -6"><span class='ocrx_word' id='word_1_398' title='bbox 271 1956 376 1982; x_wconf 76' lang='lat' dir='ltr'>merito</span> <span class='ocrx_word' id='word_1_399' title='bbox 396 1955 427 1981; x_wconf 90' lang='lat' dir='ltr'>in</span> <span class='ocrx_word' id='word_1_400' title='bbox 447 1955 549 1981; x_wconf 80' lang='lat' dir='ltr'>Parisii</span> <span class='ocrx_word' id='word_1_401' title='bbox 569 1954 643 1982; x_wconf 83' lang='lat' dir='ltr'>celsi</span> <span class='ocrx_word' id='word_1_402' title='bbox 662 1955 773 1982; x_wconf 86' lang='lat' dir='ltr'>montis</span> <span class='ocrx_word' id='word_1_403' title='bbox 792 1955 906 1982; x_wconf 74' lang='lat' dir='ltr'>vertice</span> <span class='ocrx_word' id='word_1_404' title='bbox 926 1955 1041 1982; x_wconf 79' lang='lat' dir='ltr'>exstitit</span> <span class='ocrx_word' id='word_1_405' title='bbox 1061 1954 1227 1987; x_wconf 88' lang='lat' dir='ltr'>collocata,</span> <span class='ocrx_word' id='word_1_406' title='bbox 1246 1952 1299 1980; x_wconf 88' lang='lat' dir='ltr'>ubi</span> <span class='ocrx_word' id='word_1_407' title='bbox 1318 1952 1482 1979; x_wconf 79' lang='lat' dir='ltr'>honorilice</span> <span class='ocrx_word' id='word_1_408' title='bbox 1501 1953 1663 1981; x_wconf 82' lang='lat' dir='ltr'>sublimata</span> 
     </span>
     <span class='ocr_line' id='line_1_42' title="bbox 270 1998 1662 2034; baseline -0.001 -8"><span class='ocrx_word' id='word_1_409' title='bbox 270 2010 304 2027; x_wconf 90' lang='lat' dir='ltr'>ac</span> <span class='ocrx_word' id='word_1_410' title='bbox 330 1999 454 2027; x_wconf 81' lang='lat' dir='ltr'>mirifice</span> <span class='ocrx_word' id='word_1_411' title='bbox 482 1999 620 2026; x_wconf 86' lang='lat' dir='ltr'>ordinata</span> <span class='ocrx_word' id='word_1_412' title='bbox 647 2008 706 2026; x_wconf 91' lang='lat' dir='ltr'>non</span> <span class='ocrx_word' id='word_1_413' title='bbox 731 2005 828 2027; x_wconf 85' lang='lat' dir='ltr'>cessat</span> <span class='ocrx_word' id='word_1_414' title='bbox 847 2000 954 2034; x_wconf 73' lang='lat' dir='ltr'>jugiter</span> <span class='ocrx_word' id='word_1_415' title='bbox 973 2000 1134 2027; x_wconf 84' lang='lat' dir='ltr'>sanitatum</span> <span class='ocrx_word' id='word_1_416' title='bbox 1153 2009 1187 2026; x_wconf 88' lang='lat' dir='ltr'>ac</span> <span class='ocrx_word' id='word_1_417' title='bbox 1207 1998 1366 2031; x_wconf 78' lang='lat' dir='ltr'>gratiarum</span> <span class='ocrx_word' id='word_1_418' title='bbox 1385 1998 1520 2025; x_wconf 83' lang='lat' dir='ltr'>emittere</span> <span class='ocrx_word' id='word_1_419' title='bbox 1539 1998 1662 2025; x_wconf 84' lang='lat' dir='ltr'>flumina</span> 
     </span>
     <span class='ocr_line' id='line_1_43' title="bbox 269 2042 1663 2078; baseline 0 -7"><span class='ocrx_word' id='word_1_420' title='bbox 269 2045 332 2077; x_wconf 84' lang='lat' dir='ltr'>his,</span> <span class='ocrx_word' id='word_1_421' title='bbox 359 2044 410 2077; x_wconf 84' lang='lat' dir='ltr'>qui</span> <span class='ocrx_word' id='word_1_422' title='bbox 428 2044 459 2070; x_wconf 89' lang='lat' dir='ltr'>iu</span> <span class='ocrx_word' id='word_1_423' title='bbox 479 2044 537 2070; x_wconf 69' lang='lat' dir='ltr'>side</span> <span class='ocrx_word' id='word_1_424' title='bbox 558 2044 725 2078; x_wconf 81' lang='lat' dir='ltr'>deposcunt</span> <span class='ocrx_word' id='word_1_425' title='bbox 745 2046 807 2078; x_wconf 76' lang='lat' dir='ltr'>ejus</span> <span class='ocrx_word' id='word_1_426' title='bbox 829 2045 1010 2077; x_wconf 68' lang='lat' dir='ltr'>largitiones.</span> <span class='ocrx_word' id='word_1_427' title='bbox 1047 2045 1131 2071; x_wconf 83' lang='lat' dir='ltr'>Unde</span> <span class='ocrx_word' id='word_1_428' title='bbox 1155 2048 1184 2070; x_wconf 76' lang='lat' dir='ltr'>et</span> <span class='ocrx_word' id='word_1_429' title='bbox 1209 2053 1300 2078; x_wconf 86' lang='lat' dir='ltr'>opus,</span> <span class='ocrx_word' id='word_1_430' title='bbox 1323 2052 1382 2069; x_wconf 16' lang='lat' dir='ltr'>tuos</span> <span class='ocrx_word' id='word_1_431' title='bbox 1408 2042 1454 2069; x_wconf 88' lang='lat' dir='ltr'>illi</span> <span class='ocrx_word' id='word_1_432' title='bbox 1474 2047 1536 2070; x_wconf 89' lang='lat' dir='ltr'>tota</span> <span class='ocrx_word' id='word_1_433' title='bbox 1555 2044 1663 2071; x_wconf 87' lang='lat' dir='ltr'>mentis</span> 
     </span>
     <span class='ocr_line' id='line_1_44' title="bbox 269 2087 1663 2124; baseline 0.001 -9"><span class='ocrx_word' id='word_1_434' title='bbox 269 2090 432 2117; x_wconf 73' lang='lat' dir='ltr'>devotione.</span> <span class='ocrx_word' id='word_1_435' title='bbox 452 2088 654 2121; x_wconf 75' lang='lat' dir='ltr'>committere,</span> <span class='ocrx_word' id='word_1_436' title='bbox 674 2089 815 2122; x_wconf 72' lang='lat' dir='ltr'>‹Juouiain</span> <span class='ocrx_word' id='word_1_437' title='bbox 834 2089 899 2124; x_wconf 73' lang='lat' dir='ltr'>ipsa</span> <span class='ocrx_word' id='word_1_438' title='bbox 920 2095 979 2122; x_wconf 86' lang='lat' dir='ltr'>est,</span> <span class='ocrx_word' id='word_1_439' title='bbox 1004 2099 1080 2123; x_wconf 85' lang='lat' dir='ltr'>quae</span> <span class='ocrx_word' id='word_1_440' title='bbox 1099 2089 1219 2116; x_wconf 75' lang='lat' dir='ltr'>assidue</span> <span class='ocrx_word' id='word_1_441' title='bbox 1239 2093 1305 2115; x_wconf 81' lang='lat' dir='ltr'>orat</span> <span class='ocrx_word' id='word_1_442' title='bbox 1324 2096 1378 2122; x_wconf 82' lang='lat' dir='ltr'>pro</span> <span class='ocrx_word' id='word_1_443' title='bbox 1398 2087 1511 2122; x_wconf 81' lang='lat' dir='ltr'>populo</span> <span class='ocrx_word' id='word_1_444' title='bbox 1531 2088 1591 2115; x_wconf 86' lang='lat' dir='ltr'>sibi</span> <span class='ocrx_word' id='word_1_445' title='bbox 1609 2089 1663 2116; x_wconf 78' lang='lat' dir='ltr'>‹lc-</span> 
     </span>
     <span class='ocr_line' id='line_1_45' title="bbox 271 2132 1661 2169; baseline -0.001 -8"><span class='ocrx_word' id='word_1_446' title='bbox 271 2139 341 2162; x_wconf 71' lang='lat' dir='ltr'>xoto</span> <span class='ocrx_word' id='word_1_447' title='bbox 361 2139 390 2161; x_wconf 80' lang='lat' dir='ltr'>et</span> <span class='ocrx_word' id='word_1_448' title='bbox 408 2143 463 2169; x_wconf 84' lang='lat' dir='ltr'>pro</span> <span class='ocrx_word' id='word_1_449' title='bbox 484 2138 546 2160; x_wconf 88' lang='lat' dir='ltr'>tota</span> <span class='ocrx_word' id='word_1_450' title='bbox 566 2133 779 2162; x_wconf 75' lang='lat' dir='ltr'>chrisianitate.</span> <span class='ocrx_word' id='word_1_451' title='bbox 816 2138 874 2162; x_wconf 68' lang='lat' dir='ltr'>Nos</span> <span class='ocrx_word' id='word_1_452' title='bbox 894 2135 983 2167; x_wconf 76' lang='lat' dir='ltr'>igitur</span> <span class='ocrx_word' id='word_1_453' title='bbox 1001 2143 1121 2161; x_wconf 89' lang='lat' dir='ltr'>suornm</span> <span class='ocrx_word' id='word_1_454' title='bbox 1141 2133 1323 2160; x_wconf 86' lang='lat' dir='ltr'>mirabilium</span> <span class='ocrx_word' id='word_1_455' title='bbox 1343 2133 1419 2159; x_wconf 82' lang='lat' dir='ltr'>hauc</span> <span class='ocrx_word' id='word_1_456' title='bbox 1443 2132 1661 2167; x_wconf 80' lang='lat' dir='ltr'>partiunculam</span> 
     </span>
     <span class='ocr_line' id='line_1_46' title="bbox 269 2177 1663 2210; baseline -0.001 -2"><span class='ocrx_word' id='word_1_457' title='bbox 269 2184 469 2208; x_wconf 70' lang='lat' dir='ltr'>memorantes</span> <span class='ocrx_word' id='word_1_458' title='bbox 488 2189 522 2205; x_wconf 78' lang='lat' dir='ltr'>ac</span> <span class='ocrx_word' id='word_1_459' title='bbox 541 2180 631 2206; x_wconf 78' lang='lat' dir='ltr'>etiam</span> <span class='ocrx_word' id='word_1_460' title='bbox 651 2185 829 2207; x_wconf 59' lang='lat' dir='ltr'>venerantes</span> <span class='ocrx_word' id='word_1_461' title='bbox 849 2190 915 2206; x_wconf 83' lang='lat' dir='ltr'>cum</span> <span class='ocrx_word' id='word_1_462' title='bbox 935 2179 1131 2206; x_wconf 71' lang='lat' dir='ltr'>celeberrimo</span> <span class='ocrx_word' id='word_1_463' title='bbox 1153 2179 1204 2206; x_wconf 88' lang='lat' dir='ltr'>illo</span> <span class='ocrx_word' id='word_1_464' title='bbox 1220 2177 1441 2205; x_wconf 77' lang='lat' dir='ltr'>venerabilium</span> <span class='ocrx_word' id='word_1_465' title='bbox 1455 2178 1663 2210; x_wconf 77' lang='lat' dir='ltr'>religiosorum</span> 
     </span>
     <span class='ocr_line' id='line_1_47' title="bbox 268 2221 1662 2260; baseline 0 -10"><span class='ocrx_word' id='word_1_466' title='bbox 268 2229 354 2251; x_wconf 66' lang='lat' dir='ltr'>‹zovtu</span> <span class='ocrx_word' id='word_1_467' title='bbox 369 2234 422 2251; x_wconf 84' lang='lat' dir='ltr'>suo</span> <span class='ocrx_word' id='word_1_468' title='bbox 437 2224 598 2256; x_wconf 77' lang='lat' dir='ltr'>gloriosam</span> <span class='ocrx_word' id='word_1_469' title='bbox 612 2225 719 2252; x_wconf 83' lang='lat' dir='ltr'>Christi</span> <span class='ocrx_word' id='word_1_470' title='bbox 734 2234 877 2260; x_wconf 76' lang='lat' dir='ltr'>sponsam</span> <span class='ocrx_word' id='word_1_471' title='bbox 892 2224 1086 2257; x_wconf 80' lang='lat' dir='ltr'>nobilemque</span> <span class='ocrx_word' id='word_1_472' title='bbox 1101 2223 1248 2255; x_wconf 74' lang='lat' dir='ltr'>virginem</span> <span class='ocrx_word' id='word_1_473' title='bbox 1265 2221 1464 2254; x_wconf 68' lang='lat' dir='ltr'>glorificemus</span> <span class='ocrx_word' id='word_1_474' title='bbox 1478 2224 1662 2251; x_wconf 74' lang='lat' dir='ltr'>Genovesam</span> 
     </span>
     <span class='ocr_line' id='line_1_48' title="bbox 269 2267 1662 2305; baseline 0.001 -10"><span class='ocrx_word' id='word_1_475' title='bbox 269 2270 424 2301; x_wconf 81' lang='lat' dir='ltr'>laudibus,</span> <span class='ocrx_word' id='word_1_476' title='bbox 446 2270 652 2304; x_wconf 82' lang='lat' dir='ltr'>postulantes,</span> <span class='ocrx_word' id='word_1_477' title='bbox 680 2275 713 2299; x_wconf 87' lang='lat' dir='ltr'>ut</span> <span class='ocrx_word' id='word_1_478' title='bbox 741 2271 847 2299; x_wconf 84' lang='lat' dir='ltr'>eadem</span> <span class='ocrx_word' id='word_1_479' title='bbox 866 2269 1057 2305; x_wconf 85' lang='lat' dir='ltr'>supplicante</span> <span class='ocrx_word' id='word_1_480' title='bbox 1077 2268 1191 2304; x_wconf 79' lang='lat' dir='ltr'>perfrui</span> <span class='ocrx_word' id='word_1_481' title='bbox 1211 2267 1327 2302; x_wconf 77' lang='lat' dir='ltr'>gaudiis</span> <span class='ocrx_word' id='word_1_482' title='bbox 1346 2268 1479 2304; x_wconf 83' lang='lat' dir='ltr'>paradisi</span> <span class='ocrx_word' id='word_1_483' title='bbox 1497 2278 1662 2296; x_wconf 78' lang='lat' dir='ltr'>mereamur</span> 
     </span>
     <span class='ocr_line' id='line_1_49' title="bbox 268 2314 609 2350; baseline 0.006 -10"><span class='ocrx_word' id='word_1_484' title='bbox 268 2325 321 2350; x_wconf 83' lang='lat' dir='ltr'>per</span> <span class='ocrx_word' id='word_1_485' title='bbox 339 2314 469 2344; x_wconf 82' lang='lat' dir='ltr'>saecula,</span> <span class='ocrx_word' id='word_1_486' title='bbox 504 2317 609 2343; x_wconf 73' lang='lat' dir='ltr'>Amen.</span> 
     </span>
    </p>
   </div>
  </div>
 </body>
</html>
