1742 3005
439 125 534 175 Cap.
567 124 648 177 Xll.
708 123 765 160 De
796 129 927 159 sancto
958 121 1157 159 Silvestre.
1441 123 1491 160 77

108 239 152 262 an
182 228 267 270 hoc,
314 227 404 273 quod
431 228 513 263 lana
539 230 743 269 exstiterat,
787 231 972 273 antequam
1000 237 1154 273 purpura
1179 228 1306 261 tieret?
1372 227 1492 263 Lanae

108 304 194 339 ergo
220 293 435 328 assimilatur
459 293 574 336 homo,
603 294 711 328 colori
739 302 914 338 purpurae
939 293 1044 334 Deus,
1073 293 1131 337 qui
1155 292 1255 326 simul
1281 294 1314 327 in
1329 296 1494 339 passione

110 359 184 401 suit,
211 359 288 393 (lum
314 362 494 403 pateretur
519 361 551 393 in
573 369 686 402 cruce,
714 358 775 393 sed
802 359 956 402 passioni
982 360 1016 392 in
1044 358 1137 392 nullo
1162 358 1345 403 subjacuit.
1394 359 1492 394 Deci

108 435 200 467 muS,
240 425 296 469 qui
324 430 358 458 ct
384 424 524 466 Thara,
562 425 667 459 dixit:
716 435 781 458 non
808 423 888 457 milii
915 423 1029 467 placet
1049 423 1139 456 istud
1166 423 1377 467 exemplum,
1415 427 1497 470 quia

109 490 210 524 simul
242 490 340 524 color
372 493 552 535 torquetur
584 500 657 523 cum
684 489 777 523 lana.
850 488 911 522 Cui
937 497 1010 521 cum
1037 498 1155 521 omnes
1181 492 1293 522 tamen
1320 490 1496 524 contradi-

110 560 239 594 cerent,
269 555 439 589 Silvester
465 555 571 588 dixit:
599 555 717 598 accipe
740 564 824 599 ergo
851 552 946 586 aliud
971 552 1176 597 exemplum.
1225 554 1341 587 Arbor
1365 554 1497 590 liabens

112 623 144 654 in
167 632 204 655 se
230 621 315 654 solis
338 619 570 663 splendorem,
595 630 669 652 cuni
694 618 874 659 inciditur,
900 620 1001 652 ictum
1027 618 1163 664 quidem
1189 620 1354 664 suscipit,
1381 621 1492 664 splen>

111 688 175 721 dor
201 690 313 720 autem
337 684 380 718 al)
406 686 574 719 incisione
604 687 636 727 ¹)
663 686 819 718 immunis
848 686 978 719 existit.
1027 684 1085 717 Sic
1110 683 1248 719 homine
1276 687 1430 729 patiente
1445 686 1496 720 di>

113 755 237 787 vinitas
266 752 349 786 nulli
379 752 535 795 passioni
564 750 750 795 sth'acuit.
792 750 998 785 Undecimus
1025 751 1082 794 qui
1100 754 1132 784 et
1148 750 1280 792 Sileon,
1307 753 1374 785 ait:
1400 753 1429 785 si
1456 752 1498 787 de

111 818 249 853 Christo
275 821 333 851 tuo
360 816 553 861 prophetae
579 817 647 850 ista
664 818 842 850 vaticinati
859 820 949 857 sunt,
974 819 1092 849 tantae
1108 816 1292 857 irrisionis,
1322 819 1498 861 passionis

111 888 145 918 et
169 885 288 917 mortis
315 892 441 917 causas
466 884 555 916 scire
584 881 760 916 vellemus.
801 881 845 916 Et
873 881 1063 915 Silvester:
1093 882 1238 914 esurivit
1265 881 1435 922 Christus,
1464 888 1499 917 ut

112 960 175 983 nos
202 949 386 990 relicere-13
413 949 534 989 sitivit,
561 951 597 981 ut
623 947 778 981 ariditati
805 950 947 980 nostrae
974 946 1096 980 vitalia
1124 946 1248 990 pocula
1275 949 1498 987 ministraret,

77 1007 81 1014 “
111 1018 263 1048 tentatus
289 1017 360 1054 est,
399 1017 435 1047 ut
459 1024 522 1047 nos
550 1022 570 1046 a
602 1013 794 1047 tentatione
822 1011 1009 1053 liberaret,
1061 1016 1176 1045 tentus
1203 1016 1276 1053 est,
1328 1018 1363 1047 ut
1390 1026 1453 1049 nos
1479 1025 1499 1048 a

112 1079 314 1113 daemonum
340 1083 487 1124 captura
512 1078 720 1119 dimitteret3
759 1079 881 1111 irrisus
911 1082 985 1119 est,
1011 1083 1048 1112 ut
1073 1088 1136 1111 nos
1162 1077 1205 1111 ab
1232 1080 1393 1113 irrisione
1417 1080 1499 1115 dac-

112 1155 247 1179 monum
272 1143 457 1186 liberaret;
506 1144 637 1190 ligatus
667 1147 739 1184 est,
778 1146 814 1176 ut
838 1153 900 1176 nos
927 1153 947 1176 a
973 1143 1064 1177 nodo
1090 1144 1271 1190 ligationis
1298 1149 1331 1178 et
1357 1145 1499 1180 maledi»

112 1212 236 1245 ctionis
253 1210 471 1253 absolveret,
498 1209 697 1244 humiliatus
724 1212 789 1251 est,
815 1212 851 1242 ut
875 1219 940 1243 nos
967 1209 1158 1251 exaltaret,
1192 1209 1408 1254 exspoliatus
1434 1216 1499 1253 est,

113 1280 150 1310 ut
177 1275 367 1310 nuditatem
393 1277 533 1321 primae·
549 1278 581 1319 2)
604 1275 812 1320 privationis
827 1274 1045 1319 indulgentia
1064 1279 1221 1320 tegeret3
1248 1277 1425 1319 spinarum
1441 1286 1500 1310 co-

113 1351 232 1375 ronam
258 1343 404 1386 accepit,
430 1345 467 1376 ut
491 1342 596 1375 flores
623 1339 779 1386 paradisi
806 1339 961 1383 perditos
986 1340 1192 1381 redonaret3
1241 1341 1275 1373 in
1299 1341 1396 1386 ligno
1423 1352 1500 1376 sus-

113 1416 243 1451 pensus
269 1410 335 1448 est,
361 1410 398 1440 ut
421 1406 734 1451 concupiscentiam
763 1406 795 1437 in
822 1405 918 1449 ligno
946 1407 1099 1451 genitam
1125 1405 1327 1446 damnarem
1362 1406 1443 1441 selle
1468 1412 1502 1442 et

115 1476 214 1506 aceto
237 1476 378 1516 potatus
409 1476 473 1514 est,
498 1476 535 1506 ut
561 1471 732 1506 hominem
757 1470 801 1504 ad
828 1474 955 1504 terram
981 1471 1140 1505 {luentem
1165 1472 1219 1504 lac
1243 1475 1278 1505 et
1301 1472 1367 1505 mel
1392 1474 1501 1507 intro-

114 1537 256 1572 duceret
281 1541 315 1571 et
339 1536 451 1571 sontes
477 1536 577 1570 nobis
602 1536 784 1571 mellifluos
810 1537 984 1580 aperiret3
1015 1537 1050 1581 3)
1066 1536 1312 1570 mortalitatem
1336 1540 1501 1582 suscepit,

115 1607 151 1636 ut
175 1612 271 1636 suam
297 1601 398 1635 nobis
424 1603 715 1637 innnortalitatem
743 1602 908 1643 (lemn-et3
959 1602 1116 1646 sepultus
1142 1605 1214 1643 est,
1243 1605 1280 1635 ut
1305 1606 1501 1637 sanctorum

116 1663 312 1712 sepulturas
338 1667 579 1709 benediceret3
606 1670 779 1710 surrexit,
806 1672 842 1702 ut
868 1669 1012 1702 mortuis
1040 1669 1143 1701 vitam
1171 1666 1351 1708 redderet3
1380 1678 1502 1703 ascen—

116 1733 167 1766 dit
192 1734 227 1766 in
251 1732 401 1774 coelum,
451 1736 487 1766 ut
512 1733 600 1767 coeli
619 1734 763 1779 januam
788 1735 960 1778 aperiret3
1003 1733 1103 1767 sedet
1130 1742 1151 1766 a
1177 1732 1310 1767 dextris
1335 1733 1396 1767 Dei
1412 1762 1419 1772 ,
1468 1738 1504 1768 ut

116 1807 238 1843 preces
262 1798 473 1832 credentium
510 1798 687 1834 exaudiat.
760 1799 852 1834 llaec
879 1799 1049 1833 Silvestre
1074 1803 1308 1843 prosequente
1336 1800 1502 1840 universi,

115 1868 185 1897 tam
208 1854 398 1908 imperator
423 1873 522 1908 quam
544 1864 683 1909 judiees
708 1869 742 1900 et
766 1865 890 1901 Judaei
926 1866 959 1898 in
986 1864 1121 1899 laudem
1148 1864 1310 1898 Silvestri
1335 1875 1503 1909 prorupe—

118 1932 196 1963 runt
220 1930 437 1963 unanimiter.
494 1928 591 1963 Tunc
616 1930 819 1977 indignatus
849 1930 1071 1965 duodecimus
1087 1958 1095 1972 ,
1121 1931 1178 1975 qui
1206 1933 1240 1964 et
1264 1929 1424 1973 Zambri,
1451 1932 1503 1965 in-

118 1994 321 2040 dignatione
347 2004 475 2040 magna
499 1993 606 2029 dixit:
639 1998 747 2030 miror
769 2007 830 2030 vos
858 1997 1135 2040 sapientissimos
1156 1995 1295 2041 judices
1322 1996 1504 2031 verborum

119 2059 326 2105 ambagibus
351 2059 493 2095 credere
519 2065 554 2095 et
577 2061 641 2096 Dei
662 2062 946 2106 omnipotentiam
981 2063 1167 2096 aestimare
1193 2060 1342 2095 humana
1368 2063 1505 2096 ratione

117 2124 287 2160 concludi.
336 2125 405 2160 Sed
425 2128 499 2171 jam
523 2131 661 2161 cessent
686 2120 793 2161 verb'a
819 2131 853 2161 et
878 2128 1055 2161 veniamus
1079 2126 1123 2161 ad
1148 2126 1251 2160 sacta.
1302 2126 1505 2161 stultissimi

118 2200 265 2236 namque
291 2195 388 2233 sunt,
417 2193 475 2236 qui
505 2192 703 2226 crucifixum
729 2193 865 2235 colunt,
917 2203 991 2227 cum
1017 2203 1084 2238 ego
1109 2202 1233 2226 nomen
1255 2192 1319 2226 Dei
1347 2194 1503 2237 omnipo-

118 2257 222 2290 tentis
255 2258 385 2299 sciam,
432 2258 530 2302 cujus
568 2259 726 2292 virtutem
763 2268 825 2293 nec
859 2258 1028 2292 sufferunt
1061 2268 1149 2291 saxa
1175 2268 1236 2291 nec
1262 2257 1383 2292 audire
1412 2258 1505 2291 valet

120 2320 298 2364 quaelibet
319 2325 490 2356 creatura.
540 2321 584 2356 Et
609 2326 646 2357 ut
672 2333 724 2357 me
752 2334 869 2358 verum
897 2323 1013 2358 dicere
1038 2322 1285 2368 comprobetis,
1312 2326 1432 2355 taurus
1460 2322 1503 2355 ad

120 2394 172 2418 me
209 2384 443 2419 ferocissimus
477 2387 670 2422 adducatur
702 2392 736 2422 et
767 2388 844 2423 dum
871 2390 905 2422 in
931 2390 1005 2434 ejus
1036 2398 1120 2423 aure
1144 2397 1266 2422 nomen
1292 2385 1384 2419 istud
1409 2387 1504 2420 inso-

120 2450 252 2486 nuerit,
289 2453 409 2483 taurus
434 2449 528 2484 illico
552 2453 727 2488 morietur.
776 2453 829 2488 Ad
857 2464 957 2499 quem
986 2453 1176 2487 Silvester:
1209 2455 1243 2486 et
1267 2455 1303 2484 tu
1332 2451 1504 2495 quomodo

184 2635 213 2668 1)
234 2634 286 2661 Ed.
306 2638 350 2662 l’r.
368 2634 446 2661 male
466 2634 650 2661 minimus
670 2635 750 2667 tegit.
871 2636 900 2669 2)
919 2638 1040 2663 nocant.
1061 2646 1080 2671 p
1092 2646 1202 2663 raeva
1215 2636 1426 2664 ricationis
1448 2637 1480 2663 in
1494 2654 1504 2655 e

118 2678 346 2710 unigenitae
365 2679 453 2706 indu
464 2684 589 2706 mento
609 2680 727 2712 legunt,
754 2679 836 2712 quod
855 2680 963 2708 rectius
983 2680 1113 2708 videtur.
1232 2681 1261 2713 3)
1280 2680 1333 2710 Ed,
1354 2684 1396 2708 rr.
1416 2680 1504 2707 omit-

117 2722 150 2749 tit
170 2723 279 2750 verba:
313 2723 598 2751 mortalitatem
618 2738 647 2745 -
668 2724 855 2759 aperiret.
