1742 3005
340 85 436 134 Cap.
468 82 678 120 XXXVIII.
737 84 796 119 De
826 88 958 120 sancto
987 81 1131 119 BIasio.
1354 82 1428 120 167

42 190 130 223 iuter
155 186 324 222 manninas
358 186 504 222 haberet
536 192 571 222 et
594 192 709 222 tamen
734 189 895 222 continuo
925 189 1047 223 exiret.
1097 188 1194 229 Quae
1219 199 1292 222 cum
1319 188 1428 222 nuilla*

40 258 140 288 tenus
162 254 277 288 curari
301 257 435 298 posset,
459 254 493 287 in
521 253 670 299 quadam
697 253 847 288 ecclesia
871 253 996 289 beatae
1026 255 1170 300 virginis
1197 254 1228 287 iu
1256 253 1344 288 sesto
1366 264 1425 297 pu*

39 319 240 354 nificat-Ionis
266 320 484 365 pernoctavit
509 323 543 354 et
564 321 736 366 integram
762 320 946 354 sanitatem
974 320 1115 364 recepit.

530 636 656 698 GAP.
696 635 933 698 XXXVIII.

403 738 502 782 De
550 737 771 782 saneto
808 735 1049 783 Blasio.

126 847 265 882 Blasius
291 846 391 892 quasi
417 845 566 880 blandus
592 847 646 881 vel
672 846 812 880 Blasius
839 848 939 891 quasi
965 845 1121 880 belasius
1149 856 1170 879 a
1198 845 1297 888 bela,
1335 846 1426 891 quod

37 917 91 948 est
115 912 275 954 habitus,
326 917 361 946 et.
384 922 467 957 syor
489 911 667 956 parvulus.
725 910 804 945 Fuit
831 913 919 946 euim
945 910 1093 945 blandus
1123 920 1185 955 per·
1210 910 1423 945 dulcedinem

35 988 249 1019 sermonum,
281 977 421 1012 habitus
449 987 511 1022 pei·
536 976 675 1011 habitus
703 978 887 1019 virtutum,
917 976 1084 1023 parvulus
1110 987 1174 1021 pei·
1198 962 1423 1012 humilitatem

34 1054 176 1079 morum.

123 1109 364 1154 Blasiuskeum
389 1110 481 1144 omni
503 1108 767 1144 mansuetudine
792 1113 826 1144 et
853 1110 1038 1144 sanctitate
1055 1107 1215 1153 polleret,
1244 1106 1423 1142 christiani

34 1186 108 1211 eum
135 1177 169 1210 in
195 1175 344 1211 Sebaste
377 1177 520 1210 civitate
555 1174 802 1219 Cappadociae
828 1177 863 1209 in
889 1176 1090 1219 episcopum
1115 1173 1316 1218 clegerunt,
1364 1177 1422 1219 qui

33 1243 239 1287 episcopatu
272 1245 436 1286 suscepto
469 1240 513 1275 ob
547 1240 763 1285 Dyocletiaui
798 1242 1072 1286 persecutionem
1100 1238 1298 1283 speluncam
1326 1242 1424 1284 petiit

34 1312 69 1342 et
90 1307 138 1342 ibi
164 1309 374 1343 eremiticam
400 1308 505 1341 vitam
528 1305 638 1347 duxit,
664 1307 717 1339 cui
733 1316 816 1340 aves
842 1305 1004 1350 pabulum
1022 1304 1218 1339 afferebant
1231 1315 1271 1339 ac
1287 1306 1361 1341 sere
1377 1307 1420 1341 ad

34 1385 109 1410 eum
134 1375 342 1408 unanimiter
365 1371 585 1406 confluebant
610 1376 657 1414 et,
683 1371 759 1405 dum
787 1381 895 1416 usque
921 1372 1120 1415 imponeret,
1132 1380 1267 1404 manum
1292 1373 1337 1406 iis
1363 1372 1423 1407 be-

34 1439 210 1483 nedicens,
235 1449 303 1473 uon
330 1437 540 1474 recedebant
560 1437 603 1470 ab
631 1447 684 1471 eo.
722 1437 877 1482 Denique
906 1439 935 1470 si
964 1446 1052 1482 quae
1077 1436 1351 1479 infirmabantur,
1378 1439 1422 1472 ad

34 1516 109 1540 cnm
147 1506 310 1539 continuo
352 1503 537 1538 veniebant
573 1506 607 1536 et
648 1503 833 1536 sanitatem
875 1502 917 1536 ad
965 1503 1139 1547 integrum
1179 1502 1420 1546 reportabant

32 1572 182 1606 Praeses
204 1571 314 1616 igitur
336 1570 430 1604 illius
464 1569 620 1614 regionis
647 1567 725 1601 dum
753 1567 880 1602 milites
910 1578 991 1601 suos
1018 1567 1062 1600 ad
1091 1567 1282 1601 venandum
1308 1570 1423 1603 misis-

33 1641 87 1672 set
111 1640 145 1672 et
168 1636 218 1670 illi
244 1637 279 1670 in
304 1645 428 1670 vanum
454 1633 540 1669 alibi
564 1633 767 1668 laborantes
783 1633 825 1667 ad
843 1637 976 1667 antrum
992 1634 1101 1667 sancti
1119 1632 1227 1667 Blasii
1244 1644 1327 1668 casu
1340 1644 1419 1679 per-

35 1703 222 1745 venissent,
248 1711 407 1748 magnam
433 1699 562 1735 ibidem
585 1699 775 1734 bestiarum
805 1699 1055 1734 multitudinem
1081 1703 1161 1734 ante
1187 1701 1299 1744 ipsum
1325 1704 1420 1734 stau-

31 1770 114 1802 tium
140 1772 366 1812 repererunt,
404 1777 492 1813 quas
516 1766 594 1800 dum
619 1765 816 1800 nullatenus
842 1775 968 1810 capere
994 1770 1157 1810 possent,
1194 1768 1333 1800 attoniti
1359 1777 1422 1801 suo

31 1835 168 1869 domiuo
196 1834 408 1876 nuntiarunt,
434 1834 630 1878 quistatim
658 1832 785 1866 milites
812 1832 930 1877 plures
956 1833 1048 1865 misit
1074 1836 1119 1873 et,
1146 1836 1182 1865 ut
1208 1834 1319 1877 ipsum
1346 1843 1420 1866 oum

32 1900 188 1935 omnibus
207 1899 405 1934 christianis
432 1898 478 1934 ad
504 1908 541 1933 se
566 1897 780 1932 adducerent
805 1899 1006 1943 praecepit,
1034 1899 1066 1931 in
1093 1899 1170 1942 ipsa
1187 1902 1301 1932 autem
1318 1902 1420 1933 nocte

29 1972 84 2001 tei·
116 1965 275 2001 Christus
307 1967 341 2000 ei
372 1965 538 2010 apparuit
572 1963 708 1998 dicens:
758 1973 863 2009 surge
895 1967 929 1998 et
963 1964 1050 1998 offer
1086 1963 1168 1996 mihi
1201 1964 1417 1998 sacrificium.

31 2031 119 2067 Ecce
144 2034 258 2066 autem
283 2030 499 2065 advenerunt
521 2029 648 2064 milites
674 2029 849 2064 dicentes:
899 2028 1091 2074 egredere,
1128 2034 1230 2063 vocat
1254 2034 1287 2063 te
1315 2039 1417 2074 prae-

30 2107 99 2132 ses.
149 2095 280 2137 Quibus
303 2095 484 2140 respondit
506 2098 654 2129 sanctus
671 2095 830 2129 Blasius:
859 2094 945 2129 bene
970 2096 1126 2138 venistis,
1156 2095 1229 2137 filii,
1251 2105 1339 2129 nunc
1366 2097 1416 2129 vi-

30 2162 118 2206 deo,
168 2162 261 2208 quod
283 2162 376 2197 Deus
402 2172 470 2195 non
494 2164 548 2196 est
573 2161 702 2196 oblitus
727 2162 805 2195 mei.
870 2159 1026 2206 Pergens
1052 2171 1135 2195 vero
1163 2171 1236 2194 oum
1264 2162 1306 2194 iis
1332 2171 1416 2194 nun-

31 2238 133 2274 quam
165 2238 186 2262 a
219 2227 480 2274 praedicatione
515 2229 667 2262 cessavit
706 2232 740 2262 et
772 2237 887 2261 coram
921 2227 965 2260 iis
990 2225 1166 2260 mirabilia
1190 2226 1297 2260 multa
1323 2226 1414 2260 fecit.

31 2294 128 2329 Tunc
154 2293 276 2328 mulier
298 2293 469 2338 quaedam
493 2293 598 2328 filium
623 2303 721 2328 suum
748 2294 970 2328 morientem.
1019 2293 1054 2325 in
1078 2293 1177 2336 cujus
1210 2296 1350 2337 gutture
1376 2300 1415 2324 os

31 2360 137 2405 piscis
162 2363 398 2393 transversum
425 2363 514 2402 erat,
541 2359 586 2393 ad
607 2359 717 2407 pedes
743 2359 819 2404 eJus
844 2357 961 2392 attulit
985 2361 1018 2391 et
1045 2360 1082 2391 ut
1110 2360 1312 2398 sanaretur,
1339 2366 1414 2390 eum

30 2425 181 2460 lacrimis
208 2423 421 2470 postulabat.
477 2424 624 2458 Sanctus
649 2435 732 2459 vero
757 2423 897 2458 Blasius
925 2433 1032 2466 super
1057 2432 1132 2456 eum
1159 2431 1279 2455 manus
1302 2422 1414 2466 impo<

30 2499 116 2525 nens
140 2490 274 2529 oravit,
301 2494 338 2523 ut
362 2500 448 2534 puer
473 2479 534 2524 ille
553 2493 592 2525 *et
615 2500 756 2531 omnes,
785 2489 843 2534 qui
868 2489 901 2521 in
930 2488 1006 2533 ejus
1031 2488 1166 2522 nomine
1194 2486 1326 2533 aliquid
1353 2497 1413 2532 pe-

28 2560 160 2598 terent,
189 2556 350 2590 sanitatis
377 2554 576 2590 beneficium
603 2554 820 2590 obtinerent,
849 2557 880 2588 et
909 2555 1024 2587 statim
1053 2557 1197 2587 sanatus
1222 2557 1285 2587 est.
1334 2553 1413 2589 Mu-

28 2621 94 2656 lier
118 2620 287 2666 quaedam
314 2620 527 2666 paupercula
555 2631 654 2655 uuum
680 2620 788 2654 solum
817 2629 955 2664 porcum
984 2618 1138 2661 liabens.
1176 2629 1274 2665 quem
1302 2623 1413 2654 tamen

30 2685 199 2722 violenter
231 2687 332 2732 lupus
369 2691 551 2732 rapuerat,
602 2689 756 2721 sanctum
783 2685 935 2720 Blasium
962 2684 1237 2730 deprecabatur,
1287 2689 1322 2720 ut
1348 2684 1413 2720 sibi
