1742 3005
327 43 421 91 (ap.
454 43 554 79 CXl.
613 44 671 80 De
710 52 840 80 sancto
872 43 1069 94 Stephano
1100 56 1209 95 papa.
1382 44 1458 81 461

537 243 660 310 cn).
696 245 805 307 cxi.
839 225 990 308 (106.)

305 345 405 388 De
436 346 656 389 saneto
688 345 1015 400 Stephano
1048 355 1224 400 papa.

163 452 362 497 Stephanus
397 463 491 497 papa
523 464 596 486 cum
631 453 756 486 multos
793 454 973 497 gentilium
1003 453 1108 487 verbo
1136 459 1169 488 et
1197 453 1354 497 exemplo
1381 464 1462 487 con-

73 520 236 553 vertisset
262 523 296 552 et
321 518 427 552 multa
451 528 600 562 corpora
626 522 822 551 sanctorum
850 521 1024 552 martirum
1056 519 1275 563 sepeliisset,
1313 529 1333 552 a
1359 518 1462 553 Vale-

73 586 171 619 riano
199 588 233 617 et
260 582 418 617 Gallieno
446 593 536 616 anno
564 582 694 616 domini
722 582 841 617 CCLX
867 593 996 617 summo
1024 584 1139 618 studio
1165 586 1400 629 perquiritur,
1426 588 1463 617 ut

71 660 144 684 eum
171 653 205 683 et
229 648 377 682 clericos
406 652 464 681 aut
491 647 689 682 sacrificare
717 653 884 693 cogerent
922 654 981 683 aut
1007 650 1191 694 suppliciis
1221 650 1371 684 diversis
1398 661 1460 693 pu-

70 717 194 749 nirent.
244 713 492 758 Dederuntque
519 713 689 754 edictum,
726 718 785 755 ut,
822 715 1018 759 quicunque
1046 726 1106 748 eos
1135 715 1319 759 proderet,
1354 720 1460 749 totam

69 791 188 816 eorum
213 780 445 814 substantiam
473 778 681 822 possideret.
733 779 955 823 Quapropter
986 780 1103 814 decem
1139 781 1182 814 do
1217 781 1293 825 ejus
1320 781 1460 814 clericis

72 845 314 891 comprehensi
337 848 465 878 suntet
483 846 558 878 sine
577 845 755 878 audientia.
780 832 955 878 decollati.
1005 845 1172 890 Sequenti
1190 845 1245 880 die
1261 845 1460 890 Stephanus

71 922 164 957 papa
199 910 502 955 comprehenditur
539 915 573 944 et
605 910 648 943 ad
683 910 843 954 templum
883 909 1008 944 Martis
1043 911 1199 952 ducitur,
1245 916 1282 945 ut
1317 911 1365 944 ibi
1402 916 1460 945 aut

68 978 207 1022 ydolum
239 977 404 1010 adoraret
438 979 498 1008 aut
531 975 714 1018 capitalem
752 977 959 1009 sententiam
985 976 1129 1011 subiret.
1180 977 1249 1011 Sed
1275 988 1348 1011 cum
1374 983 1460 1012 tem-

71 1044 161 1087 plum
189 1044 369 1087 ingressus
397 1040 524 1074 suisset
548 1044 581 1074 et
609 1040 738 1081 Deum,
766 1045 801 1074 ut
829 1043 939 1085 ipsum
966 1042 1126 1086 templum
1154 1042 1372 1084 destrueret,
1399 1054 1460 1077 ex-

70 1112 227 1149 orasset,
254 1108 368 1141 statim
398 1116 526 1152 magna
552 1116 633 1150 pars
660 1107 778 1150 templi
805 1109 936 1140 corruit
967 1112 1001 1140 et
1028 1109 1138 1141 omnis
1163 1108 1346 1142 multitudo
1376 1120 1460 1153 prae

71 1174 173 1207 nimio
199 1174 323 1207 timore
349 1172 508 1217 aufugit,
548 1173 623 1216 ipse
650 1182 730 1205 vero
759 1173 801 1206 ad
827 1175 1032 1207 cimiterium
1059 1178 1200 1207 sanctae
1225 1173 1354 1208 Luc-iae
1381 1185 1459 1218 per-

70 1240 169 1273 rexit.
219 1238 316 1278 Quod
352 1238 496 1271 audiens
532 1237 738 1271 Valerianus
774 1238 901 1272 milites
938 1238 1056 1282 plures
1093 1240 1269 1282 prioribus
1312 1240 1355 1273 ad
1385 1252 1459 1275 eum

71 1306 175 1346 misit,
202 1305 260 1348 qui
287 1304 461 1337 venientes
489 1313 562 1336 eum
593 1304 733 1335 missam
761 1303 994 1337 celebrantem
1022 1306 1226 1337 invenerunt
1254 1309 1286 1338 et
1312 1309 1459 1339 stantem

72 1368 278 1413 intrepidum
306 1378 345 1402 ac
372 1369 510 1412 incepta
537 1366 662 1401 devote
689 1366 924 1410 perficientem
946 1369 978 1401 in
1001 1378 1066 1402 sua
1082 1369 1165 1403 sede
1183 1369 1457 1404 decollaverunt.

513 1690 638 1757 GAP.
689 1691 819 1757 exn.
863 1691 1014 1758 (107.)

215 1792 315 1835 De
342 1789 726 1836 inventione
757 1793 964 1837 saneti
996 1791 1307 1848 Stephani

508 1868 995 1922 protomartiris.

156 1971 310 2006 Inventio
335 1975 494 2017 corporis
521 1978 777 2018 protomartiris
798 1977 966 2021 Stephani
987 1987 1077 2010 anno
1099 1977 1228 2010 domini
1251 1976 1461 2011 CCCCXVlI

69 2036 212 2070 Honorii
245 2038 411 2081 principis
445 2047 535 2072 anno
560 2038 619 2073 Vll
654 2040 746 2073 sacta.
774 2041 883 2075 fuisse
912 2046 1084 2075 narratur.
1133 2041 1320 2085 Reperitur
1345 2045 1458 2074 autem

69 2103 145 2147 ejus
174 2103 344 2143 inventio,
378 2102 563 2136 translatio
597 2108 631 2138 et
657 2106 868 2149 conjunctio.
915 2104 1073 2139 Inventio
1107 2107 1216 2149 ipsius
1242 2105 1308 2139 hoc
1336 2105 1458 2139 ordine

69 2167 164 2201 faeta
198 2167 272 2200 suit.
321 2167 406 2201 Nam
440 2178 514 2202 cum
548 2169 686 2213 quidam
713 2169 890 2214 presbiter
924 2171 1060 2204 nomine
1088 2169 1265 2204 Lucianus
1294 2172 1328 2204 in
1352 2172 1456 2205 terri-

66 2233 158 2266 torio
192 2231 520 2275 Hierosolimitano,
555 2244 654 2279 quem
694 2234 894 2269 Gennadius
929 2237 1019 2269 inter
1051 2235 1206 2269 illustres
1242 2237 1336 2269 viros
1363 2246 1454 2270 com-

68 2301 235 2332 memorat
280 2302 315 2332 et
360 2297 446 2332 haec
496 2295 657 2343 scripsit,
706 2299 796 2333 seria
839 2304 941 2333 sexta
983 2302 1016 2333 in
1068 2304 1180 2334 stratu
1228 2310 1291 2333 suo
1339 2302 1457 2344 quies-

67 2366 164 2396 ceret
188 2367 223 2396 et
247 2372 358 2408 paene
386 2363 570 2408 vigilaret,
597 2364 737 2408 quidam
763 2365 816 2397 vir
841 2374 947 2398 senex
973 2369 1110 2399 statura
1135 2374 1324 2409 proceruS,
1360 2365 1457 2399 vultu

67 2426 236 2469 decorus,
265 2427 377 2462 barba
402 2428 558 2473 prolixa,
585 2429 693 2473 pallio
722 2429 870 2463 candido
897 2431 1065 2471 amictus,
1093 2431 1147 2463 eui
1172 2429 1367 2474 gemmulae
1391 2439 1454 2464 au-

66 2501 149 2527 reae
181 2496 217 2527 et
250 2503 370 2528 cruces
406 2495 542 2527 inerant
569 2498 774 2536 contextae,
817 2494 995 2529 calceatus
1031 2493 1158 2539 caligis
1196 2495 1232 2528 in
1271 2493 1454 2539 superficie

65 2555 245 2591 deauratis
272 2558 383 2593 eidem
408 2559 582 2603 apparuit.
633 2558 698 2598 Qui
723 2569 824 2592 manu
858 2568 998 2593 auream
1031 2560 1162 2604 vii-gam
1189 2564 1311 2594 tenens
1336 2561 1453 2605 tetigit

66 2631 141 2656 eum
167 2621 308 2658 dicens:
332 2633 464 2658 summa
487 2633 561 2658 cum
587 2623 772 2669 diligentia
795 2627 935 2658 nostros
961 2623 1152 2668 patefacito
1176 2624 1344 2666 tumulos,
1371 2626 1453 2669 quia
