1742 3005
367 101 464 152 Cap.
496 101 616 139 XCll.
676 102 737 140 De
770 108 897 139 sancta
927 100 1149 140 Theodora.
1375 101 1455 139 397
1484 103 1489 108 '

524 319 649 380 cir.
684 318 817 397 xcu.
850 309 980 380 (87.)

294 421 434 485 *De
478 420 743 464 saneta
773 405 1196 463 Theodora.

155 526 345 562 Theodora
378 528 507 561 nobilis
537 528 661 562 mulier
686 532 720 562 et
751 537 883 572 sponsa
911 526 1003 571 apud
1028 525 1276 561 Alexandriam
1302 528 1457 570 tempore

68 592 219 628 Zenonis
244 594 466 637 imperatoris
495 594 603 626 virum
630 592 786 627 habebat
811 592 951 626 divitem
982 595 1015 626 et
1034 593 1207 626 timentem
1225 591 1346 633 Deum,
1372 590 1458 635 dya-

67 658 168 692 bolus
195 661 308 691 autem
334 656 546 692 Theodorae
573 658 731 692 invidens
757 659 936 692 sanctitati
970 659 1077 692 virum
1112 657 1283 703 quendam
1316 657 1457 691 divitem

67 725 101 757 in
150 722 245 757 illius
291 724 611 768 concupiscentiam
654 725 831 765 incitavit,
879 724 936 768 qui
974 733 1048 757 eam
1091 723 1225 757 crebris
1259 723 1390 756 nuntiis
1425 727 1459 756 et

65 788 264 824 muneribus
289 788 521 830 molestabat,
553 793 591 823 ut
624 799 806 824 assensum
841 784 916 822 sibi*
943 788 1140 833 praeberet.
1189 787 1258 822 Sed
1283 788 1345 821 illa
1366 799 1457 822 nun-

64 855 134 889 tios
166 854 359 899 respuebat
393 858 428 888 et
457 865 601 889 munera
625 854 879 889 contemnebat.
928 854 965 888 In
990 858 1119 887 tantum
1146 858 1259 887 autem
1286 863 1359 887 eam
1385 864 1458 886 mo-

65 920 238 962 lestabat,
266 920 357 966 quod
384 921 494 964 ipsam
526 922 676 965 quietem
702 919 833 954 habere
854 930 924 953 non
950 921 1167 964 permitteret
1200 922 1233 953 et
1260 928 1371 963 paene
1397 918 1458 953 de-

67 984 170 1020 ficere
197 985 392 1027 videretur,
416 985 555 1020 tandem
582 986 754 1031 quandam
782 995 917 1031 magam
945 984 988 1018 ad
1015 994 1089 1019 eam
1117 986 1228 1026 misit,
1255 995 1343 1030 quae
1370 995 1458 1021 eam,

66 1056 103 1085 ut
128 1053 192 1086 viri
218 1051 312 1086 illius
336 1052 562 1086 misereretur
586 1051 724 1096 sibique
751 1052 985 1092 consentiret,
1023 1051 1204 1095 plurimum
1238 1051 1457 1085 hortabatur.

67 1117 164 1157 Quae
187 1128 261 1152 cum
291 1117 441 1160 diceret,
468 1128 506 1152 se
534 1128 649 1152 coram
673 1117 785 1152 oculis
810 1117 876 1151 Dei
903 1120 1026 1151 cuncta
1045 1118 1220 1151 cernentis
1238 1121 1307 1150 tam
1323 1117 1459 1163 grande

66 1187 247 1230 peccatum
274 1193 446 1228 nunquam
475 1186 703 1226 committere,
730 1183 886 1218 malefica
911 1182 1090 1227 adiunxit:
1128 1182 1299 1228 quidquid
1334 1184 1368 1217 in
1402 1183 1458 1218 die

65 1249 122 1293 fit,
153 1249 218 1284 hoc
242 1250 363 1294 utique
388 1249 481 1284 Deus
508 1251 573 1284 scit
597 1253 631 1284 et
657 1249 771 1290 videt,
801 1248 969 1294 quidquid
997 1252 1109 1283 autem
1140 1248 1459 1293 advesperascente

65 1320 99 1351 et
136 1315 315 1350 occidente
356 1315 430 1349 sole
475 1316 721 1356 committitur,
766 1314 859 1348 Deus
902 1315 1039 1348 minime
1072 1315 1237 1348 intuetur.
1295 1314 1460 1359 Dixitque

66 1381 183 1426 puella
207 1380 405 1415 maleficae:
431 1380 595 1425 numquid
620 1382 801 1414 veritatem
825 1379 941 1414 dicis?
988 1378 1031 1413 Et
1055 1379 1136 1413 illa:
1163 1381 1266 1413 etiam
1296 1379 1373 1413 dico
1400 1390 1459 1414 ve-

65 1449 215 1482 ritatem.
263 1445 419 1491 Decepta
443 1446 561 1490 puella
586 1445 701 1481 verbis
727 1446 904 1480 maleficae
928 1445 1036 1487 dixit,
1071 1449 1108 1479 ut
1142 1444 1460 1490 advesperascente

66 1513 121 1547 die
156 1514 264 1546 virum
299 1499 343 1545 ad
374 1521 412 1545 se
447 1512 566 1546 venire
600 1511 751 1552 faceret,
790 1515 824 1545 et
860 1510 1070 1545 voluntatem
1107 1521 1204 1545 suam
1239 1510 1459 1556 adimpleret.

66 1577 165 1618 Quod
190 1587 264 1612 cum
292 1578 367 1612 viro
392 1577 590 1619 retulisset,
616 1576 676 1611 ille
701 1576 923 1611 veliementer
947 1576 1127 1610 exsultans
1154 1576 1254 1617 hora,
1283 1587 1352 1621 qua
1377 1588 1459 1611 con-

66 1643 225 1685 dixerat,
261 1642 306 1677 ad
331 1653 406 1677 eam
431 1644 527 1677 venit
553 1652 738 1687 secumque
763 1642 948 1676 concubuit
974 1645 1008 1676 et
1040 1641 1232 1684 abscessit,
1270 1642 1461 1677 Theodora

65 1713 180 1744 autem
215 1708 260 1743 ad
296 1719 334 1744 se
367 1710 478 1753 ipsam
503 1707 641 1743 rediens
667 1710 883 1742 amarissime
910 1707 1016 1742 flebat
1048 1711 1083 1743 ct
1108 1708 1230 1742 faciem
1257 1718 1354 1742 suam
1380 1718 1460 1752 per-

64 1775 218 1810 cutiebat
253 1774 393 1810 dicens:
434 1773 522 1817 heu,
570 1773 639 1808 heu
671 1785 746 1816 me,
783 1773 920 1818 perdidi
953 1775 1100 1808 animam
1138 1784 1269 1816 meam,
1305 1774 1462 1808 destruxi

65 1844 244 1887 aspectum
271 1840 408 1876 decoris
434 1841 512 1876 mei.
560 1839 623 1875 Vir
656 1844 770 1874 autem
807 1840 884 1885 ejus
917 1839 1052 1874 domum
1087 1840 1226 1875 rediens
1260 1843 1294 1874 et
1318 1850 1461 1874 uxorem

65 1917 161 1942 suam
201 1908 251 1942 sic
283 1906 477 1941 desolatam
515 1909 550 1940 et
585 1910 795 1941 moerentem
832 1905 952 1940 videns
988 1916 1129 1940 causam
1162 1909 1276 1940 tamen
1302 1907 1461 1940 nesciens

66 1982 141 2007 eam
165 1972 342 2006 consolari
375 1971 574 2014 nitebatur,
608 1971 670 2006 sed
700 1972 768 2025 ‚illa
803 1972 932 2006 nullam
968 1972 1243 2007 consolationem
1280 1973 1461 2016 percipere

66 2037 229 2079 volebat,
266 2046 366 2071 mane
402 2041 516 2071 autem
551 2037 644 2071 sacto
678 2036 851 2081 quoddam
877 2039 1123 2072 monasterium
1149 2037 1348 2071 monialium
1375 2036 1463 2069 adiit

66 2108 101 2140 et
123 2102 341 2138 abbatissam
365 2102 611 2146 interrogavit,
644 2111 688 2134 an
713 2101 805 2135 Deus
832 2102 1004 2146 quoddam
1030 2112 1140 2146 grave
1168 2101 1341 2142 delictum,
1369 2101 1462 2146 quod

66 2169 122 2204 die
148 2169 465 2213 advesperascente
491 2167 731 2207 commiserat,
767 2168 856 2201 scire
881 2170 1013 2211 posset.
1063 2166 1126 2200 Cui
1160 2166 1240 2200 illa:
1277 2165 1361 2200 nihil
1387 2165 1461 2200 Deo

67 2234 236 2269 abscondi
261 2236 378 2279 potest
402 2237 436 2268 et
460 2232 552 2267 Deus
579 2233 645 2266 scit
669 2236 703 2267 et
730 2231 823 2267 videt
859 2243 982 2274 omne,
1019 2232 1111 2277 quod
1148 2232 1204 2274 fit,
1245 2241 1460 2277 quacumque

67 2298 157 2332 hora
188 2298 274 2332 illud
307 2299 551 2333 committatur.
601 2297 698 2338 Quae
736 2298 822 2333 flens
856 2308 973 2333 amare
1007 2297 1113 2332 dixit:
1151 2298 1196 2332 da
1229 2297 1311 2332 milii
1335 2297 1460 2331 librum

68 2365 181 2399 sancti
231 2363 428 2408 evangelii,
486 2367 524 2397 ut
566 2366 697 2398 sortiar
738 2367 861 2398 memet
904 2365 1028 2408 ipsam.
1102 2365 1274 2408 Aperiens
1311 2364 1460 2407 reperit:

68 2429 159 2475 quod
187 2428 334 2472 scripsi,
362 2429 503 2472 scripsi.
547 2427 698 2464 Rediens
725 2439 810 2475 ergo
837 2428 971 2462 domum
988 2456 996 2470 ,
1033 2429 1111 2463 dum
1146 2427 1295 2473 quadam
1326 2427 1383 2462 die
1408 2429 1461 2463 vir

67 2506 150 2531 suus
176 2494 340 2536 abesset,
365 2502 496 2527 comam
522 2502 618 2527 suam
644 2493 834 2538 praecidit,
873 2495 1080 2528 vestimenta
1116 2495 1182 2528 viri
1207 2503 1388 2529 assmuens
1414 2493 1460 2528 ad

67 2560 241 2607 quoddam
265 2559 511 2593 monasterium
540 2557 803 2600 monachorum,
842 2558 935 2602 quod
970 2569 1032 2603 per
1057 2562 1135 2593 octo
1160 2559 1324 2594 milliaria
1349 2558 1459 2594 dista-

66 2626 148 2668 bat,
186 2623 377 2660 festinabat
401 2627 447 2665 et,
474 2627 510 2657 ut
545 2623 673 2657 ibidem
699 2633 773 2657 cum
810 2623 988 2658 monachis
1015 2625 1250 2669 reciperetur,
1285 2625 1386 2669 petiit
1413 2628 1458 2666 et,

68 2690 160 2736 quod
186 2691 307 2736 petiit,
343 2690 552 2735 impetravit.
599 2688 820 2734 Interrogata
853 2688 896 2725 de
921 2690 1057 2725 nomine
1083 2689 1191 2734 dixit,
1231 2700 1269 2726 se
1294 2677 1459 2725 'fheodo-
