1742 3005
410 88 505 138 Cap.
536 86 657 124 XXX.
720 89 775 124 De
807 92 936 124 sancto
967 87 1132 125 Juliano.
1388 88 1459 126 141

76 192 394 228 cenomanensibus
419 194 605 238 episeopus
633 192 815 226 ordinatus
840 196 913 235 est3
940 192 995 227 hie
1012 192 1127 227 multis
1148 192 1333 228 virtutibus
1348 193 1462 228 clarus

74 264 145 294 tres
175 259 278 293 etiam
312 262 468 293 mortuos
503 260 686 293 suscitavit
717 262 750 292 et
784 258 1001 303 postmodum
1028 260 1061 293 in
1091 269 1176 303 pace
1203 261 1345 304 quievit.
1393 260 1461 295 Iste

73 324 198 358 dieitur
223 334 302 359 csse
325 324 385 359 ille
409 324 588 367 Julianus,
617 326 675 370 qui
704 323 747 357 ab
776 323 1019 358 itinerantibus
1046 335 1109 369 pro
1135 325 1340 360 inveniendo
1369 325 1461 360 bono

73 389 226 435 hospitio
251 391 445 433 invocatur,
474 401 515 425 eo
542 390 633 435 quod
663 391 695 423 in
720 389 821 422 domo
847 391 923 434 ejus
949 389 1106 423 dominus
1135 390 1239 424 suerit
1252 390 1459 436 hospitatus.

73 455 144 490 Sed
168 456 284 490 verius
310 456 448 490 videtur
472 467 550 491 esse
577 456 666 489 alius
692 455 864 495 Julianus,
891 456 949 498 qui
973 455 1107 489 scilicet
1126 460 1306 500 utrumque
1334 467 1461 501 paren—

74 527 138 556 tem
163 523 369 567 ignoranter
393 521 537 563 occidit,
571 522 669 565 cujus
695 519 853 564 hystoria
877 519 970 553 infra
995 524 1153 565 ponetur.
1179 542 1224 547 —
1245 542 1290 547 —
1315 526 1356 559 ⁸3.
1382 523 1461 558 Fuit

73 591 107 621 et
131 587 220 621 alius
243 586 404 621 Julianus
429 585 471 620 de
495 586 664 620 Alvernia
689 595 818 631 genere
844 584 993 628 nobilis,
1020 586 1083 621 sed
1108 586 1174 621 lide
1201 587 1373 627 nobilior,
1402 592 1458 634 qui

72 652 247 688 desiderio
275 652 422 685 martirii
445 661 483 686 se
510 651 600 686 ultro
627 650 912 696 persecutoribus
938 651 1121 687 offerebat.
1181 652 1337 689 Tandem
1363 654 1451 690 Cris-

71 721 171 763 pinus
196 717 391 752 consularis
416 718 509 751 misit
532 718 724 751 ministrum
751 722 785 751 et
810 727 885 751 eum
912 717 1022 751 occidi
1047 718 1236 758 mandavit,
1265 721 1357 766 quod
1379 732 1457 756 sen-

70 786 159 819 tiens
184 783 344 819 Julianus
377 787 502 828 sponte
535 783 630 818 foras
664 784 817 828 prosiliit
845 788 879 817 et
903 785 1084 829 quaerenti
1110 786 1304 830 intrepidus
1331 798 1368 822 se
1393 799 1455 834 op—

70 860 202 895 ponens
230 851 389 895 protinus
414 851 517 884 ictum
543 850 699 884 ferientis
725 851 873 894 excepit.
945 851 1052 895 Cujus
1086 855 1190 895 caput
1220 852 1377 888 levantes
1411 856 1455 889 ad

69 920 224 950 sanctum
247 915 446 951 Ferreolum
477 917 606 950 socium
641 915 772 951 Juliani
807 915 1003 950 detulerunt
1037 920 1071 950 et
1097 916 1206 950 eidem
1237 923 1379 953 mortem
1407 922 1453 954 si*

69 982 181 1016 milem
213 983 405 1023 minantur,
455 983 523 1016 nisi
557 983 715 1026 protinus
741 982 946 1015 immolaret.
1020 981 1151 1021 Quibus
1181 992 1255 1016 cum
1282 988 1453 1021 assentire

68 1048 195 1090 nollet,
246 1058 320 1082 eum
358 1047 559 1082 occiderunt
591 1051 625 1082 et
652 1052 756 1093 caput
779 1049 890 1082 sam-ti
915 1047 1046 1082 Juliani
1070 1058 1144 1081 cum
1171 1058 1318 1094 corpore
1343 1055 1452 1086 sani-ti

65 1113 220 1149 Ferreoli
245 1115 280 1147 in
306 1124 374 1148 uno
397 1114 527 1148 tumulo
551 1118 744 1158 posuerunt
768 1118 802 1147 et
827 1118 907 1159 post
931 1114 1056 1148 multos
1081 1124 1191 1148 annos
1219 1121 1359 1151 sanctus
1374 1118 1452 1153 Ma*

66 1184 194 1215 mertus
227 1179 434 1215 Viennensis
469 1181 655 1225 episeopus
689 1181 819 1215 invenit
842 1183 948 1225 caput
972 1181 1083 1214 sancti
1108 1180 1239 1215 Juliani
1264 1183 1355 1217 inter
1378 1194 1451 1218 ma—

65 1257 128 1281 nus
155 1248 268 1280 saneti
288 1245 446 1280 Ferreoli
472 1247 522 1279 ita
543 1246 701 1281 illaesum
728 1250 760 1281 et
788 1248 980 1291 integrum,
1016 1257 1056 1280 ac
1083 1248 1112 1280 si
1138 1247 1258 1281 eadem
1284 1248 1339 1283 die
1365 1250 1450 1284 fuis-

65 1317 119 1348 set
150 1312 333 1358 sepultum.
402 1310 496 1345 Inter
527 1316 668 1346 caetera
701 1311 804 1356 huJus
838 1313 950 1345 saneti
984 1312 1151 1346 miracula
1187 1313 1279 1348 solet
1308 1315 1448 1354 referri,

64 1378 157 1423 quod
180 1388 255 1412 cum
280 1377 418 1422 quidam
445 1376 621 1421 dyaconus
653 1388 737 1411 oves
763 1377 933 1412 ecclesiae
960 1379 1071 1411 sancti
1094 1377 1223 1414 Juliani
1248 1385 1390 1425 raperet
1415 1387 1450 1418 et

64 1448 226 1488 pastores
253 1443 362 1478 eidem
391 1453 434 1477 ex
458 1447 558 1488 parte
584 1444 695 1477 sancti
722 1443 851 1479 Juliani
876 1442 1125 1489 prohiberent,
1168 1445 1227 1479 ille
1251 1448 1448 1492 respondit:

62 1510 222 1545 Julianus
247 1519 314 1544 non
343 1509 491 1543 comedit
515 1510 657 1543 arietes.
729 1508 774 1543 Et
808 1520 887 1544 ecee
912 1514 993 1554 post
1018 1510 1187 1544 modicum
1217 1511 1315 1548 febre
1343 1514 1448 1549 vehe-

63 1577 275 1611 mentissima
299 1578 510 1621 perurgetur
534 1578 568 1610 et
591 1575 827 1610 invalescente
853 1574 972 1617 febre,
998 1576 1090 1621 quod
1119 1587 1140 1610 a
1165 1579 1307 1613 martire
1332 1580 1448 1615 incen-

63 1641 168 1683 ditur,
193 1641 375 1676 confitetur
400 1641 551 1686 fecitque
575 1651 681 1686 super
707 1651 745 1676 se
765 1642 895 1686 Jaetari
923 1651 1072 1687 aquam,
1099 1646 1136 1676 ut
1161 1643 1445 1689 refrigeraretur,

62 1707 124 1742 sed
149 1709 264 1742 statim
289 1711 406 1742 tantus
434 1707 545 1740 sumus
571 1712 606 1741 et
630 1708 744 1742 foetor
769 1707 811 1741 de
835 1718 983 1753 corpore
1007 1709 1084 1754 ejus
1111 1711 1214 1752 exiit,
1262 1714 1297 1744 ut
1321 1714 1446 1753 cuncti,

63 1775 121 1819 qui
145 1773 312 1817 aderant,
357 1773 519 1820 fugerent
541 1777 576 1808 et
602 1775 679 1818 ipse
705 1778 786 1818 post
810 1773 979 1808 modicum
1004 1776 1213 1819 exspiraret.
1263 1776 1345 1811 Cum
1371 1780 1445 1822 qui-

62 1839 139 1873 dam
164 1841 312 1874 rusticus
328 1868 336 1883 ,
366 1844 403 1874 ut
428 1841 478 1874 ait
506 1838 698 1886 Gregorius
723 1839 961 1883 Turonensis,
1005 1841 1040 1874 in
1065 1840 1120 1875 die
1146 1841 1319 1876 dominica
1343 1852 1446 1878 arare

61 1905 184 1948 vellet,
216 1907 375 1951 protinus
401 1906 589 1940 contractis
615 1905 736 1951 digitis
760 1905 974 1940 manum-ium
1001 1909 1154 1950 securis,
1189 1917 1264 1942 cum
1290 1919 1358 1954 qua
1385 1920 1445 1943 vo-

61 1980 187 2005 merem
205 1970 371 2006 mundare
388 1971 541 2015 volebat,
567 1972 644 2016 eJus
670 1971 814 2006 dextrae
839 1971 1013 2015 adhaesit,
1038 1972 1100 2007 sed
1126 1978 1207 2018 post
1229 1973 1316 2008 duos
1336 1985 1444 2009 annos

59 2038 95 2070 in
119 2036 269 2071 eeclesia
293 2038 404 2071 sancti
429 2037 560 2072 Juliani
587 2037 632 2072 ad
655 2038 732 2083 ejus
758 2047 880 2082 preces
901 2042 1042 2073 curatus
1069 2043 1133 2074 est.
1158 2059 1203 2064 —
1225 2060 1269 2065 -—
1294 2044 1339 2077 3.
1366 2040 1445 2075 Fuit

59 2104 203 2147 insuper
226 2102 316 2137 alius
340 2102 500 2138 Julianus
524 2103 634 2138 frater
657 2103 751 2138 beati
775 2103 878 2139 Julii:
930 2105 965 2139 hi
1000 2104 1068 2139 duo
1104 2105 1231 2140 fratres
1256 2106 1301 2140 ad
1327 2106 1443 2141 Theo-

58 2166 192 2202 dosium
217 2169 462 2214 imperatorem
488 2169 811 2204 christianissimum
837 2175 1005 2205 venerunt
1032 2175 1212 2216 petentes,
1252 2176 1290 2206 ut
1314 2173 1441 2217 templa

57 2232 251 2278 ydolorum,
277 2234 471 2280 ubieunque
498 2236 706 2278 invenirent,
736 2236 956 2271 destruerent
981 2241 1015 2271 et
1033 2236 1163 2272 Christi
1189 2238 1356 2272 ecclesias
1382 2248 1442 2272 ae-

59 2297 247 2333 dificarent.
304 2300 404 2340 Quod
427 2301 619 2345 imperator
644 2300 804 2337 lubenter
827 2302 959 2336 faciens
985 2304 1145 2348 scripsit,
1195 2308 1230 2337 ut
1254 2314 1372 2338 omncs
1398 2306 1440 2337 iis

58 2361 208 2397 debeant
232 2363 376 2399 obedire
400 2369 434 2399 et
458 2376 519 2400 eos
546 2369 580 2400 in
606 2368 764 2402 omnibus
790 2368 854 2402 sub
881 2378 996 2412 poena
1009 2369 1134 2412 capitis
1150 2369 1330 2414 adJuvare.
1357 2369 1439 2404 Cum

55 2430 164 2474 igitur
186 2428 282 2463 beati
305 2429 465 2465 Julianus
488 2435 522 2466 et
546 2432 659 2467 Julius
685 2434 720 2466 in
746 2433 845 2474 loco,
880 2434 938 2477 qui
963 2432 1089 2466 dicitur
1112 2432 1349 2476 Gaudianum,
1383 2445 1439 2469 ec-

53 2493 194 2529 clesiam
229 2494 442 2530 fabricarent
474 2500 509 2530 et
541 2498 654 2530 cuncti
683 2501 905 2532 transeuntes
936 2508 997 2532 eos
1032 2499 1065 2531 in
1087 2509 1193 2543 opere
1220 2499 1264 2533 ob
1288 2501 1438 2545 impera-

55 2560 139 2594 toris
164 2552 342 2605 imperium
368 2560 590 2606 adjuvarent,
618 2564 765 2608 contigit
791 2567 826 2597 ut
851 2562 991 2608 quidam
1013 2573 1087 2597 eum
1112 2574 1214 2599 curru
1241 2565 1321 2601 inde
1340 2569 1438 2600 tran-

52 2626 153 2658 situm
180 2625 356 2668 faeerent,
385 2628 442 2672 qui
470 2626 633 2661 dixerunt
657 2627 700 2661 ad
726 2629 891 2662 invicem:
929 2639 1028 2674 quam
1054 2633 1309 2666 excusationem
1334 2642 1438 2676 prae-

53 2690 194 2726 tendere
220 2693 429 2737 poterimus,
468 2697 502 2726 ut
526 2692 627 2728 liberi
654 2696 872 2729 transeamus
897 2698 931 2729 et
954 2697 1120 2741 inopere
1147 2698 1213 2731 isto
1239 2708 1305 2731 non
1335 2708 1436 2732 occu-
