1742 3005
252 132 333 170 272
609 128 706 178 Cap.
736 127 836 165 LXl.
905 127 964 164 De
993 134 1127 166 sancto
1158 128 1289 168 vitali.

253 235 419 280 apparuit
445 232 586 266 dicens:
614 231 726 267 frater
749 230 940 274 Marcelle,
968 241 1075 277 quare
1099 243 1168 267 non
1193 232 1324 278 sepelis
1350 233 1433 268 me?
1481 232 1542 268 Cui
1567 231 1646 267 ille:

252 311 365 334 nonne
390 298 517 332 dudum
543 298 703 343 sepultus
731 308 782 339 eS,
810 297 975 333 domine?
1025 297 1088 331 Cui
1113 298 1315 348 apostolus:
1349 310 1402 333 me
1438 299 1645 344 insepultum

252 370 397 409 reputo,
434 365 597 410 quamdiu
621 363 863 399 Marcellinum
889 363 1100 408 insepultum
1132 362 1265 398 videro.
1315 363 1378 398 Cui
1404 365 1482 399 ille:
1519 375 1645 406 nonne,

253 431 402 474 domine,
430 433 534 473 nosti,
562 432 644 476 quia
671 430 730 465 ille
758 440 889 471 omnes,
921 430 979 474 qui
997 439 1073 463 eum
1096 429 1298 473 sepelirent,
1328 429 1645 465 anatliemasssavit.

252 497 315 530 (lui
340 496 484 531 Petrus:
511 508 625 531 noune
653 498 818 541 scriptum
849 499 913 537 est,
941 495 999 540 qui
1024 505 1062 529 se
1087 495 1256 537 humiliat,
1284 495 1522 530 exaltabitur?
1549 495 1646 530 Unde

251 563 317 596 boe
351 562 533 597 attendere
573 562 736 597 debuisti.
785 562 884 597 Vade
919 563 1027 607 igitur
1060 567 1094 596 et
1116 564 1227 607 ipsum
1262 562 1306 595 ad
1332 561 1440 606 pedes
1467 572 1562 596 meos
1589 571 1646 596 se-

249 620 374 673 pelia‘s.
426 628 490 668 Qui
516 630 632 662 statim
660 630 723 662 ivit
747 633 782 663 et
803 630 908 674 jussa
932 628 1161 662 laudabiliter
1186 628 1381 673 complevit.

718 947 843 1008 GAP.
878 948 988 1010 m.
1039 947 1163 1011 (59.)

583 1047 690 1091 De
740 1048 1004 1091 sancto
1044 1045 1307 1092 vitali.

337 1151 465 1188 Vitatis
491 1155 591 1198 quasi
617 1155 735 1188 vivens
759 1154 855 1195 talis,
884 1155 966 1198 quia
992 1155 1106 1199 qualis
1133 1155 1272 1189 vivebat
1298 1154 1452 1189 exterius
1469 1154 1502 1186 in
1520 1162 1641 1197 opere,

248 1218 330 1253 talis
349 1209 433 1253 erat
458 1219 550 1252 intus
576 1220 611 1252 in
637 1219 753 1254 eorde.
804 1219 866 1254 Vel
889 1219 1015 1254 Vitalis
1040 1230 1060 1253 a
1088 1222 1159 1255 vita
1184 1220 1239 1254 vel
1265 1220 1390 1254 Vitalis
1416 1220 1535 1253 vivens
1561 1218 1641 1261 alis,

247 1285 283 1318 id
311 1289 363 1318 est
386 1289 487 1318 tuens
515 1295 553 1319 se
579 1285 644 1318 alis
672 1286 844 1319 virtutum.
892 1284 972 1330 Ipse
999 1287 1086 1320 enim
1112 1285 1176 1319 suit
1202 1290 1365 1330 tanquam
1386 1294 1473 1318 unus
1500 1284 1542 1318 de
1567 1286 1642 1317 ani-

247 1350 397 1384 malibus
422 1351 506 1393 Dei,
534 1360 622 1395 quae
651 1350 738 1384 vidit
761 1350 947 1393 Ezechiel,
974 1350 1108 1385 habens
1137 1353 1171 1385 in
1199 1361 1238 1385 se
1265 1355 1414 1396 quatuor
1439 1350 1535 1391 alas,
1572 1351 1641 1384 sei-

245 1417 331 1451 lieet
360 1417 448 1450 alam
477 1418 574 1461 spei,
604 1427 673 1462 qua
699 1416 845 1451 volabat
867 1418 900 1450 in
928 1416 1062 1451 coelum
1078 1445 1085 1459 ,
1111 1417 1201 1451 alam
1224 1418 1374 1458 amoris,
1409 1426 1478 1461 qua
1500 1415 1643 1450 volabat

247 1484 282 1516 in
307 1483 437 1524 Deum,
465 1482 555 1517 alam
579 1484 737 1525 timoris,
771 1493 838 1528 qua
864 1470 1013 1516 volabat
1030 1484 1065 1516 in
1100 1483 1269 1524 inferum,
1302 1482 1391 1516 alam
1416 1483 1639 1527 cognitionis,

248 1558 317 1593 qua
351 1548 493 1583 volabat
529 1550 563 1581 in
598 1559 636 1583 se
663 1550 785 1593 ipsum.
834 1547 920 1594 Ejus
948 1550 1068 1593 passio
1094 1549 1129 1582 in
1155 1548 1276 1583 libello
1304 1547 1465 1583 Gervasii
1494 1551 1528 1581 et
1552 1546 1638 1581 Pro-

245 1615 330 1647 tasii
357 1617 495 1657 reperta
521 1613 632 1647 fuisse
661 1619 811 1657 putatur.

335 1678 460 1713 Vitalis
496 1679 596 1712 miles
630 1679 825 1712 consularis
861 1690 902 1713 ex
929 1671 1071 1714 Valeria
1095 1691 1204 1715 uxore
1231 1679 1432 1714 Gervasium
1457 1683 1492 1713 et
1514 1678 1639 1712 Prota-

246 1746 334 1778 sium
369 1746 501 1789 genuit.
551 1744 613 1778 Ilie
657 1754 731 1778 cum
777 1744 922 1778 Paulino
959 1744 1082 1789 judice
1114 1744 1312 1779 Ravennam
1345 1747 1529 1790 ingressus
1563 1754 1638 1778 cum

247 1809 416 1854 quendam
443 1810 569 1843 ibidem
597 1809 822 1843 christianum
848 1809 1016 1844 medicum
1046 1812 1183 1844 nomine
1209 1810 1399 1845 Ursicinum
1428 1815 1509 1854 post
1533 1810 1641 1843 multa

245 1880 492 1909 tormentorum
519 1885 651 1921 genera
671 1877 807 1920 jussum
834 1875 1003 1910 decollari
1029 1875 1164 1910 videret
1190 1880 1223 1910 et
1250 1876 1308 1910 ille
1324 1875 1480 1910 medicus
1499 1876 1638 1908 nimium

247 1943 468 1985 expavisset,
502 1941 709 1976 exclamavit
742 1941 787 1975 ad
822 1951 896 1975 eum
931 1946 1073 1975 sanetus
1106 1941 1232 1976 Vitalis
1260 1941 1398 1976 dicens:
1432 1941 1504 1974 noli
1528 1941 1639 1975 frater

244 2005 401 2041 Ursicino
438 2007 590 2049 medice,
635 2009 693 2052 qui
728 2007 817 2040 alios
854 2017 977 2041 mirare
1011 2008 1244 2049 consuevisti,
1280 2011 1314 2041 te
1350 2009 1462 2052 ipsum
1495 2011 1640 2042 aeterna

245 2075 355 2106 morte
385 2072 570 2115 occidere,
605 2077 639 2107 et
673 2074 731 2118 qui
764 2072 810 2106 ad
848 2068 997 2117 palmam
1029 2084 1093 2118 per
1126 2074 1251 2107 multas
1285 2075 1471 2118 passiones
1498 2074 1637 2116 venisti,

243 2137 315 2171 noli
342 2148 506 2172 eoronam
529 2140 689 2173 amittere
714 2138 778 2172 tihi
804 2149 825 2172 a
849 2139 922 2174 Deo
949 2144 1117 2184 paratam.
1168 2139 1268 2179 Quod
1291 2139 1472 2174 Ursicinus
1491 2139 1637 2173 audiens

244 2203 464 2237 confortatus
491 2208 545 2237 est
579 2208 613 2238 et
641 2204 684 2238 de
710 2215 843 2249 pavore
869 2216 932 2239 suo
958 2207 1142 2250 poenitens
1170 2206 1359 2238 martirium
1394 2204 1545 2239 libente-r
1577 2216 1636 2239 ac-

244 2270 356 2312 cepit,
391 2273 532 2302 sanetus
567 2273 680 2303 autem
720 2269 845 2304 Vitalis
880 2281 955 2305 eum
990 2269 1182 2304 honorilice
1206 2270 1348 2315 sepeliri
1382 2270 1466 2304 feeit
1501 2275 1638 2315 etpost

242 2334 308 2368 boe
342 2334 387 2368 ad
420 2334 600 2368 Paulinum
637 2334 810 2368 dominum
837 2346 934 2369 suum
961 2336 1053 2369 ultra
1078 2337 1197 2370 venire
1225 2337 1419 2370 contemsit.
1468 2335 1530 2371 llle
1553 2347 1636 2371 vero

241 2401 380 2433 nimium
409 2400 628 2444 indignatur,
666 2405 735 2434 tum
762 2402 845 2445 quia
872 2401 915 2434 ad
945 2412 984 2435 se
1009 2403 1127 2436 venire
1164 2401 1296 2444 noluit,
1334 2406 1403 2435 tum
1436 2403 1518 2446 quia
1539 2401 1637 2436 Ursi-

239 2466 350 2498 cinum
388 2465 589 2500 sacrificare
622 2466 791 2501 volentem
828 2469 984 2508 retraxit,
1010 2472 1079 2501 tum
1114 2469 1196 2512 quia
1231 2467 1456 2501 christianum
1482 2477 1521 2501 se
1555 2475 1634 2500 esse

240 2529 406 2571 ostendit,
434 2534 468 2564 et
483 2530 592 2575 jussit
613 2543 689 2566 eum
710 2533 743 2566 in
763 2532 946 2578 equuleum
964 2533 1084 2567 levari.
1113 2533 1175 2567 (lui
1196 2533 1281 2567 dieit
1298 2532 1439 2568 vitalis:
1464 2531 1633 2565 stultissi-

242 2603 316 2626 mus
343 2606 402 2637 es,
438 2597 468 2629 si
503 2608 556 2632 me
593 2602 695 2642 putas
733 2598 920 2642 decipere,
960 2599 1018 2643 qui
1052 2598 1142 2632 alios
1168 2608 1306 2642 semper
1329 2596 1444 2631 studui
1468 2596 1631 2631 liberare.

243 2656 284 2692 Et
309 2660 358 2692 ait
381 2659 545 2695 Paulinus
569 2665 759 2698 ministris:
792 2663 908 2697 ducite
934 2674 1009 2698 eum
1037 2663 1082 2697 ad
1106 2663 1274 2708 palmam,
1309 2665 1343 2695 et
1376 2662 1406 2694 si
1432 2661 1633 2696 saerilieare

243 2723 413 2766 noluerit,
451 2726 585 2760 foveam
617 2728 947 2772 profundissimam,
993 2728 1104 2762 donee
1147 2727 1378 2770 perveneritis
1413 2726 1457 2761 ad
1496 2737 1631 2773 aquam,
