1742 3005
206 68 302 119 Cap.
333 67 540 105 CXXXVI.
596 67 655 105 De
689 67 826 104 sanctis
856 66 998 104 Protho
1030 72 1068 103 et
1094 67 1276 105 Jacincto.
1351 67 1432 112 603

51 172 224 212 dominam
247 182 300 211 me
325 171 442 209 verbis
461 175 632 217 usurpata
656 176 827 217 potestas,
854 182 1008 206 sororem
1034 182 1116 207 vero
1142 172 1316 217 sapientia
1334 172 1431 216 fecit,

49 238 156 273 simus
172 248 258 284 ergo
274 237 401 272 fratres
421 241 455 272 et
473 237 646 272 Christum
657 248 855 282 sequamur.
891 236 1009 272 Placet
1026 237 1207 271 consilium
1224 241 1258 272 et
1276 243 1431 273 assumto

48 302 172 337 habitu
201 304 264 337 viri
290 303 334 337 ad
361 304 629 345 monasterium,
665 304 720 337 cui
752 302 902 337 Helenus
940 304 991 337 vir
1015 302 1081 337 Dei
1105 308 1287 347 praeerat,
1324 306 1430 347 venit,

48 370 109 413 qui
132 368 261 402 nullam
285 367 331 402 ad
356 379 394 403 se
420 368 580 403 seminam
608 370 727 403 venire
755 367 906 403 sinebat,
955 368 1019 406 Qui
1047 369 1149 402 etiam
1175 368 1323 412 quadam
1356 370 1432 404 vice

47 444 123 469 cum
148 433 330 468 haeretico
356 434 559 478 disputans,
588 443 662 467 cum
688 434 751 466 vim
777 435 1058 476 argumentorum
1084 431 1178 465 serre
1204 443 1271 466 non
1297 438 1432 477 posset,

48 510 209 546 magnum
235 501 350 546 ignem
378 497 523 533 accendi
547 497 650 538 fecit,
675 500 712 530 ut
736 496 808 537 ille,
837 498 895 540 qui
920 507 987 529 non
1012 495 1288 539 combureretur,
1316 508 1432 532 veram

48 565 149 602 fidem
183 566 393 610 probaretur
425 561 568 597 habere.
618 561 717 601 Quod
751 572 825 596 cum
854 560 982 595 sactum
1008 564 1122 602 esset,
1156 562 1254 604 prior
1288 563 1433 598 intravit

9 666 11 668 .
49 634 83 665 et
107 631 249 666 illaesus
277 630 384 670 exiit,
409 626 608 665 haereticus
635 631 771 669 autem,
797 637 871 661 cum
900 627 1029 661 intrare
1055 626 1175 668 nollet,
1202 627 1245 661 ab
1272 628 1431 662 omnihus

49 695 213 740 expulsus
239 698 303 729 est.
351 693 406 728 Ad
431 692 520 727 hunc
549 693 657 738 igitur
689 703 764 726 cum
790 693 1000 726 accessisset
1027 696 1060 726 et
1085 702 1122 726 se
1150 693 1258 726 virum
1287 693 1431 735 diceret,

46 762 112 797 ait:
144 764 238 796 recte
264 761 318 795 vir
341 759 489 800 diceris,
527 759 625 804 quia,
662 768 736 792 cum
770 759 819 791 sis
846 756 996 799 semina,
1031 757 1182 792 viriliter
1204 760 1295 803 agis.
1344 758 1431 793 Nam

44 825 114 861 sibi
138 827 215 872 eJus
247 825 403 861 conditio
432 834 453 860 a
488 824 564 860 Deo
601 825 667 860 suit
692 823 861 859 revelata.
907 822 961 856 Ab
990 832 1031 856 eo
1058 823 1167 867 igitur
1199 833 1273 856 eum
1299 822 1430 858 Protho

45 895 79 928 et
109 891 266 928 Jacincto
299 892 526 928 monasticum
558 890 715 925 habitum
749 889 905 932 suscepit
936 892 970 923 et
1004 898 1042 922 sc
1070 887 1211 922 fratrem
1237 887 1432 935 Eugenium

44 956 89 991 ab
116 942 274 992 0⁶mnibus
300 957 472 1001 appellari
498 957 593 992 fecit.
639 955 745 991 Pater
770 959 885 990 autem
913 957 947 988 et
972 958 1082 989 mater
1110 954 1268 989 videntes
1296 966 1432 990 currum

43 1022 225 1068 Eugeniae
250 1021 385 1057 domum
412 1032 556 1056 vacuum
581 1021 744 1063 rediisse,
773 1023 968 1055 moerentes
991 1020 1145 1065 undiquc
1172 1020 1276 1054 liliam
1303 1022 1432 1066 inquiri

44 1088 220 1130 fecerunt,
252 1087 316 1122 sed
349 1088 487 1122 minime
514 1089 669 1123 invenire
695 1090 893 1132 potuerunt.
941 1084 1165 1130 Interrogant
1192 1090 1311 1128 vates,
1348 1086 1430 1132 quid

45 1153 87 1188 de
114 1152 186 1188 filia
210 1152 338 1188 sactum
361 1154 426 1196 sit,
459 1155 518 1198 qui
544 1152 779 1197 respondent,
813 1162 888 1186 eam
924 1161 944 1186 a
970 1151 1045 1186 Diis
1073 1153 1164 1186 iuter
1188 1157 1286 1187 astra
1313 1157 1430 1188 trans-

42 1217 158 1254 latam.
207 1218 379 1258 Quocirca
402 1223 504 1263 pater
530 1219 716 1263 imaginem
750 1216 843 1252 filiae
878 1215 963 1251 secit
995 1221 1029 1252 et
1061 1218 1171 1262 ipsam
1200 1217 1243 1253 ab
1271 1219 1430 1253 omnibus

43 1283 186 1319 adorari
219 1283 416 1326 mandavit,
450 1285 530 1328 ipsa
562 1294 646 1318 vero
680 1294 755 1317 cum
792 1284 897 1317 sociis
929 1284 965 1317 in
1000 1282 1065 1317 Dei
1090 1285 1215 1318 timore
1241 1286 1432 1328 permansit

45 1352 80 1383 et
111 1353 247 1384 mortuo
280 1350 485 1393 praeposito
512 1350 591 1394 ipsa
621 1348 833 1393 praeficitur.
881 1346 965 1382 Erat
991 1352 1070 1382 tunc
1093 1349 1332 1384 Alexandriae
1357 1359 1431 1384 ma-

42 1417 146 1448 trona
176 1413 347 1458 quaedam
380 1414 478 1448 dives
513 1418 548 1449 et
580 1414 709 1449 nobilis
741 1414 919 1450 Melancia
960 1415 1120 1457 nomine,
1163 1425 1264 1459 quam
1307 1420 1432 1449 sancta

43 1476 207 1523 Eugenia
232 1478 311 1513 oleo
339 1489 538 1525 perungens
564 1490 585 1514 a
606 1484 777 1525 quartana
795 1480 958 1514 liberavit
977 1482 1009 1513 in
1028 1480 1165 1514 nomine
1183 1479 1268 1514 Jesu
1288 1480 1431 1522 Christi,

45 1543 136 1578 unde
169 1543 278 1579 multa
312 1545 346 1579 ei
380 1546 474 1580 misit
504 1556 668 1588 munera,
712 1546 774 1580 sed
808 1557 876 1579 non
913 1547 1058 1590 recepit.
1108 1546 1295 1581 Praedicta
1325 1545 1434 1594 igitur

44 1612 204 1643 matrona
233 1608 377 1645 fratrem
408 1609 600 1657 Eugenium
635 1610 806 1646 homiuem
838 1621 917 1646 esse
952 1611 1129 1645 arbitrans
1172 1614 1315 1656 saepius
1356 1623 1432 1648 eum

45 1674 215 1711 visitabat
254 1676 447 1722 vidensque
492 1677 701 1722 elegantiam
733 1678 927 1722 juventutis
960 1680 995 1711 et
1025 1676 1320 1721 pulchritudinem
1353 1689 1432 1714 cor-

44 1742 140 1785 poris
167 1742 200 1776 in
233 1743 310 1787 eJus
335 1752 485 1777 amorem
513 1742 735 1777 vehementer
759 1744 904 1785 exarsit,
931 1747 965 1778 et
990 1743 1142 1788 qualiter
1166 1754 1240 1778 cum
1268 1755 1308 1779 eo
1336 1755 1431 1779 com-

43 1807 183 1842 misceri
217 1808 351 1852 possit,
385 1809 491 1842 anxia
524 1809 684 1854 cogitare
715 1811 842 1854 coepit.
893 1809 1068 1844 Simulans
1095 1811 1204 1855 igitur
1227 1810 1432 1855 languorem

44 1872 157 1914 misit,
192 1876 230 1906 ut
263 1872 307 1907 ad
342 1883 418 1908 eam
447 1874 582 1908 veniret
608 1878 642 1908 et
667 1884 706 1908 se
731 1875 886 1909 invisere
909 1875 1127 1921 dignaretur.
1178 1875 1244 1915 Qui
1269 1886 1344 1909 cum
1370 1887 1432 1911 ve-

43 1937 174 1979 nisset,
207 1939 344 1982 aperuit
375 1939 464 1980 sibi,
498 1939 651 1984 qualiter
681 1940 759 1985 ejus
795 1950 913 1975 amore
950 1945 1056 1984 capta
1089 1945 1186 1975 esset
1223 1945 1256 1975 ct
1282 1941 1434 1986 qualiter

44 2001 81 2034 in
105 2001 182 2044 ejits
209 2004 495 2047 concupiscentia
520 2008 718 2047 aestuaret,
749 2014 892 2050 rogans,
919 2009 956 2038 ut
981 2015 1097 2039 secum
1124 2007 1315 2041 carnaliter
1341 2017 1434 2040 com-

44 2065 272 2107 misceretur,
308 2068 494 2110 statimque
535 2078 611 2102 eum
643 2068 913 2113 apprehendens
944 2070 1168 2113 amplectitur
1195 2075 1230 2104 et
1255 2071 1436 2104 osculatur

47 2133 82 2164 et
105 2129 148 2164 ad
175 2131 305 2165 crimen
329 2130 499 2166 hortatur.
550 2131 650 2171 Quod
678 2132 804 2166 sactum
831 2133 940 2167 frater
964 2132 1142 2178 Eugenius
1169 2133 1353 2169 abhorruit
1379 2135 1434 2168 ‹ii-

45 2205 127 2232 cens
162 2197 214 2230 ei:
249 2199 343 2230 recte
377 2206 502 2230 nomen
536 2196 744 2231 Melanciam
777 2196 912 2232 habere
945 2200 1196 2244 cognosceris,
1237 2200 1436 2246 nigredinis

47 2263 136 2296 enim
154 2261 290 2306 repleta
306 2261 456 2305 perfidia
470 2263 576 2308 nigra
596 2262 724 2297 diceris
751 2267 785 2297 et
805 2262 956 2297 obscura
976 2263 1048 2298 filia
1066 2264 1301 2307 tenebrarum,
1324 2267 1438 2300 amica

47 2325 210 2371 dyaboli,
236 2325 305 2360 dux
330 2326 557 2370 pollutionis,
583 2328 769 2362 fomentum
795 2328 976 2371 lihidinis,
1010 2339 1113 2363 soror
1140 2331 1329 2365 anxietatis
1356 2342 1438 2375 per-

48 2395 175 2436 petuae
211 2395 246 2426 et
277 2393 399 2426 mortis
432 2391 505 2427 filia
538 2395 782 2438 sempiternae.
830 2393 897 2427 llla.
929 2404 1014 2428 vero
1040 2404 1080 2428 se
1110 2394 1287 2439 deceptam
1314 2395 1436 2429 videns

48 2461 84 2491 et
115 2457 261 2498 timens,
299 2466 342 2491 ne
378 2456 468 2492 sorte
495 2457 612 2493 scelus
643 2458 860 2503 publicaret,
895 2458 1006 2493 voluit
1037 2460 1117 2504 ipsa
1142 2461 1241 2505 prior
1268 2459 1437 2506 detegere

48 2520 270 2566 clamat-eque
311 2524 448 2568 coepit,
490 2523 584 2568 quod
623 2522 802 2569 Eugenius
842 2525 955 2568 ipsam
992 2523 1105 2558 voluit
1145 2524 1290 2559 violare.
1340 2524 1439 2559 Abiit

49 2581 158 2633 igitur
187 2586 234 2622 ad
266 2587 465 2633 Philippum
498 2587 713 2633 praelectum
746 2593 781 2624 et
815 2588 1008 2634 conquesta
1038 2593 1092 2623 est
1126 2588 1267 2624 dicens:
1297 2589 1437 2635 ¹juvenis

52 2651 192 2698 quidam
226 2652 379 2697 perfidus
418 2652 629 2688 christianus
663 2654 706 2688 ad
742 2664 793 2689 me
829 2652 990 2689 medendi
1034 2664 1141 2689 causa
1180 2656 1363 2701 ingressus
1403 2656 1437 2689 in
