1742 3005
298 80 380 120 306
484 79 579 131 Cap.
610 78 788 117 valn.
846 76 906 117 De
935 79 1153 117 inventione
1184 85 1338 115 sanctae
1367 77 1500 115 crucis,

300 188 473 221 narratur.
523 181 664 218 Mortuo
689 184 805 216 tamen
820 181 899 226 ipso
919 179 1148 215 Constantino
1167 180 1416 215 Constantinus
1431 191 1560 215 memor
1578 180 1689 215 vieto--

300 253 375 284 riae
399 249 530 294 patris,
556 256 658 293 quam
683 247 811 281 virtute
837 249 983 281 sanctae
1009 247 1120 279 crucis
1144 245 1335 289 habuerat,
1360 246 1526 281 Helenam
1550 250 1693 280 matrem

301 326 398 350 suam
426 312 702 358 Hierosolymam
726 323 790 357 pro
815 313 896 357 ipsa
921 321 1023 346 cruce
1050 311 1260 345 invenienda
1280 313 1496 354 transmisit,
1522 314 1613 346 sicut
1638 313 1691 345 in-

302 381 412 415 ferius
444 383 499 414 est
532 383 699 413 notatum.
747 378 912 423 Hystoria
946 381 1062 411 tamen
1095 377 1340 411 ecclesiastica,
1379 378 1470 412 hanc
1512 379 1693 412 victorium

301 447 406 481 aliter
431 446 558 479 factam
583 447 715 478 narrat.
763 444 824 478 Ait
838 445 938 485 enirn,
966 442 1070 488 quod,
1100 453 1175 477 cum
1194 442 1395 478 Maxentius
1416 442 1605 477 Romanum
1631 444 1692 476 im-

302 514 436 558 perium
458 507 674 552 invasisset,
707 509 957 544 Constantinus
985 510 1177 553 imperator
1196 510 1300 553 juxta
1323 512 1461 553 pontem
1492 507 1695 550 ¹)Alhinnm

300 589 376 613 cum
401 578 582 613 Maxentio
611 576 836 610 conflicturus
862 575 1014 610 advenit.
1065 575 1148 609 Cum
1174 575 1284 619 igitur
1301 575 1425 608 anxius
1442 573 1584 608 multum
1603 578 1697 608 esset

303 648 338 678 et
362 655 425 689 pro
453 643 521 677 sibi
544 641 713 677 mittendo
739 641 870 675 auxilio
899 640 945 675 ad
971 640 1105 675 eoelum
1128 639 1250 673 oculos
1278 640 1403 674 crebro
1428 639 1584 682 levaret,
1612 638 1697 674 vidit

303 721 365 753 per
389 717 552 752 soporem
585 707 630 741 ad
666 708 813 741 orientis
838 710 972 750 partem
998 707 1033 738 in
1058 705 1156 739 coelo
1181 706 1316 750 signum
1343 705 1482 751 fulgore
1509 706 1613 751 igneo
1640 715 1696 738 ru<

302 775 405 808 tilare
433 772 653 818 angelosque
679 771 824 806 adstare
852 775 886 805 et
909 771 977 805 sibi
1003 769 1143 804 dicere:
1187 770 1436 812 Constantine,
1470 772 1506 804 in
1530 770 1596 804 hoc
1621 771 1695 803 vin-

302 850 373 875 ces.
418 838 482 881 Et,
508 841 546 872 ut
571 837 697 871 dicitur
722 838 756 870 in
781 837 940 881 hystoria
970 837 1170 881 tripartita,
1211 834 1290 869 dum
1318 835 1587 876 Constantinus,
1615 835 1697 879 quid

307 906 371 941 hoc
386 908 493 946 esset,
519 905 717 945 miraretur,
735 902 894 937 Christus
912 906 1014 937 nocte
1032 902 1302 947 superveniente
1318 902 1429 936 eidem
1447 905 1610 946 apparuit
1626 909 1699 934 euni

304 973 428 1017 signo,
458 968 551 1015 quod
576 968 664 1003 vidit
688 969 723 1001 in
750 967 869 1010 coelo,
902 968 1082 1013 jussitque
1108 972 1146 1001 ut
1173 967 1270 1002 lieret
1295 968 1371 1012 ejus
1397 968 1491 1013 signi
1522 966 1698 1012 figuratio,

304 1036 399 1082 quod
425 1036 518 1069 soret
532 1033 747 1068 auxiliumin
763 1033 1017 1079 congressibus
1046 1033 1270 1077 proeliorum.
1322 1033 1423 1067 Tunc
1449 1032 1698 1067 Constantinus

302 1102 417 1136 laetus
443 1099 602 1134 redditus
630 1102 664 1132 et
700 1098 743 1132 de
769 1100 917 1132 victoria
939 1099 1013 1143 jam
1038 1109 1184 1134 securus
1208 1101 1346 1144 signnm
1375 1100 1511 1140 crucis,
1547 1097 1638 1143 quod
1665 1099 1698 1131 in

305 1166 404 1202 coelo
430 1165 587 1206 viderat,
614 1165 649 1198 in
674 1173 739 1198 sua
765 1163 879 1199 fronte
908 1163 1092 1209 designat,
1124 1165 1255 1199 vexilla
1279 1165 1446 1198 militaria
1472 1165 1505 1197 in
1531 1165 1696 1209 signacu-

303 1233 373 1266 lum
410 1232 524 1266 erucis
556 1229 787 1264 transformat
819 1234 853 1264 et
885 1230 920 1264 in
952 1240 1056 1264 manu
1090 1230 1214 1265 dextra
1239 1240 1380 1265 auream
1406 1240 1541 1263 crucem
1567 1233 1696 1273 portat.

304 1298 388 1333 Post
412 1296 481 1331 hoc
507 1295 681 1330 dominum
708 1297 886 1337 exoravit,
911 1306 956 1331 ne
983 1296 1163 1331 dexteram
1189 1306 1304 1337 suam,
1332 1306 1433 1341 quam
1456 1296 1561 1340 signo
1586 1296 1698 1328 crucis

305 1364 490 1403 munierat,
521 1362 671 1396 salutari
704 1372 828 1396 cruore
853 1360 999 1396 Romani
1033 1363 1217 1408 sanguinis
1252 1363 1428 1396 cruentari
1454 1361 1510 1396 vel
1531 1360 1698 1394 maculari

304 1430 545 1474 permitteret,
580 1427 643 1463 sed
677 1428 753 1462 sine
785 1428 968 1473 sanguinis
994 1428 1165 1463 effusione
1190 1429 1369 1463 victoriam
1395 1426 1464 1461 sibi
1488 1426 1531 1461 de
1553 1430 1699 1471 tyranno

306 1497 515 1539 praestaret.
563 1493 766 1528 Maxentius
800 1497 914 1527 autem
946 1494 1076 1539 jussit,
1113 1493 1262 1528 navibus
1297 1493 1343 1527 ad
1377 1493 1571 1537 decipulam
1606 1503 1700 1526 com-

306 1560 446 1604 positis,
472 1558 610 1592 flurium
627 1559 738 1592 sterni
758 1562 792 1592 et
809 1560 1002 1604 suppositis
1030 1559 1195 1604 pontibus
1224 1560 1474 1604 ²)exaequa1·i.
1524 1557 1606 1592 Cum
1627 1559 1701 1603 jam

306 1629 421 1659 autem
447 1623 693 1657 Constantinus
720 1623 765 1656 ad
790 1624 930 1658 fluvium
954 1626 1267 1671 appropinquaret,
1293 1625 1496 1660 Maxentius
1520 1625 1555 1658 in
1580 1634 1701 1658 occur-

306 1701 381 1725 sum
408 1700 482 1724 cnm
509 1690 632 1734 paucis
656 1688 813 1723 velocius
840 1690 872 1723 ei
897 1692 1015 1734 pergit
1035 1690 1186 1735 jubens,
1212 1695 1250 1725 ut
1273 1692 1406 1725 caeteri
1430 1689 1701 1735 subsequantur,

308 1758 432 1801 suique
466 1755 596 1789 oblitus
631 1755 751 1798 operis
783 1758 922 1799 pontem
959 1766 1034 1790 cnm
1069 1757 1189 1799 paucis
1225 1756 1429 1790 conscendit
1467 1759 1502 1790 et
1528 1755 1701 1799 decipula,

309 1832 377 1867 qua
411 1821 674 1855 Constantinum
706 1820 872 1864 decipere
903 1820 1066 1863 volebat,
1099 1825 1152 1855 est
1187 1820 1353 1865 deceptus
1379 1825 1414 1855 et
1439 1822 1473 1854 in
1498 1820 1594 1854 fluvii
1619 1831 1701 1864 pro-

309 1886 449 1920 fundum
485 1885 687 1929 demersus,
727 1885 977 1920 Constantinus
1011 1897 1094 1921 vero
1127 1887 1170 1920 ab
1205 1886 1365 1920 omnibus
1405 1887 1615 1920 unanimiter
1649 1890 1703 1920 est

308 1956 492 1996 susceptus
510 1956 555 1993 et,
581 1953 672 1986 sicut
695 1951 826 1997 legitur
841 1952 873 1985 in
890 1952 1039 1997 quadam
1063 1951 1230 1986 chronica
1255 1952 1342 1986 satis
1367 1951 1581 1993 authentica,
1609 1951 1700 1986 Con-

308 2019 481 2051 stantinus
507 2020 588 2055 tunc
614 2015 771 2061 perfecte
797 2027 865 2050 non
891 2016 1042 2051 credidit
1065 2028 1128 2052 nec
1154 2022 1234 2052 tunc
1260 2026 1396 2051 sacrum
1423 2015 1599 2060 baptisma
1624 2027 1702 2051 sus-

309 2084 421 2127 cepit,
456 2081 519 2116 sed
554 2082 735 2127 aliquanto
767 2070 936 2127 temporis
970 2084 1155 2128 interjecto
1190 2084 1359 2118 visionem
1395 2082 1491 2117 illam
1528 2081 1622 2116 Petri
1669 2086 1702 2116 et

307 2148 407 2183 Pauli
431 2148 518 2182 vidit
544 2152 578 2182 et
604 2157 707 2182 sacro
729 2147 943 2193 baptismate
968 2159 1032 2192 per
1057 2148 1263 2183 Silvestrum
1290 2157 1417 2192 papam
1443 2151 1584 2181 renatus
1622 2151 1657 2181 et
1681 2156 1703 2180 a

307 2214 407 2257 lepra
432 2212 616 2247 mundatus
643 2214 679 2247 in
705 2212 878 2247 Christum
905 2213 1074 2258 deinceps
1107 2213 1266 2258 perfecte
1302 2212 1452 2247 credidit
1486 2216 1520 2247 et
1553 2214 1603 2247 sic
1628 2222 1700 2247 ma-

305 2283 393 2312 trem
419 2288 517 2313 suam
542 2278 707 2312 Helenam
733 2277 1008 2324 Hierosolymam
1036 2281 1151 2322 misit,
1186 2283 1224 2313 ut
1255 2289 1392 2313 crucem
1427 2278 1557 2312 domini
1582 2279 1699 2323 requi-

306 2348 409 2379 reret.
458 2343 666 2378 Ambrosius
692 2347 807 2378 tamen
833 2338 866 2377 iii
898 2345 1051 2388 epistola
1075 2345 1118 2380 de
1143 2344 1241 2379 obitu
1268 2343 1468 2379 Theodosii
1493 2348 1527 2379 et
1543 2343 1701 2388 hystoria

307 2410 485 2453 tripartita
509 2408 653 2451 dicunt,
689 2408 783 2453 quod
817 2410 854 2442 in
887 2408 1017 2444 ultiniis
1064 2412 1273 2445 constitutus
1318 2409 1495 2454 baptisma
1531 2408 1699 2451 suscepit.

306 2476 514 2519 baptismum
541 2473 729 2516 differens,
764 2478 802 2508 ut
832 2480 955 2519 posset
980 2477 1014 2511 in
1037 2475 1203 2511 Jordanis
1231 2476 1370 2511 flumine
1395 2473 1578 2518 baptizari.
1627 2472 1699 2506 Hoc

304 2539 394 2574 idem
422 2539 506 2574 dicit
526 2539 754 2583 Hieronymus
788 2541 824 2574 in
855 2539 1032 2576 chronica.
1082 2541 1222 2577 Certum
1257 2545 1312 2576 cst
1335 2544 1468 2582 autem,
1504 2537 1597 2583 quod
1633 2538 1698 2573 sub

375 2637 401 2667 l)
422 2637 474 2665 lid,
494 2641 538 2665 l'r.
557 2637 592 2665 in
612 2637 800 2668 Albinum.
835 2639 863 2672 2)
881 2641 1003 2669 Recent.
1022 2639 1139 2672 legunt:
1159 2635 1388 2669 excuecuri,
1409 2634 1520 2662 deinde
1541 2635 1697 2664 oblitus

306 2683 456 2709 ounntunt.
