1742 3005
328 109 426 159 Cap.
458 108 661 147 CLXVIII.
729 108 788 147 De
819 115 950 146 sancta
980 108 1191 147 Elizabeth.
1371 108 1453 148 765

69 214 270 251 exhalabat.
318 214 419 249 Tunc
443 219 557 250 autem
584 216 681 250 visae
714 217 794 248 sunt
818 213 976 248 aviculae
1002 213 1130 249 multae
1156 224 1263 258 super
1287 223 1453 250 cacumen

68 280 239 315 ccclesiae
265 285 527 326 congregatae,
563 290 650 326 quas
686 289 858 324 nunquam
891 279 1020 324 aliquis
1048 281 1143 323 prius
1168 279 1326 323 viderat,
1363 291 1453 326 quae

66 349 134 379 tam
161 347 258 380 suavi
285 345 522 380 modulatione
549 344 738 382 cantabant
765 349 799 379 et
823 348 920 378 tanta
944 346 1116 378 varietate
1141 345 1262 379 modos
1288 347 1454 381 cantandi

67 410 283 453 formabant,
319 415 355 445 ut
378 415 522 445 cunctos
549 412 582 445 in
608 411 873 445 admirationem
902 408 1135 451 adducerent,
1173 420 1213 444 co
1249 411 1341 455 quod
1375 414 1452 456 ejus

66 477 254 521 exsequias
289 475 544 522 quodammodo
579 485 687 520 agere
719 474 929 508 viderentur.
983 473 1116 508 Multus
1156 479 1270 509 autem
1305 476 1353 510 ibi
1388 478 1453 512 fuit

66 542 198 576 clamor
230 552 442 586 pauperum,
479 540 587 573 multa
621 539 760 573 devotio
798 539 1025 583 populorum,
1059 540 1109 573 ita
1144 544 1182 574 ut
1214 540 1275 573 alii
1302 543 1451 586 capillos

63 608 190 652 capitis
226 607 490 646 detruncarent,
536 604 598 638 alii
633 605 824 648 particulas
868 614 1060 647 pannorum
1093 604 1288 641 inciderent
1319 612 1352 642 et
1386 620 1450 653 pro

61 673 202 706 summis
222 670 380 716 reliquiis
404 673 637 704 reservarent.
685 669 771 714 Ejus
797 673 909 704 autem
937 680 1064 714 corpus
1092 671 1126 704 in
1153 678 1371 708 monumento
1397 678 1453 709 est

60 738 232 781 positum,
273 735 366 781 quod
400 735 618 780 postmodum
654 735 852 770 redundare
893 737 972 771 oleo
1008 741 1182 781 repertum
1219 742 1285 774 est.
1332 739 1450 774 Mani-

61 802 187 837 festum
224 807 279 837 cst
311 803 420 848 igitur
456 803 490 835 in
529 801 605 847 ejus
641 803 811 843 transitu,
846 807 996 847 quantae
1029 804 1107 847 ipsa
1132 803 1238 837 beata
1262 803 1450 840 Elizabeth

60 868 167 903 fuerit
190 869 403 909 sanctitatis,
431 871 465 902 et
488 867 554 901 hoc
580 878 648 912 quo
675 867 719 900 ad
746 867 904 902 aviculae
931 868 1199 903 modulationem
1217 873 1250 903 et
1269 869 1449 904 daemonis

60 931 312 978 expulsionem.
359 932 456 967 Illam
484 936 596 966 autem
623 932 815 973 auricularii,
852 943 941 977 quae
969 935 1058 968 inter
1085 936 1195 977 ipsam
1222 938 1255 968 et
1280 937 1448 979 parietem

61 1009 101 1033 se
126 1001 245 1044 posuit
270 1003 394 1034 ettam
421 998 570 1033 dulciter
595 999 737 1039 cecinit,
773 998 865 1043 quod
898 999 1000 1032 etiam
1034 1000 1144 1043 ipsam
1172 1001 1214 1034 ad
1241 1001 1449 1036 cantandum

58 1064 213 1107 induxit,
238 1065 410 1100 credimus
438 1063 547 1098 fuisse
573 1064 649 1108 ejus
675 1063 850 1108 angelum,
877 1066 934 1109 qui
962 1064 1077 1099 suerat
1096 1065 1140 1099 ad
1158 1067 1234 1110 ejus
1254 1066 1449 1101 custodiam

59 1130 268 1175 deputatus,
303 1131 363 1175 qui
388 1129 499 1164 cidem
525 1133 702 1164 aeternum
729 1129 893 1173 gaudium
920 1131 1101 1164 nuntiavit.
1151 1130 1249 1166 Sicut
1275 1133 1361 1166 enim
1391 1143 1448 1168 re—

60 1195 180 1240 probis
207 1196 375 1230 interdum
401 1199 482 1229 ante
507 1205 604 1229 suum
630 1196 812 1229 transitum
839 1196 1016 1230 revelatur
1037 1200 1181 1230 aeterna
1198 1199 1251 1231 sui
1270 1198 1447 1233 damnatio

59 1261 104 1295 ad
130 1262 296 1307 majorem
322 1263 376 1297 sui
401 1262 654 1302 confusionem,
683 1262 732 1295 sic
758 1261 879 1295 electis
906 1261 1076 1295 interdum
1102 1263 1278 1297 revelatur
1304 1269 1449 1299 aeterna

57 1327 112 1360 sui
153 1327 303 1362 salvatio
341 1328 386 1362 ad
427 1328 593 1372 majorem
637 1328 690 1360 sui
731 1327 1018 1361 consolationem.
1066 1327 1129 1362 Ille
1163 1333 1278 1363 autem
1310 1334 1447 1373 cantus,

59 1403 159 1437 quem
183 1394 263 1438 ipsa
288 1394 450 1438 protulit,
486 1393 551 1427 fuit
582 1394 781 1426 immensum
816 1393 1001 1438 gaudium,
1039 1393 1131 1438 quod
1156 1405 1196 1429 cx
1222 1395 1285 1428 tali
1311 1396 1448 1430 revela-

57 1459 352 1506 tione-concepit,
382 1458 475 1504 quod
502 1458 640 1504 quidem
669 1462 737 1492 tam
764 1460 962 1493 immensum
989 1461 1134 1501 exstitit,
1162 1461 1254 1505 quod
1282 1463 1314 1495 in
1340 1461 1447 1496 corde

57 1524 218 1559 totaliter
240 1526 319 1569 capi
343 1536 411 1559 non
436 1526 568 1569 potuit,
604 1524 667 1559 sed
700 1535 738 1559 se
773 1536 837 1569 per
870 1527 1055 1560 suavitatis
1089 1536 1205 1560 vocem
1240 1527 1446 1561 manifesta-

58 1591 138 1625 vits
166 1589 345 1635 Dyabolus
380 1592 546 1635 insuper,
593 1591 623 1624 si
659 1590 748 1624 forte
783 1590 915 1635 aliquid
943 1592 1003 1635 jus
1040 1590 1190 1632 habeat,
1226 1591 1271 1625 ad
1306 1596 1447 1626 sanctos

59 1656 162 1689 etiam
190 1656 379 1690 morientes
407 1655 560 1697 accedit,
594 1655 657 1697 sed
684 1656 765 1700 quia
798 1657 832 1689 in
854 1656 959 1690 beata
984 1655 1167 1691 Elizabeth
1193 1657 1239 1691 nil
1262 1658 1355 1702 juris
1381 1657 1446 1691 ha-

58 1721 153 1763 buit,
188 1720 268 1755 ideo
303 1723 453 1766 turpiter
485 1721 685 1756 licentiatus
716 1720 864 1767 aufugit.
922 1721 988 1756 Per
1029 1722 1097 1756 hoc
1145 1724 1254 1768 igitur
1293 1723 1447 1769 intelligi

59 1788 180 1829 datur,
206 1791 356 1833 quantae
383 1787 488 1822 fuerit
512 1786 703 1821 munditiae
729 1791 762 1821 et
789 1787 973 1831 puritatis,
1011 1792 1044 1822 et
1069 1787 1134 1822 boc
1160 1800 1227 1834 quo
1254 1789 1300 1823 ad
1326 1789 1448 1823 odoris

59 1854 330 1889 exhalationem.
370 1853 469 1894 ,Quia
499 1854 588 1887 euim
623 1863 750 1897 corpus
785 1853 860 1896 eJus
894 1854 985 1887 omni
1018 1854 1186 1888 munditia
1218 1859 1252 1889 ct
1282 1856 1448 1889 castitate

4 1950 7 1956 ,
57 1921 93 1953 ἰη
120 1921 191 1954 vita
214 1921 327 1962 nituit,
355 1919 434 1954 ideo
460 1921 494 1953 in
522 1923 631 1953 morte
650 1918 771 1952 odoris
793 1919 967 1954 suavitate
988 1920 1171 1965 fragravit.
1219 1919 1447 1955 Manifestum

60 1988 115 2019 est
137 1986 262 2028 tertio,
288 1990 440 2031 quantae
467 1985 572 2020 fuerit
597 1985 830 2019 excellentiae
858 1989 892 2019 et
916 1985 1122 2030 dignitatis,
1155 1990 1190 2020 et
1214 1986 1282 2020 hoc
1307 1997 1374 2031 quo
1401 1985 1448 2020 ad

59 2050 175 2083 avium
197 2050 457 2094 jubilationem.
503 2049 586 2084 Illas
612 2052 701 2084 euim
732 2060 836 2092 ach,
873 2060 962 2095 quae
998 2052 1032 2084 in
1064 2053 1241 2086 cacumine
1273 2051 1449 2086 ecclesiae

56 2114 252 2160 jubilantes
278 2118 312 2149 et
338 2118 518 2149 cantantes
544 2118 804 2159 apparuerunt,
837 2115 1010 2150 credimus
1045 2115 1155 2150 fuisse
1180 2115 1350 2161 angelos,
1390 2117 1449 2160 qui

60 2190 83 2215 a
107 2180 182 2215 Deo
207 2182 306 2215 missi
333 2180 484 2222 fuerunt,
512 2184 550 2214 ut
574 2181 650 2225 ejus
675 2181 823 2214 animam
850 2181 883 2214 in
908 2180 1041 2215 coelum
1069 2180 1248 2215 deferrent
1272 2184 1306 2214 et
1321 2190 1449 2225 corpus

61 2245 277 2281 coelestibus
298 2245 572 2292 jubilati0nibus
597 2245 824 2282 honorarent.
872 2246 970 2280 Sicut
994 2246 1038 2280 ad
1064 2247 1235 2291 reprobos
1262 2249 1449 2282 morientes

61 2311 244 2346 multitudo
269 2312 430 2347 convenit
453 2311 680 2353 daemonum,
712 2315 750 2345 ut
782 2322 843 2346 eos
870 2312 1064 2347 terroribus
1089 2315 1245 2348 crucient
1271 2317 1306 2348 et
1331 2324 1450 2348 corum

62 2377 198 2410 animas
233 2376 279 2410 ad
308 2380 444 2412 tartara
477 2379 636 2422 rapiant,
684 2379 737 2412 sic
771 2377 816 2412 ad
850 2378 983 2413 electos
1021 2377 1232 2414 decedentes
1266 2377 1449 2412 multitudo

61 2441 206 2476 confluit
229 2441 447 2487 angelorum,
472 2446 511 2476 ut
538 2453 599 2476 eos
625 2443 822 2478 confortent
847 2448 882 2479 et
908 2455 1025 2478 corum
1052 2446 1185 2478 animas
1210 2444 1254 2477 ad
1280 2443 1451 2478 eoelestia.

62 2517 175 2553 regna
198 2506 400 2551 perducant.
447 2505 672 2542 Manifestum
699 2512 753 2543 est
785 2513 932 2554 quarto,
969 2513 1119 2554 quantae
1156 2509 1221 2543 suit
1250 2509 1449 2543 misericor-

63 2571 144 2608 diae
170 2576 205 2608 et
229 2573 389 2618 pietatis,
422 2575 456 2606 et
483 2571 552 2606 hoc
582 2583 651 2617 quo
686 2573 733 2607 ad
764 2573 835 2608 olei
860 2575 1127 2610 emanationem.
1175 2574 1226 2608 Dc
1257 2575 1334 2620 eJus
1360 2577 1450 2610 enim

62 2647 210 2682 corpore
235 2638 348 2673 oleum
375 2638 568 2679 emanavit,
606 2639 688 2682 quia
720 2639 754 2672 in
784 2639 857 2672 vita
887 2638 1151 2674 misericordiae
1184 2639 1351 2685 operibus
1376 2644 1450 2676 tota

62 2701 282 2741 redundavit.
331 2702 360 2739 Ο
396 2707 545 2749 quantus
578 2704 722 2748 pietatis
756 2703 952 2740 visceribus
991 2705 1068 2749 ejus
1105 2715 1194 2740 nunc
1228 2705 1343 2741 asssuit
1375 2707 1451 2752 spi-
