1742 3005
259 93 336 134 158
394 96 493 146 Cap·
525 96 715 134 XXXVII.
748 95 806 133 De
838 96 1103 146 purificatione
1133 97 1266 136 beatae
1300 97 1443 136 Mariae
1477 99 1639 149 iii-ginis.

258 202 438 247 epistolis,
476 200 717 235 Christiseram
745 199 959 235 consalutat:
993 204 1158 248 egregius
1187 203 1291 248 plane
1315 203 1435 238 titulus
1461 204 1642 250 dignitatis

255 272 285 301 et
313 265 564 301 commendatio
591 265 734 302 honoris
762 267 938 301 immensi!

745 584 871 646 GAP.
929 584 1143 646 XXXVII.

375 687 474 730 De
513 683 961 739 purificatione
998 685 1227 731 beatae
1267 684 1510 731 Mariae

794 749 1095 806 virginis.

324 863 362 896 1.
389 857 588 893 Purifieatio
617 858 764 904 virginis
779 857 917 893 Mariae
945 858 1217 904 quadragesimo
1237 857 1293 893 die
1320 861 1400 903 post
1423 860 1639 893 nativitatem

250 926 378 960 domini
414 923 507 957 saeta
540 927 613 957 est:
664 925 846 958 consuevit
879 928 992 960 autem
1024 924 1110 959 illud
1144 923 1269 958 festum
1303 923 1414 958 tribus
1444 924 1639 959 nominibus

248 990 442 1037 appellari,
476 989 608 1023 seilicet
632 990 849 1034 purificatio,
883 989 1076 1034 hypopanti
1102 993 1137 1024 et
1163 989 1375 1026 candelaria.
1440 989 1638 1024 Puritieatio

249 1061 363 1091 autem
396 1055 543 1096 dieitur,
590 1064 633 1089 ex
668 1065 709 1089 eo
746 1055 839 1100 quod
877 1055 1149 1101 quadragesima
1174 1055 1230 1090 die
1256 1065 1278 1089 a
1301 1057 1484 1090 nativitate
1511 1055 1637 1089 domini

248 1123 354 1158 beata
383 1123 485 1167 virgo
523 1120 568 1154 ad
600 1120 763 1165 templum
797 1122 912 1163 venit,
965 1124 1000 1155 ut
1028 1120 1213 1155 seeundum
1239 1121 1330 1167 legis
1356 1121 1636 1156 consuetudinem

248 1188 492 1229 mundaretur,
540 1196 614 1220 eum
640 1190 757 1220 tamen
780 1186 845 1220 sub
873 1187 935 1220 illa
958 1187 1038 1232 lege
1065 1197 1133 1221 non
1158 1190 1346 1221 teneretur.
1404 1186 1639 1231 Praeceperat

247 1257 361 1288 autem
388 1253 445 1288 lex
470 1251 617 1286 Levitie.
643 1251 729 1293 XII,
773 1251 866 1297 quod
891 1252 1037 1294 mulier,
1076 1262 1165 1297 quae
1191 1256 1353 1296 suscepto
1378 1254 1507 1286 semine
1533 1252 1636 1286 tilium

248 1320 462 1365 peperisset,
500 1316 673 1350 immunda
698 1320 793 1351 esset
817 1320 949 1361 septem
976 1317 1118 1359 diebus,
1152 1317 1326 1351 immunda
1350 1317 1483 1352 seilicet
1508 1327 1530 1351 av
1553 1327 1635 1351 eon-

246 1386 356 1419 sortio
382 1383 555 1417 hominum
581 1387 616 1417 et
640 1382 683 1416 ab
706 1383 869 1428 ingressu
894 1382 1025 1427 templi.
1098 1382 1168 1418 Sed
1198 1382 1378 1427 eompletis
1403 1386 1535 1428 septem
1563 1382 1637 1417 die-

246 1450 310 1485 bus
335 1448 462 1484 munda
486 1448 622 1493 quidem
648 1447 886 1491 efficiebatur,
939 1459 1008 1493 quo
1034 1448 1077 1482 ad
1103 1450 1315 1483 consortium
1340 1447 1534 1491 hominum,
1573 1447 1634 1483 sed

246 1516 358 1550 adhue
383 1525 494 1560 usque
518 1513 563 1548 ad
586 1513 747 1548 XXXIII.
777 1513 887 1556 diem,
922 1525 990 1559 quo
1019 1514 1063 1548 ad
1092 1515 1289 1559 ingressum
1317 1514 1438 1558 templi
1462 1513 1635 1548 immunda

245 1585 332 1617 erat.
399 1579 553 1614 Tandem
589 1579 770 1623 eompletis
805 1579 868 1613 XL
901 1578 1024 1613 diebus
1048 1579 1122 1614 XL.
1155 1579 1210 1613 die
1233 1579 1396 1623 templum
1422 1578 1576 1613 intrabat
1602 1583 1635 1614 et

244 1657 387 1692 puerum
411 1655 486 1679 eum
511 1643 708 1678 muneribus
734 1644 917 1679 offerebat.
967 1644 1003 1678 Si
1030 1655 1112 1679 vero
1140 1644 1300 1679 feminam
1327 1646 1543 1689 peperisset,
1571 1644 1634 1678 du-

245 1711 466 1757 plicabantur
499 1709 574 1744 dies
610 1713 643 1744 et
682 1720 749 1754 quo
785 1709 828 1743 ad
862 1711 1073 1744 consortium
1108 1709 1279 1744 hominum
1321 1714 1355 1745 et
1392 1721 1460 1755 quo
1500 1710 1544 1744 ad
1580 1711 1633 1743 in-

243 1787 402 1823 gressum
428 1777 558 1821 templi.
609 1776 724 1815 Quare
749 1779 862 1809 autem
888 1767 1045 1809 dominus
1071 1777 1271 1820 praecepit,
1306 1779 1343 1810 ut
1367 1775 1441 1810 XL.
1467 1775 1523 1809 die
1549 1786 1635 1820 puer

243 1845 277 1877 in
302 1842 465 1887 templum
491 1842 694 1883 offerretur,
736 1826 1007 1885 triplex-potest
1032 1851 1110 1876 esse
1138 1842 1239 1876 ratio.
1287 1841 1384 1883 Una,
1418 1844 1455 1875 ut
1480 1851 1542 1885 per
1567 1840 1632 1874 hoe

241 1908 482 1954 intelligatur,
519 1906 611 1952 quod
637 1908 726 1941 sieut
752 1917 838 1952 puer
862 1906 937 1940 XL.
964 1906 1019 1940 die
1047 1907 1080 1940 in
1106 1907 1286 1941 materiale
1310 1906 1473 1951 templum
1499 1905 1632 1939 induci-

240 1977 308 2015 tur,
338 1974 388 2007 sic
414 1977 447 2008 et
471 1973 546 2007 XL.
574 1972 629 2007 die
654 1982 675 2006 a
699 1973 939 2017 conceptione,
965 1975 1003 2006 ut
1030 1974 1172 2017 saepius
1202 1974 1317 2006 anima
1341 1973 1375 2006 in
1402 1980 1529 2016 corpus
1552 1974 1629 2004 tan-

240 2049 342 2084 quam
370 2040 404 2072 in
429 2049 525 2074 suum
549 2038 712 2083 templum
739 2037 952 2076 infunditur.
1004 2039 1093 2072 sieut
1125 2038 1251 2073 dicitur
1275 2040 1309 2072 in
1337 2036 1548 2072 scholastica
1568 2035 1630 2081 hy-

239 2106 370 2147 storia,
405 2104 486 2139 lieet
514 2103 648 2150 physici
672 2103 809 2146 dicant,
849 2103 941 2149 quod
969 2103 1091 2139 XLVI.
1116 2103 1240 2138 diebus
1265 2113 1391 2148 eorpus
1418 2102 1628 2147 periieiatur.

240 2169 422 2212 Secunda,
472 2174 509 2205 ut
542 2171 631 2204 sieut
666 2170 781 2203 anima
814 2169 888 2203 XL.
916 2168 972 2203 die
999 2170 1139 2213 corpori
1165 2169 1282 2202 infusa
1307 2168 1351 2202 ab
1377 2169 1454 2212 ipso
1481 2177 1628 2212 corpore

240 2235 443 2277 maculatur,
473 2237 522 2269 sic
549 2235 624 2269 XL.
653 2235 709 2269 die
734 2234 896 2278 templum
917 2233 1118 2279 ingrediens
1145 2244 1208 2278 per
1230 2233 1365 2268 hostias
1391 2233 1435 2268 ab
1462 2234 1541 2278 ipsa
1555 2242 1627 2266 ma-

238 2300 315 2334 cula
341 2300 488 2344 amplius
514 2302 684 2345 expietur.
733 2299 877 2341 Tertia,
912 2303 948 2332 ut
974 2310 1037 2343 per
1062 2299 1127 2333 hoc
1153 2299 1254 2334 detur
1277 2299 1449 2345 intelligi,
1475 2298 1567 2344 quod
1594 2299 1627 2331 in

236 2365 399 2410 templum
427 2366 579 2400 eoeleste
607 2368 822 2399 mererentur
844 2363 994 2409 ingredi,
1022 2366 1080 2409 qui
1105 2364 1222 2399 decem
1248 2368 1439 2410 praecepta
1463 2375 1536 2399 cum
1561 2363 1627 2397 tide

238 2435 403 2476 quattuor
428 2431 723 2477 evangelistarum
759 2429 932 2464 voluerint
957 2430 1160 2465 observare.
1218 2430 1255 2465 ln
1282 2432 1439 2475 pariente
1466 2440 1547 2464 vero
1573 2428 1623 2462 se-

238 2498 362 2530 minam
391 2497 611 2542 duplicantur
636 2495 710 2530 dies
727 2524 734 2538 ,
772 2506 840 2540 quo
865 2495 909 2529 ad
934 2496 1052 2540 templi
1079 2497 1355 2542 ingressionem,
1391 2497 1479 2529 sieut
1503 2497 1536 2527 et
1562 2492 1623 2526 du-

237 2561 409 2605 plicantur
444 2574 511 2608 quo
549 2561 593 2596 ad
623 2562 782 2607 corporis
818 2561 1080 2603 formationem,
1128 2571 1205 2595 nam
1232 2562 1320 2595 sicut
1342 2562 1375 2593 in
1398 2559 1473 2594 XL.
1501 2557 1623 2592 diebus

236 2637 363 2671 corpus
399 2628 541 2661 masculi
577 2628 804 2673 organisatur
838 2631 871 2661 et
900 2628 1095 2672 perficitur,
1144 2630 1178 2660 et
1205 2628 1238 2660 in
1260 2626 1322 2660 XL
1350 2625 1405 2659 die
1431 2626 1545 2658 anima
1571 2624 1622 2656 in-

237 2691 408 2734 funditur,
456 2695 491 2725 ut
515 2693 677 2737 saepius,
732 2694 781 2727 sic
813 2702 939 2737 eorpus
972 2692 1119 2728 feminae
1151 2692 1183 2724 in
1218 2690 1350 2725 LXXX
1377 2690 1559 2735 ‚perficitur
1589 2692 1623 2723 et
