1742 3005
41 114 139 164 Cap.
173 112 363 150 xxxvii.
404 111 462 149 De
493 111 758 162 purificatione
791 114 922 150 beatae
952 113 1096 151 Mariae
1126 113 1291 163 virginis.
1354 114 1430 151 163

41 218 174 253 scilieet
199 220 352 263 peccatis
380 227 510 256 eorum.
540 218 652 252 lumen
679 217 792 251 dando
821 219 982 264 gratiani,
1012 218 1161 263 gloriam
1187 216 1300 263 plebis
1316 218 1428 253 dando

40 283 199 329 gloriam.
249 283 407 318 Secundo
437 294 542 329 penes
569 287 722 318 nostram
749 284 1062 329 regenerationem,
1089 293 1164 317 nam
1184 285 1328 329 primum
1345 294 1431 329 puer

41 349 260 383 exorcisatur
285 353 319 384 et
347 348 548 394 baptizatur
572 353 606 383 et
631 350 681 383 sic
707 358 728 382 a
753 353 896 394 peccato
922 348 1129 390 inumlatur,
1182 359 1250 394 quo
1283 349 1327 383 ad
1356 351 1429 395 pri-

41 424 151 455 mum,
202 413 353 449 secundo
378 414 523 450 candela
548 424 697 449 accensa
722 414 753 449 ei
780 413 882 448 datur
909 424 976 459 quo
1001 414 1046 447 ad
1074 414 1280 455 secundum,
1326 417 1429 450 tertio

41 479 84 513 ad
111 479 223 514 alta-re
246 480 391 514 offertur
418 491 485 526 quo
511 479 555 514 ad
580 480 716 513 tertium
732 507 739 520 ‚
775 482 900 524 quarto
925 489 1031 523 penes
1060 478 1262 514 hodiernam
1289 491 1430 525 proces-

41 547 185 580 sionem.
232 545 319 580 Nam
343 546 453 590 primo
477 544 645 579 candelae
668 543 920 578 benedicuntur
945 548 978 578 et
994 546 1248 587 exorcisantur‚
1277 547 1428 580 secundo

40 610 274 646 accenduntur
307 613 342 644 et
375 611 409 643 in
447 609 604 644 manibus
640 609 790 644 fidelium
825 608 970 651 dantur,
1019 611 1123 645 tertio
1150 611 1331 646 ecclesiam
1356 621 1430 646 cum

40 676 186 710 canticis
210 675 473 722 ingrediuntur,
513 679 638 721 quarto
662 685 771 720 penes
796 674 968 720 triplicem
994 674 1097 721 huJus
1124 675 1205 711 sesti
1230 676 1430 712 denomina-

40 742 179 783 tionem,
205 750 281 775 nam
307 740 432 775 dicitur
456 742 650 787 purificatio
676 751 743 787 quo
771 739 816 774 ad
839 742 1082 786 purgationem
1109 741 1253 786 culpae,
1280 753 1343 788 per
1367 742 1431 777 hoe

41 806 133 852 quod
153 806 279 842 dicitur
293 807 459 842 salutare.
495 807 629 842 Dicitur
653 806 856 841 candelaria
881 816 949 851 quo
972 806 1016 841 ad
1041 807 1326 843 illuminationem
1347 819 1431 855 gra-

39 874 110 907 tiae
135 883 198 917 pet·
222 871 288 907 hoc
315 872 406 918 quod
434 872 560 907 (licitur
582 872 708 915 lumen,
736 872 862 906 dicitur
886 871 1077 917 hypopanti
1103 884 1170 918 quo
1198 873 1241 907 ad
1270 874 1431 908 cellatio-

42 948 116 971 nem
142 938 279 983 gloriae
304 949 368 982 per
392 937 469 980 hoc,
497 937 589 983 quod
615 937 756 972 dicitur:
781 937 931 983 gloriam
956 937 1067 982 plebis
1085 942 1166 973 tuae
1186 938 1305 973 Israel.
1334 939 1431 974 Tunc

40 1005 129 1038 enim
163 1013 382 1039 occurremus
418 1004 555 1038 obviam
588 1003 728 1038 Christo
755 1004 788 1036 in
815 1007 909 1036 aera.
980 1002 1041 1037 vel
1068 1007 1185 1048 potest
1210 1004 1297 1046 (lici,
1348 1007 1431 1051 quia

41 1068 205 1103 laudatur
227 1069 386 1104 Christus
411 1071 444 1104 in
471 1069 536 1104 hoe
559 1071 694 1103 cantico
722 1074 757 1103 ut
783 1079 863 1114 pax.
890 1072 927 1102 ut
952 1068 1061 1108 salus,
1090 1073 1125 1102 ut
1148 1070 1221 1112 lux,
1250 1075 1286 1104 nt
1304 1071 1429 1118 gloria.

41 1134 125 1178 Pax,
151 1137 233 1181 qnia
257 1135 430 1170 mediator
453 1140 517 1170 est.
546 1136 654 1178 salus,
681 1134 961 1180 quiaredemtor‚
990 1135 1062 1175 lux,
1090 1137 1171 1180 quia
1186 1136 1320 1179 doctor,
1350 1138 1430 1183 glo-

41 1202 106 1244 ria,
133 1203 216 1247 quia
239 1202 464 1247 praemiator.
503 1202 636 1236 Dicitur
663 1206 697 1236 et.
720 1202 825 1236 tertio
853 1199 919 1234 hoc
943 1200 1068 1235 festum
1095 1201 1297 1236 candelaria
1315 1214 1355 1237 ex
1376 1215 1430 1240 eo,

40 1267 133 1312 quod
158 1267 327 1303 candelae
351 1277 519 1302 accensae
545 1268 578 1301 in
604 1267 763 1301 manibus
789 1268 981 1311 portantur.
1039 1266 1154 1305 Quare
1179 1272 1294 1301 autem
1319 1269 1428 1302 eccle

41 1334 95 1367 sia
119 1332 184 1367 hoc
211 1332 438 1375 ordinaverit,
467 1337 504 1367 ut
526 1333 659 1366 scilicet
680 1334 718 1366 in.
741 1332 805 1365 bac
830 1331 885 1365 die
915 1330 1084 1365 candelae
1111 1341 1280 1367 accensae
1309 1335 1340 1367 in
1358 1344 1427 1368 nia-

40 1398 141 1433 nibus
166 1402 360 1444 portentur,
389 1402 535 1444 possunt
560 1399 737 1444 assignari
763 1401 927 1442 quattuor
952 1397 1127 1431 rationes:
1154 1399 1264 1442 primo
1288 1403 1431 1443 propter

41 1463 284 1499 removendam
310 1474 490 1499 erroneam
515 1463 809 1498 consuetmlinein.
866 1462 1009 1496 Romani
1035 1463 1123 1497 enim
1150 1464 1230 1497 olim
1257 1465 1289 1497 in
1313 1465 1430 1499 calen-

41 1530 95 1564 dis
119 1529 302 1564 Februarii
328 1529 370 1563 ad
399 1528 564 1564 honorem
596 1528 754 1563 Februae
788 1530 908 1563 matris
944 1527 1091 1569 Martis,
1137 1530 1195 1573 qui
1229 1534 1303 1563 erat
1338 1530 1430 1564 Deus

41 1595 145 1638 belli,
194 1594 313 1630 urbem
347 1595 389 1630 de
424 1596 543 1640 quinto
581 1596 615 1628 in
652 1596 804 1639 quintum
838 1604 960 1628 annum
997 1603 1070 1627 cum
1096 1595 1208 1628 cereis
1234 1598 1267 1628 ct
1295 1594 1429 1629 facibus

40 1665 116 1695 tota
141 1664 241 1696 nocte
265 1660 508 1702 illustrabant,
548 1664 585 1694 ut
608 1660 697 1694 lilius
724 1670 807 1694 suus
834 1661 877 1693 iis
904 1660 1083 1693 victoriam
1110 1659 1152 1693 de
1177 1661 1322 1694 inimicis
1348 1672 1411 1695 con

41 1726 201 1769 cederet,
228 1728 326 1772 cujus
352 1730 494 1761 matrem
520 1729 588 1760 tam
615 1726 817 1760 solemniter
841 1725 1074 1767 honorarent,
1110 1729 1143 1760 et
1167 1725 1252 1759 illud
1279 1728 1427 1771 spatium

40 1792 221 1828 dicebatur
244 1792 401 1827 lustrum.
435 1791 579 1827 Romani
604 1793 707 1827 etiam
733 1793 766 1825 in
791 1791 983 1826 Februario
1010 1791 1254 1826 sacrificabant
1278 1792 1427 1830 Februo,

41 1858 76 1893 id
108 1861 162 1893 est
197 1857 335 1893 Plutoni
368 1862 402 1893 et
437 1859 586 1893 caeteris
620 1858 693 1892 Diis
730 1856 960 1891 infernalibus
995 1861 1029 1891 et
1067 1856 1131 1891 hoc
1157 1868 1220 1901 pro
1247 1859 1427 1892 animabus

42 1928 298 1960 antecessorum
336 1934 497 1965 suorum,
549 1928 586 1958 ut
610 1934 696 1970 ergo
732 1924 1007 1968 propitiarentur
1034 1933 1170 1962 eorum,
1220 1923 1299 1958 ideo
1326 1928 1357 1958 et
1385 1925 1427 1957 iis

42 1989 214 2024 solemnes
248 1988 383 2030 hostias
417 1990 612 2025 offerebant
640 1993 674 2023 et
709 1993 783 2023 tota
805 1991 906 2023 noete
932 1998 1048 2022 eorum
1076 1987 1239 2023 laudibus
1266 1991 1427 2024 insisten-

42 2059 94 2090 tes
119 2065 192 2089 eum
216 2055 328 2090 cereis
353 2058 388 2089 ct
413 2055 569 2089 accensis
594 2054 729 2103 fascibus
755 2053 962 2099 vigilabant.
1036 2054 1204 2089 Mulieres
1231 2055 1333 2088 eliam
1360 2054 1427 2089 Ro-

43 2130 240 2162 manorum,
290 2123 326 2154 ut
350 2121 401 2154 ait
424 2119 644 2154 Innocentius
670 2129 783 2165 papa,
831 2118 886 2154 his
911 2119 1035 2154 diebus
1061 2119 1185 2153 festum
1211 2120 1427 2155 luminarium

42 2185 270 2227 exercebant,
320 2185 411 2231 quod
445 2196 466 2220 a
501 2184 706 2231 quibusdam
742 2184 871 2220 sabulis
907 2189 1086 2230 poetarum
1115 2187 1285 2231 originem
1310 2188 1426 2221 traxit.

42 2251 150 2295 AJunt
172 2253 283 2293 enim,
317 2251 409 2297 quod
442 2251 655 2297 Proserpina
680 2251 744 2285 suit
770 2250 858 2286 adeo
883 2252 1065 2295 speciosa,
1095 2251 1186 2296 quod
1212 2250 1312 2285 Pluto
1338 2251 1429 2286 Deus

42 2315 224 2350 infernalis
251 2326 326 2351 eam
350 2318 597 2362 concupiscens
628 2318 739 2363 ipsam
764 2319 881 2362 rapuit
907 2321 942 2351 et
967 2316 1071 2351 Deam
1100 2325 1173 2351 eam
1200 2315 1291 2349 fecit.
1364 2315 1428 2349 Pa-

44 2383 159 2415 rentes
191 2384 306 2415 autem
339 2382 393 2415 sui
430 2392 494 2426 per
518 2382 627 2417 silvas
653 2387 687 2417 et
711 2392 854 2417 nemora
879 2392 954 2416 cum
981 2381 1116 2415 facibus
1141 2384 1174 2414 et
1202 2379 1428 2414 luminaribus

42 2456 117 2481 eam
154 2445 260 2480 multo
294 2448 449 2491 tempore
480 2448 704 2491 quaesierunt
737 2450 771 2481 et
806 2446 899 2480 istud
930 2445 1092 2480 mulieres
1117 2433 1427 2480 Romanor-unsre-

42 2515 308 2557 praesentantes
334 2521 408 2545 cum
435 2511 569 2545 facibus
595 2516 629 2546 ct
653 2510 880 2545 luminaribus
912 2509 1115 2544 circuibant.
1188 2508 1249 2543 Et·
1267 2511 1427 2555 quoniam

41 2576 183 2612 difficile
208 2579 263 2611 est
287 2580 456 2611 consueta
479 2575 690 2621 relinquere,
715 2575 896 2610 christiani
911 2574 953 2609 de
975 2575 1139 2621 gentibus
1161 2574 1204 2609 ad
1229 2575 1329 2610 tidem
1344 2586 1426 2611 con-

42 2642 133 2677 versi
160 2641 301 2677 difficile
335 2645 496 2687 poterant
530 2641 727 2686 relinquere
753 2640 949 2686 hujusmodi
974 2639 1242 2675 consuetudines
1268 2650 1426 2686 pagano-

41 2717 113 2743 rum
139 2706 288 2753 ideoque
320 2706 466 2753 Sergius
493 2716 587 2752 papa
611 2705 700 2741 hane
725 2705 1007 2741 consuetudinem
1032 2706 1067 2740 in
1090 2705 1213 2740 melius
1239 2710 1427 2740 commuta-

1066 2769 1138 2804 11*
