1742 3005
362 150 460 200 Cap.
495 149 630 188 CCXI.
690 148 749 186 De
780 154 909 186 sancto
939 145 1181 196 wolfgango,
1382 143 1463 182 913

73 260 209 291 tempore
227 254 308 282 idem
329 255 491 290 episcopus
511 253 625 289 optime
645 261 732 286 usus,
758 258 789 281 ut
817 254 868 287 qui
895 256 956 279 erat
983 251 1118 287 apprime
1143 249 1277 277 eruditus
1304 253 1332 277 et
1356 257 1462 282 genere

72 300 298 333 nobilissimus,
326 300 512 327 clandestina
539 304 569 326 et
593 298 752 326 manifesta
777 298 873 325 divini
901 297 1018 325 servitii
1044 295 1258 323 observatione
1284 304 1318 321 ac
1343 294 1465 321 assidua

73 355 175 373 sacrae
194 345 359 380 scripturae
376 344 570 377 indagatione
589 344 661 370 satis
680 343 832 378 probavit,
851 344 938 375 liunc,
959 351 1047 375 quem
1066 343 1248 374 susceperat,
1265 339 1464 374 peregrinum,

74 399 134 418 non
153 399 219 417 esse
239 389 430 422 girovagum,
448 389 503 416 sed
523 389 662 416 stabilem
681 393 710 415 et
729 397 818 414 verae
836 387 908 414 fidei
927 386 1136 413 domesticum.
1170 384 1256 411 Unde
1272 389 1301 411 et
1317 383 1465 417 quosdam

73 436 112 462 ‹le
132 435 194 462 suis
213 434 401 461 familiariter
418 442 473 468 pro
492 442 528 460 eo
549 433 712 466 alloquitur
730 432 851 463 dicenss:
879 440 896 457 o
921 441 1011 464 qnam
1036 429 1110 455 felix
1137 429 1280 460 ecclesia,
1307 438 1382 462 quae
1401 432 1465 455 Deo

74 479 197 507 volente
216 479 275 505 isto
296 478 459 505 donabitur
477 478 646 505 sacerdote.
682 479 757 508 Ergo
776 475 976 502 necessarium
995 474 1085 500 valde
1104 474 1227 500 videtur
1243 473 1316 500 inilii
1335 478 1363 500 et
1382 473 1466 505 utile,

75 528 108 550 ut
131 523 204 550 huic
229 522 344 550 famulo
368 523 422 550 Dei
447 526 548 558 petam
573 520 706 552 regimen
732 519 960 547 Ratisbonensis
988 518 1138 553 episcopi,
1164 518 1246 551 qnod
1264 518 1376 552 optime
1396 526 1466 544 eon-

74 568 176 601 venit,
202 567 301 595 sicubi
329 567 463 593 abundat
487 566 568 593 bona
593 565 751 596 voluntas,
777 569 810 590 ut
838 573 903 590 eam
928 563 1018 590 etiam
1038 563 1074 588 ad
1095 563 1174 589 bona
1194 571 1284 597 opera
1303 562 1466 596 procedere

74 613 166 640 saciat
185 613 264 639 bene
284 611 393 638 collata
409 610 548 639 facultas.
583 613 700 637 Bonum
727 609 856 643 quippe,
882 608 965 641 quod
988 607 1036 634 hic
1062 607 1109 634 vir
1134 606 1282 634 seminare
1311 606 1411 633 voluit
1435 606 1467 633 iu

75 657 190 685 duratis
209 656 352 684 cordibus
372 663 564 689 paganorum,
585 659 614 681 et
632 653 738 681 salutis
758 652 946 686 obsequium,
966 652 1048 686 quod
1067 651 1177 686 repulit
1195 650 1322 678 caecitas
1337 650 1466 683 illorum,

75 702 258 736 quandoque
276 699 405 726 sortasse
425 699 481 726 lioc
499 699 606 725 eodem
627 708 727 731 agrum
749 697 932 724 dominicum
953 697 1109 724 excolente
1129 696 1213 723 dabit
1233 695 1362 722 fructum
1381 705 1468 722 suum

75 748 106 774 in
124 745 273 782 populum
297 743 537 772 christianorum.
573 744 621 770 Ad
646 744 720 769 haee
745 742 867 775 qnidam
892 741 1110 776 respondentes
1137 741 1289 767 dixerunt:
1317 740 1468 773 quomodo

75 791 140 818 fieri
159 793 275 823 potest,
299 793 333 815 ut
358 788 416 815 iste
442 797 558 823 pauper
584 792 613 814 et
640 788 758 820 ignotus
783 787 822 812 ad
845 787 990 813 honorem
1014 785 1138 812 accedat
1164 785 1240 812 tanti
1264 785 1468 820 episcopatus,

75 845 144 863 cum
169 836 230 869 jam
257 833 376 866 aliquae
403 833 457 859 alti
483 831 634 863 sanguinis
662 840 808 866 personae
834 831 912 857 hunc
938 830 1019 865 apud
1046 830 1257 864 imperatorem
1282 830 1413 864 praediis
1441 835 1472 856 et

75 880 204 917 pecunia
232 882 462 913 compensantes
489 876 548 903 sibi
575 880 780 903 contentarent
809 876 978 909 acquireret
1023 875 1138 910 Quibus
1170 874 1223 901 ille
1254 875 1344 901 refert
1376 875 1471 902 verba

76 924 265 960 ponderosa,
291 922 347 950 sed
371 930 432 949 non
458 921 534 948 adeo
561 929 695 948 morosa:
723 920 826 946 divina
852 925 881 946 et
900 920 1027 946 hnmana
1047 919 1140 945 valde
1160 920 1326 953 probantur
1344 919 1420 946 inter
1439 928 1471 946 se

77 969 190 996 distare
207 967 336 1002 judicia,
355 966 411 994 sed
429 970 575 993 scrutator
594 964 729 992 cordium
749 968 777 990 et
796 974 899 990 renum
919 964 956 989 ab
976 963 1063 990 initio
1083 962 1189 989 mundi
1207 963 1297 996 elegit
1313 963 1471 990 contemti-

77 1013 154 1041 bilia
179 1018 209 1040 et
231 1011 394 1045 ignobilia,
419 1014 454 1037 ut
479 1009 675 1038 confunderet
700 1008 801 1036 fortia.
837 1011 873 1034 Et
899 1017 915 1034 e
942 1005 1091 1034 contrario
1110 1007 1257 1040 mundus,
1285 1007 1366 1041 qnod
1385 1016 1472 1035 suum

79 1063 142 1091 est,
161 1057 292 1093 superbe
311 1055 350 1083 ad
367 1056 471 1082 horam
490 1054 609 1082 extollit
627 1063 662 1080 ac
680 1053 711 1080 in
729 1051 817 1080 breri
836 1062 902 1079 cum
921 1052 1099 1080 confusione
1125 1049 1270 1083 distollit,
1297 1051 1378 1078 unde
1398 1060 1471 1087 ope-

78 1112 129 1130 rae
148 1102 280 1138 pretium
298 1108 420 1132 cense0‚
439 1099 520 1132 quod
538 1099 654 1126 mittam
675 1098 714 1125 ad
733 1097 1004 1130 marchicomitem,
1033 1098 1116 1131 cujus
1136 1095 1262 1123 consilio
1280 1096 1374 1123 inulta
1394 1096 1472 1123 solet

79 1148 178 1175 facere
197 1147 376 1182 imperator,
394 1148 428 1170 ut
447 1148 617 1176 suggereret
637 1143 680 1175 ei,
706 1151 743 1169 ne
762 1152 817 1177 per
836 1142 1031 1169 ambitionem
1052 1146 1101 1167 aut
1121 1140 1314 1168 simoniacam
1335 1140 1473 1168 haeresin

80 1191 262 1226 quandoque
280 1188 486 1224 episcopalem
506 1188 582 1216 sinat
602 1187 739 1222 accipere
758 1187 953 1219 dignitatem,
980 1186 1035 1214 sed
1059 1187 1098 1213 ob
1125 1190 1277 1212 aeternam
1302 1194 1473 1212 remunera-

80 1236 210 1268 tionem,
235 1243 326 1268 quem
347 1233 492 1260 humilem
517 1237 548 1260 et
573 1233 745 1259 modestum
769 1241 803 1258 ac
834 1231 984 1258 eruditum
1018 1230 1183 1262 invenerit,
1215 1238 1332 1256 necnon
1364 1229 1473 1257 officiis

81 1279 293 1309 ecclesiasticis
318 1282 423 1313 aptum
454 1286 520 1304 esse
554 1277 743 1312 probaverit,
777 1276 871 1307 hunc,
905 1277 1108 1309 cujuscunque
1141 1275 1180 1302 sit
1212 1274 1394 1302 conditionis
1423 1274 1474 1301 vel

81 1323 266 1360 parentelae,
285 1322 459 1358 promoveri
475 1321 566 1348 faciat
584 1322 626 1348 ad
645 1321 762 1348 culinen
781 1319 936 1348 ecclesiae.
972 1323 1026 1346 Per
1043 1320 1220 1352 legationem
1236 1319 1325 1351 igitur
1337 1319 1475 1354 episcopi

83 1378 118 1396 ac
136 1367 359 1401 suggestionem
378 1366 543 1394 consiliarii
562 1366 725 1401 imperator
752 1374 822 1393 suae
843 1374 877 1391 ac
895 1363 1117 1391 ecclesiasticae
1136 1363 1274 1390 utilitatis
1293 1363 1475 1396 admonitus,

82 1414 163 1446 imo,
189 1412 274 1446 quod
297 1411 398 1439 verius
423 1415 484 1444 est,
510 1414 584 1437 nutu
607 1411 677 1444 Dei,
704 1412 787 1444 cujus
805 1410 835 1437 in
855 1419 943 1436 manu
963 1413 1008 1436 est
1028 1418 1078 1436 cor
1096 1409 1190 1441 regis,
1217 1408 1358 1443 princeps
1376 1409 1475 1436 bonus

85 1461 157 1486 Otto
184 1457 333 1485 secundus
356 1455 456 1483 animo
482 1460 614 1482 mutatus
633 1463 754 1489 omnes,
781 1455 831 1488 qni
857 1463 911 1489 pro
938 1453 1046 1481 eodem
1073 1453 1250 1487 episcopatu
1275 1452 1475 1488 adipiscendo

83 1503 280 1534 laborabant,
306 1501 417 1528 avertit
434 1504 464 1528 et
490 1509 522 1527 se
547 1504 645 1527 totum
672 1499 711 1526 ad
737 1499 915 1526 electionem
937 1497 1104 1525 venerandi
1129 1498 1187 1524 viri
1213 1497 1361 1524 convertit
1385 1497 1476 1525 wolt-

84 1547 186 1580 gangi‚
205 1547 308 1580 sicque
327 1545 443 1578 legatos
462 1550 532 1580 post
551 1555 619 1572 eum
630 1541 745 1577 inittit,
765 1544 833 1578 qni,
858 1549 891 1571 ut
910 1544 994 1571 missi
1012 1543 1146 1575 fuerant,
1173 1547 1332 1577 pergentes
1350 1542 1477 1570 invene-

85 1596 155 1620 runt
180 1600 248 1618 eum
275 1599 342 1617 cum
367 1589 593 1624 praenominato
620 1589 765 1624 episcopo
785 1593 1036 1621 commorantem,
1066 1587 1121 1615 sed
1139 1589 1198 1621 jain
1217 1587 1255 1613 ad
1273 1588 1371 1623 patria
1389 1598 1477 1623 repe-

85 1636 158 1664 dare
177 1635 368 1668 cogitantem.
404 1637 515 1662 Beatus
541 1639 641 1661 aulem
666 1634 856 1666 Wolfgangus
882 1633 1002 1666 ignarus
1028 1637 1091 1659 erat
1109 1632 1268 1664 legationis
1287 1632 1477 1667 imperatoris

86 1686 117 1710 et
142 1685 327 1709 caeterarum
352 1688 451 1706 rerum
476 1688 531 1714 per
556 1688 589 1706 se
615 1683 763 1712 gestarum
789 1683 819 1706 et
843 1678 956 1706 idcirco
975 1678 1107 1705 animum
1125 1676 1305 1704 intendebat
1324 1677 1477 1711 aliorsiun,

87 1734 214 1759 cumque
241 1723 348 1757 legati,
375 1733 466 1757 quare
484 1724 638 1757 venerint,
665 1724 692 1751 ei
710 1724 893 1756 indicarent,
919 1723 1048 1758 primum
1074 1721 1198 1748 recurrit
1221 1720 1261 1747 ad
1287 1721 1479 1748 secretarium

87 1769 188 1798 cordis
214 1778 247 1797 se
271 1777 384 1803 suaque
409 1768 533 1795 domino
561 1768 774 1796 commendans
799 1768 831 1795 in
856 1767 986 1800 intimis,
1013 1766 1123 1794 deinde
1148 1765 1293 1801 episcopo
1317 1765 1478 1798 ringrimo,

88 1817 172 1851 cujus
199 1814 323 1842 caritate
348 1813 393 1841 ibi
419 1812 558 1840 detentus
585 1817 664 1846 erat,
691 1823 811 1841 causam
837 1822 921 1841 suam
948 1820 1103 1847 exponens
1129 1810 1176 1843 id,
1203 1819 1262 1844 quo
1288 1811 1479 1843 gravabatur,

88 1862 326 1894 temperamento
344 1857 467 1885 levabat
485 1857 688 1893 simplicitatis
707 1858 898 1886 columbinae
917 1867 951 1885 ac
969 1856 1146 1892 prudentiae
1165 1855 1370 1890 serpentinae,
1389 1859 1479 1889 atque

88 1903 121 1931 in
138 1903 217 1930 hunc
234 1902 359 1930 modum
376 1902 566 1938 proloquitur
584 1902 702 1930 dicens:
720 1903 777 1930 lioc
795 1912 925 1935 novum,
946 1902 1028 1936 quod
1047 1900 1120 1928 mihi
1138 1910 1193 1935 per
1210 1900 1331 1927 nuntios
1349 1899 1480 1935 impera-

88 1948 164 1976 toris
183 1947 300 1975 domini
316 1947 436 1975 Ottonis
456 1947 581 1974 secundi
599 1948 700 1981 venit,
720 1948 828 1976 caritas
846 1952 897 1975 tua
917 1947 1018 1979 efficit,
1039 1946 1086 1973 cui
1105 1945 1236 1981 primum
1253 1946 1352 1972 bonae
1370 1945 1480 1972 volun-

90 1993 161 2021 tatis
185 1993 299 2026 absque
326 1992 420 2019 dubio
446 1991 519 2025 erit,
544 1991 600 2019 sed
624 2001 709 2019 meae
734 1992 880 2027 parvitati
905 1992 1044 2019 timorem
1069 1990 1189 2023 incutit,
1216 1989 1286 2023 quia
1312 1989 1430 2022 nescio,
1455 1989 1481 2016 si

90 2037 233 2064 voluntas
257 2035 314 2062 Dei
337 2035 390 2068 sit,
416 2040 446 2063 et
471 2036 542 2070 quia
566 2036 696 2064 mundus
722 2037 778 2064 sub
803 2037 904 2072 specie
927 2036 1081 2068 religionis
1098 2035 1210 2062 multos
1229 2035 1268 2061 ad
1285 2034 1361 2061 vitia
1379 2034 1481 2061 trahit.

92 2080 146 2109 eni
162 2079 350 2115 respondens
369 2080 530 2114 episcopus
549 2080 643 2108 dixit:
663 2081 745 2114 quod
764 2081 840 2108 dicis
858 2085 888 2107 te
907 2080 1028 2111 timere,
1053 2079 1111 2105 hoc
1129 2078 1238 2105 inentis
1259 2082 1304 2104 est
1322 2077 1481 2112 providae,

93 2125 149 2154 sed
166 2125 244 2151 lianc
261 2124 294 2150 in
311 2123 422 2150 bonam
448 2132 534 2158 spem
558 2124 645 2156 erigit
670 2124 844 2156 Psalmista,
870 2123 921 2157 qui
939 2123 1028 2150 dicit:
1057 2122 1176 2149 initium
1202 2121 1367 2156 sapientiae
1392 2121 1483 2149 timor

91 2169 166 2202 Dei,
184 2173 214 2196 et
232 2168 356 2195 iterum:
375 2167 467 2194 timor
483 2167 540 2194 Dei
558 2167 668 2195 sanctis
686 2177 866 2203 permanens
884 2168 916 2194 in
933 2167 1086 2195 saeculum
1105 2166 1227 2194 saeculi.
1262 2165 1348 2192 Talia
1363 2174 1482 2200 qnoque

93 2212 239 2250 pontifice
264 2212 465 2247 proloquente
494 2212 542 2240 vir
570 2213 762 2240 venerandus
795 2211 986 2244 wolfgangus
1018 2220 1074 2246 per
1102 2210 1212 2238 mentis
1245 2211 1483 2245 speculationem

93 2257 331 2294 dispensationis
350 2257 472 2284 divinae
490 2257 609 2285 intuens
627 2257 822 2285 moderamen
840 2256 1034 2290 subsequitur
1058 2255 1176 2282 dicens:
1202 2264 1271 2283 ecce
1294 2264 1400 2284 servus
1427 2256 1483 2283 do-

93 2303 185 2336 mini,
210 2302 263 2330 fiat
281 2301 354 2329 mihi
367 2302 536 2333 *secundum
560 2303 688 2330 verbiun
712 2307 806 2331 tuum.
843 2305 928 2329 Tunc
953 2305 1072 2336 arrepto
1098 2300 1206 2328 itinere
1238 2310 1306 2328 cnm
1337 2301 1401 2333 his,
1432 2301 1484 2334 qui

94 2347 181 2375 missi
197 2346 317 2374 fuerant
335 2346 373 2373 ab
392 2346 590 2382 imperatore,
615 2346 746 2374 tetendit
769 2346 801 2373 in
825 2351 928 2382 partes
947 2346 1149 2373 occidentales
1167 2345 1329 2378 Bavariae,
1357 2355 1483 2379 cumque

95 2395 276 2429 perventum
294 2396 374 2419 esset
392 2392 432 2419 ad
448 2393 562 2425 regiain
580 2391 743 2424 civitatem,
764 2391 861 2419 clerus
879 2396 909 2419 et
926 2391 1058 2426 populus
1077 2391 1241 2418 secundum
1258 2398 1372 2417 morem
1388 2390 1484 2416 eccle-

97 2437 250 2466 siasticam
266 2436 464 2470 unanimiter,
481 2442 515 2464 ut
531 2436 696 2472 imperator
713 2436 815 2471 petiit,
841 2441 978 2464 sanctum
997 2435 1202 2468 wolfgangum
1220 2435 1374 2467 elegerunt
1392 2438 1484 2468 atque

97 2491 166 2510 eum
181 2480 347 2508 universali
364 2480 512 2508 electione
530 2481 570 2508 ad
588 2480 700 2508 curiam
718 2490 787 2508 eum
804 2481 917 2514 regiam
941 2481 1096 2508 miserunt.
1132 2482 1263 2513 Cumque
1286 2479 1319 2505 in
1341 2487 1484 2513 praesen-

97 2526 171 2553 tiam
190 2524 323 2552 Caesaris
341 2530 421 2552 esset
439 2525 572 2558 delatus,
596 2530 666 2552 ante
690 2525 784 2560 pedes
811 2527 875 2559 ejus
900 2530 1068 2561 prostratus
1094 2533 1126 2551 se
1147 2524 1223 2550 dixit
1240 2523 1413 2556 indignum,
1438 2523 1486 2550 in—

98 2570 230 2602 doctum,
249 2568 423 2602 ignobilem,
442 2570 497 2597 sub
517 2569 686 2597 monachali
703 2569 893 2605 professione
912 2571 1070 2602 degentem
1088 2569 1152 2596 sine
1170 2568 1292 2596 licentia
1307 2568 1353 2595 sui
1365 2567 1485 2596 abbatis

97 2615 174 2643 nihil
193 2614 328 2650 accipere
347 2614 468 2642 debere.
502 2618 666 2647 Postremo,
685 2624 722 2641 ne
740 2614 841 2642 locum
860 2620 995 2642 sanctum
1011 2614 1131 2641 vilitate
1144 2613 1282 2646 violaret,
1300 2613 1486 2648 imploravit.

98 2663 266 2695 Imperator
283 2663 383 2686 autem
400 2659 510 2686 videns
528 2668 597 2686 euin
616 2658 722 2686 deifice
740 2664 930 2692 renuentem,
956 2659 1051 2691 magis
1070 2659 1108 2685 de
1125 2658 1287 2693 probitatis
1306 2659 1370 2692 ejus
1388 2657 1487 2691 digni-

99 2708 163 2731 tate
187 2708 284 2732 certus
311 2702 450 2737 quamvis
472 2703 633 2731 reluctanti
657 2703 845 2737 multumque
871 2703 1002 2736 gementi
1028 2703 1234 2738 episcopatum
1254 2702 1487 2732 commendavit.

100 2747 218 2777 Deinde
236 2758 303 2777 cnm
322 2747 466 2776 comitatu
483 2747 569 2776 fideli
586 2748 748 2777 multonun
764 2749 907 2777 remissus
924 2749 1124 2777 Ratisbonam
1146 2753 1193 2776 est
1214 2748 1365 2782 ingressus
1382 2747 1488 2782 ibique

1161 2802 1207 2838 58
