1742 3005
69 130 163 179 Cap.
189 128 338 165 CCXL.
395 129 454 166 De
484 135 614 165 sancta
643 127 884 177 Radegunde
913 127 1045 176 regina
1076 127 1272 163 Franciae.
1328 125 1409 165 953

41 233 169 261 martiris
194 233 310 261 violare
334 234 578 269 praesumsisset,
612 233 801 259 manubrium
826 232 933 265 ligonis
963 232 1088 259 infixum
1113 232 1176 259 suis
1199 231 1337 259 manibus
1362 232 1415 258 ad—

41 279 148 308 haesit.
183 279 271 314 Quod
287 288 352 306 cum
365 289 420 306 nec
434 279 545 306 dimitti
560 287 616 305 nec
631 277 739 304 auferri
754 282 866 311 posset,
885 281 1047 312 coeperunt
1061 286 1165 304 manus
1179 281 1416 311 computrescere

41 323 254 357 vermibusque
273 324 424 353 scaturire.
460 327 525 360 Qua
548 332 646 359 poena
671 321 830 349 muletatus
855 322 992 356 sequenti
1017 321 1066 348 die
1092 322 1302 349 miserabiliter
1319 317 1419 349 finivi't

41 368 146 397 vitam.
182 368 256 395 Hinc
273 374 373 396 tantus
391 378 487 404 pavor
505 370 534 395 in
553 368 666 396 cunctis
685 366 826 399 excrevit,
844 372 877 393 ut
894 376 981 394 nemo
1000 372 1069 402 post
1087 367 1174 399 lnmc,
1193 367 1329 400 quamvis
1349 375 1419 401 pro-

43 413 217 440 batissimae
234 414 315 441 vitae
332 414 437 447 fuerit,
456 419 574 449 praeter
593 417 727 440 sanetum
746 411 872 443 Eligium
885 412 1113 439 Noviomensem
1128 412 1303 447 episcopum
1317 412 1419 444 huius-

44 458 128 485 modi
144 458 296 490 negotium
313 463 441 485 tentaret
458 467 655 493 praesumere.
691 460 719 483 Is
745 456 858 490 quippe
882 456 1020 490 pontifex
1046 461 1165 483 sauctus
1189 457 1316 490 praesnti
1341 467 1419 483 mar-

44 503 109 530 tiris
135 503 235 538 coepit
259 502 447 536 frequentare
470 503 568 529 locum
591 512 681 528 unum
706 506 736 527 et
760 500 862 527 diviua
889 500 995 527 doctus
1030 500 1213 531 revelatione
1247 501 1419 528 triduanum

44 547 186 582 jejunium
210 557 277 575 cum
301 547 438 581 lacrymis
464 556 607 582 peragens
633 551 662 573 et
688 546 829 572 attentius
849 554 935 572 orans
953 545 983 572 in
1002 545 1084 578 loco,
1111 545 1164 571 ubi
1186 545 1268 572 nulla
1287 546 1419 580 suspicio

45 593 225 625 habebatur,
261 592 343 625 quod
367 592 410 619 ibi
434 601 540 626 corpus
567 591 767 621 inveniretur,
799 595 917 617 sanctus
942 590 1081 616 manibus
1107 589 1238 616 effodere
1262 590 1361 625 coepit
1392 595 1421 617 et

46 646 153 672 corpus
179 646 295 664 sacrum
313 637 436 665 invenit.
473 640 537 672 Quo
563 636 713 662 terebrato
738 638 837 661 tantus
865 635 939 661 odor
965 644 1031 661 cum
1057 634 1178 661 immani
1200 635 1311 661 lumine
1330 644 1366 661 ex
1385 644 1420 661 eo

46 682 172 717 prodiit,
199 681 280 715 quod
303 681 393 708 etiam
418 681 483 715 ipse
510 680 647 715 pontifex
670 689 742 714 prae
769 680 929 714 splendore
956 679 1076 706 luminis
1096 684 1125 706 et
1142 679 1302 712 fragrantia
1320 680 1421 707 odoris

46 727 98 753 vix
116 725 260 753 sustinere
278 730 390 760 posset.
424 728 507 752 Tunc
526 730 644 752 sanctus
663 725 774 757 Eligius
794 733 900 759 eorpus
922 724 1056 757 lacrymis
1075 724 1253 753 deosculans
1272 726 1372 761 posuit
1391 725 1421 752 in

48 773 113 798 loco
133 770 307 803 dignissimo
327 770 365 796 ad
385 770 502 797 laudem
523 769 629 796 sununi
648 770 702 796 Dei
722 774 749 795 et
769 775 936 796 sanctorum
956 771 1028 803 ejus.

475 1098 599 1159 GAP.
636 1099 784 1159 ccxi.
828 1097 969 1161 (211.)

46 1201 144 1244 De
174 1199 396 1243 sancta
415 1198 818 1254 Radegunde
843 1197 1075 1253 regina
1094 1196 1422 1242 Franciae.

147 1311 254 1336 sancta
284 1309 476 1341 Radegundis
510 1309 631 1335 natione
657 1307 811 1333 barbarica
838 1306 894 1333 snit
920 1311 1004 1340 patre
1028 1315 1095 1337 rege
1122 1306 1306 1338 Berengario.
1345 1309 1426 1341 Quae

47 1364 113 1381 cum
132 1354 254 1380 exiisset
271 1358 304 1380 ut·
324 1354 424 1381 sclava
444 1354 480 1380 de
498 1353 605 1388 patria,
625 1352 707 1378 vonit
728 1352 758 1378 in
776 1356 885 1379 sortem
902 1351 1011 1377 Lotarii
1030 1351 1116 1382 regis.
1154 1355 1223 1378 Cum
1243 1357 1342 1378 autem
1361 1361 1426 1378 eam

48 1398 217 1426 Suessionis
244 1398 419 1430 direxisset,
442 1403 475 1425 ut
499 1398 630 1430 reginam
656 1397 794 1427 erigeret,
820 1396 870 1423 illa
895 1396 1029 1422 evitabat
1055 1406 1196 1430 pompam
1215 1396 1361 1428 regalem,
1387 1406 1425 1422 ne

48 1443 168 1471 saeculo
188 1447 342 1470 cresceret.
378 1443 437 1470 Sed
456 1443 502 1470 cui
521 1443 609 1469 etiam
629 1442 756 1468 debetur
773 1442 899 1467 humana
927 1441 1036 1473 gloria,
1061 1450 1118 1467 uon
1142 1446 1271 1467 mutatur
1296 1446 1427 1468 aeterna.

48 1489 155 1523 Nupsit
174 1497 242 1521 ergo
261 1492 378 1515 terreno
397 1488 541 1523 principi,
567 1497 626 1514 non
651 1492 747 1514 tamen
769 1491 922 1520 separatur
940 1496 955 1512 a
976 1486 1115 1518 coelesti,
1139 1496 1172 1512 ac
1197 1486 1267 1512 dum
1294 1485 1351 1512 sibi
1379 1495 1427 1512 ac-

51 1533 191 1560 «essisset
217 1533 375 1560 saecularis
408 1532 550 1565 dignitas,
586 1533 652 1566 plus
687 1542 718 1559 se
749 1531 905 1558 inclinavit
936 1531 1092 1563 voluntas,
1123 1541 1211 1564 quam
1242 1531 1427 1565 permitteret

51 1579 195 1612 dignitas,
217 1578 397 1612 timensque,
416 1588 452 1605 ne
472 1578 546 1604 adeo
566 1577 776 1609 degradasset,
797 1587 861 1603 cum
881 1576 983 1603 mundi
1003 1576 1093 1607 gradu
1112 1576 1285 1610 proliceret,
1311 1585 1342 1602 se
1362 1585 1428 1602 cum

51 1634 103 1651 sua
126 1623 269 1650 facultate
296 1623 477 1650 elemosinae
501 1622 635 1650 dictavit.
670 1625 741 1648 Nam
761 1631 825 1648 cum
846 1621 961 1654 aliquid
984 1622 1020 1648 de
1047 1621 1166 1648 tributis
1193 1620 1357 1653 accideret,
1393 1630 1429 1647 ex

52 1670 206 1702 omuibus,
233 1678 308 1702 quae
333 1668 489 1696 venissent
516 1668 553 1694 ad
573 1677 654 1701 eam,
681 1672 748 1694 ante
768 1667 851 1694 dedit
870 1666 1032 1698 decimam,
1058 1676 1145 1699 quam
1165 1665 1292 1700 recepit3
1319 1665 1428 1692 deinde

52 1714 134 1748 quod
152 1718 322 1749 supererat,
349 1713 441 1740 dabat
458 1713 656 1745 monasteriis,
677 1717 705 1739 et
724 1721 782 1746 quo
802 1712 844 1739 ire
864 1711 941 1746 pede
960 1720 1018 1738 non
1038 1716 1171 1746 poterat,
1197 1711 1288 1738 misso
1308 1720 1428 1737 munere

52 1759 206 1786 circuibat.
243 1762 317 1785 Item
336 1764 479 1786 nocturno
500 1763 649 1793 tempore,
678 1767 742 1784 cum
762 1757 919 1784 reclinaret
938 1766 1003 1782 cum
1023 1756 1173 1791 principe,
1200 1765 1305 1788 rogans
1325 1765 1356 1783 se
1374 1764 1428 1791 pro

51 1805 179 1831 humana
197 1803 374 1830 necessitate
392 1802 472 1830 velle
491 1812 666 1834 consurgere
686 1807 713 1830 ct
734 1812 763 1829 εν
784 1803 903 1834 levans,
931 1812 1045 1833 egressa
1066 1801 1202 1828 cubiculo
1223 1801 1335 1828 tamdiu
1362 1806 1430 1828 ante

53 1853 198 1876 secretum
218 1848 344 1875 orationi
363 1848 555 1875 incumbebat
573 1850 682 1881 jactato
702 1847 815 1879 cilicio,
835 1852 867 1874 ut
887 1847 951 1874 solo
971 1848 1070 1873 calvus
1090 1847 1197 1881 spiritu
1215 1849 1337 1881 jaceret,
1362 1847 1429 1879 gelu

51 1898 207 1930 penetrata
232 1898 296 1920 tota
320 1893 406 1920 carne
438 1893 531 1920 ferme
563 1897 762 1928 praemortua.
798 1896 840 1918 De
873 1903 928 1925 qua
963 1892 1022 1923 rugi
1057 1892 1227 1924 dicebatur,
1260 1892 1370 1919 habere
1399 1901 1429 1918 se

52 1939 145 1972 inagis
163 1939 290 1974 jugalem
308 1938 482 1966 monacham
501 1948 589 1971 quam
608 1937 746 1970 reginam.
783 1937 895 1964 Diebus
921 1946 993 1963 vero
1019 1937 1261 1970 quadragesimae
1288 1937 1359 1964 satis
1385 1942 1431 1964 est

54 1985 143 2017 scire,
170 1983 297 2017 qualiter
318 1983 428 2010 rexerit
454 1993 498 2016 se,
524 1982 601 2009 inter
625 1987 726 2009 vestes
746 1983 839 2014 regias
859 1982 1046 2014 singulariter
1064 1982 1231 2017 poenitens.
1267 1982 1359 2014 Igitur
1377 1991 1430 2016 ap-

52 2029 273 2064 propinquante
295 2027 398 2062 jejunii
423 2032 557 2062 tempore
584 2028 622 2054 ad
647 2028 817 2059 religiosam
843 2028 1018 2053 monacham
1045 2027 1164 2054 nomine
1184 2027 1263 2053 l'iam
1282 2027 1430 2057 mittebat,

54 2078 86 2100 ut
98 2077 231 2100 sanctum
242 2072 430 2107 propositum
443 2072 496 2098 illa
509 2071 648 2103 dirigeret
662 2076 690 2098 et
704 2071 832 2098 cilicium
845 2072 984 2098 mitteret.
1023 2072 1110 2107 Quod
1129 2076 1228 2098 sancta
1248 2071 1374 2098 induens
1393 2071 1432 2097 ad.

55 2126 162 2153 corpus
186 2126 241 2152 per
264 2121 359 2143 totam
384 2115 641 2149 quadragesimam
667 2116 782 2142 subtus:
797 2120 914 2142 vestem
936 2115 1046 2147 regiam
1070 2116 1210 2150 portabat
1228 2116 1258 2142 in
1277 2115 1431 2145 sarcinam.

55 2163 86 2191 si
105 2167 204 2189 autem
222 2171 274 2188 rex
291 2161 427 2193 deesset,
451 2160 517 2194 quis
536 2160 652 2192 credat,
680 2160 806 2193 qualiter
829 2169 860 2187 se
887 2159 1015 2186 orationi
1041 2160 1227 2193 infunderet,
1254 2160 1382 2193 qualiter
1400 2169 1431 2187 se

56 2212 205 2241 tamquam
224 2209 412 2241 praesentem
429 2204 536 2232 Christi
554 2208 624 2232 Jesu
643 2204 771 2240 pedibus
791 2204 941 2240 alligaret,
968 2210 997 2231 et
1017 2205 1102 2238 quasi
1119 2204 1234 2239 repleta
1253 2204 1370 2232 deliciis
1389 2205 1432 2232 sic

55 2253 144 2285 longo
170 2251 280 2286 jejunio
299 2250 456 2278 satiaretur
473 2250 503 2276 in
528 2249 683 2283 lacrymis,
711 2249 757 2276 cui
781 2250 924 2285 despecto
950 2250 1063 2277 ventris
1089 2250 1190 2276 edulio
1217 2250 1348 2277 Christus
1377 2250 1432 2277 do-

56 2298 153 2325 minus
180 2300 242 2323 erat
259 2300 322 2322 tota
347 2295 472 2328 resecta,
501 2299 530 2322 et
554 2299 617 2322 tota
643 2294 737 2322 sames
761 2300 823 2322 erat
849 2295 876 2322 ei
902 2295 932 2322 in
958 2296 1072 2322 Christo
1098 2295 1190 2328 illud,
1218 2295 1299 2329 quod
1319 2295 1430 2330 pietate

56 2342 173 2374 agebat,
192 2340 330 2370 sollicita.
365 2344 454 2368 Porro
468 2340 639 2375 praedictae
655 2345 774 2367 sanctae
793 2341 985 2373 Radegundis
1003 2350 1086 2368 mens
1104 2341 1218 2367 intenta
1235 2340 1273 2367 ad
1286 2340 1433 2368 Christum

56 2386 185 2414 pictavis
210 2385 375 2421 inspirante
399 2390 428 2412 et
454 2390 633 2420 cooperante
650 2385 705 2412 Dei
724 2386 816 2417 gratia
835 2385 1047 2413 monasterium
1066 2386 1123 2413 sibi
1142 2395 1196 2421 per
1213 2385 1433 2413 ordinationem

57 2430 203 2466 praecelsi
220 2430 297 2462 regis
315 2429 426 2457 Lotarii
444 2429 622 2462 construxit,
640 2429 671 2456 in
690 2438 749 2463 quo
768 2431 899 2462 gaudens
917 2431 1049 2463 ingressa
1069 2436 1128 2464 est,
1153 2431 1207 2458 ubi
1225 2435 1255 2457 et
1272 2429 1433 2465 perfectio-

58 2476 103 2503 nis
130 2480 302 2502 ornamenta
327 2475 514 2508 conquireret
537 2479 566 2502 et
588 2483 724 2507 magnam
750 2476 1007 2508 congregationem
1032 2477 1200 2512 puellarum
1225 2476 1339 2503 Christo
1358 2486 1433 2502 nnn-

58 2530 147 2554 quam
164 2520 308 2547 morituro
326 2529 438 2555 sponso
457 2525 635 2553 aggregaret.
671 2523 752 2555 Quae
778 2521 871 2548 electa
890 2521 1045 2549 abbatissa
1070 2526 1099 2548 et
1115 2523 1174 2555 jam
1193 2521 1356 2548 constituta
1372 2525 1434 2548 tam

60 2575 91 2593 se
109 2575 203 2599 quani
215 2574 269 2592 sua
287 2566 386 2592 omnia
405 2567 467 2599 ejus
486 2565 610 2592 tradidit
630 2566 788 2600 potestati,
815 2575 850 2593 ex
878 2566 999 2601 proprio
1017 2568 1080 2600 jure
1099 2566 1172 2592 nihil
1193 2566 1252 2593 sibi
1269 2575 1434 2599 reservans,

58 2615 90 2637 ut
107 2615 178 2646 post
196 2610 322 2642 vestigia
342 2610 449 2638 Christi
467 2615 610 2642 curreret,
629 2610 784 2644 expedita,
803 2616 836 2637 ut
855 2616 970 2638 tantum
987 2612 1055 2646 plus
1075 2612 1134 2638 sibi
1153 2615 1272 2643 augeret
1290 2611 1322 2637 in
1340 2611 1434 2644 coelo,

59 2660 201 2689 quantum
226 2655 285 2683 sibi
309 2655 507 2683 subtraxisset
529 2656 560 2682 in
586 2655 714 2683 saeculo.
750 2655 910 2688 Languidis
936 2660 966 2682 et
992 2656 1087 2683 caeeis
1121 2665 1180 2682 non
1206 2656 1343 2682 cessabat
1368 2655 1434 2690 ipsa

59 2701 142 2728 cibos
161 2710 227 2728 cum
246 2701 451 2728 cochlearibus
469 2701 634 2736 porrigere,
660 2700 799 2728 mulieres
822 2699 914 2727 variis
939 2700 1040 2736 leprae
1059 2701 1182 2728 maculis
1200 2700 1335 2736 perfusas
1355 2709 1435 2728 com-

38 2745 247 2781 ,prehendens
269 2746 300 2772 in
326 2745 464 2781 amplexu
493 2746 695 2779 osculabatur,
722 2745 752 2773 in
776 2755 811 2773 eo
838 2754 889 2772 eos
914 2750 978 2773 toto
1002 2746 1032 2773 in
1058 2750 1121 2773 Deo
1148 2746 1292 2779 diligebat
1317 2745 1435 2779 affectu,
