1742 3005
258 99 339 138 512
398 99 494 148 Cap.
517 96 651 134 CXIX.
711 95 769 132 De
801 96 1034 133 assumtione
1065 103 1218 133 sanetae
1250 94 1393 132 Mariae
1426 93 1588 144 virginis.

258 206 389 247 martir,
420 205 453 237 in
480 204 553 236 suis
580 200 739 236 homeliis
765 199 916 235 scilicet:
957 199 1062 235 hodie
1090 202 1260 247 virginem
1291 200 1429 236 beatam
1454 199 1543 235 coeli
1569 209 1646 233 sus-

256 273 423 315 ceperunt
449 268 634 309 laetanter,
669 266 789 312 angeli
825 263 1032 311 gaudendo,
1058 265 1263 312 archangeli
1290 266 1498 311 jubilando,
1534 265 1649 300 throni

258 333 461 376 exaltando,
497 332 752 366 dominationes
787 329 985 375 psallendo,
1018 331 1235 375 principatus
1270 330 1559 373 harmonisando,
1586 341 1650 376 po-

258 404 406 435 testates
433 396 696 440 citharisando‚
725 395 893 431 cherubIn
929 399 964 430 et
997 395 1165 441 seraphin
1199 394 1430 440 hymnizando
1466 400 1571 441 atque
1606 394 1651 429 ad

258 476 447 511 supernum
482 464 680 509 majestatis
716 462 856 497 divinae
880 461 1035 496 tribunal
1060 459 1229 496 ducendo.
1278 460 1402 495 Tertio
1433 460 1652 495 honorabili-

257 536 330 574 ter,
370 532 453 577 quia
494 531 573 575 ipse
606 528 710 564 Jesus
746 532 780 563 et
814 532 908 562 totus
941 528 1088 562 militiae
1120 526 1286 562 coelestis
1324 527 1501 562 exercitus
1539 525 1651 561 eidem

260 597 399 631 obviam
426 597 533 632 venit.
556 594 653 630 Unde
679 593 925 638 Hieronymus:
952 594 1029 639 quis
1056 592 1143 627 illud
1170 595 1330 639 cogitare
1359 591 1524 634 sufficiat,
1551 601 1652 637 quam

258 663 420 709 gloriosa
444 661 550 696 hodie
578 661 701 705 regina
736 658 852 693 mundi
882 660 1078 703 processit,
1118 663 1247 704 quanto
1282 658 1480 693 devotionis
1511 657 1653 699 affectu,

259 732 357 762 tanto
392 728 428 760 in
459 727 536 771 ejus
570 735 751 759 occursum
784 724 986 758 coelestium
1025 725 1202 770 legionum
1243 723 1416 769 prodierit
1455 721 1651 763 multitudo,

260 793 401 839 quantis
431 790 475 825 ad
499 790 661 825 thronum
688 790 835 824 canticis
860 790 907 823 sit
931 789 1094 831 deducta,
1121 799 1221 834 quam
1249 789 1390 834 placido
1415 788 1523 831 vultu,
1551 796 1652 833 quam

261 867 389 893 serena
413 856 523 898 facie,
550 866 651 902 quam
678 855 805 890 divinis
831 854 1048 899 amplexibus
1081 864 1103 888 a
1134 853 1204 888 filio
1230 856 1276 888 sit
1301 858 1469 899 suscepta
1490 859 1525 888 et
1548 864 1654 899 super

261 934 395 958 omnem
430 926 626 956 ereaturam
660 921 827 956 exaltata.
884 920 998 956 Idem:
1043 919 1217 955 hodierna
1255 919 1312 954 die
1345 918 1554 955 credendum
1588 923 1652 961 est,

261 990 418 1024 militiam
451 988 627 1023 coelorum
663 987 789 1021 festive
824 987 990 1032 genitrici
1025 986 1091 1021 Dei
1116 987 1254 1020 obviam
1286 985 1474 1020 advenisse
1508 994 1653 1029 eamque

261 1058 396 1103 ingenti
422 1055 550 1090 lumine
577 1053 852 1087 circumfulsisse
889 1056 923 1086 et
958 1063 1070 1097 usque
1095 1052 1139 1086 ad
1166 1051 1232 1086 Dei
1267 1051 1427 1085 thronum
1464 1061 1540 1085 cum
1575 1050 1651 1084 lau-

261 1122 364 1156 dibus
391 1125 425 1155 et
449 1120 596 1155 canticis
623 1118 869 1163 spiritualibus
899 1118 1131 1163 perduxisse,
1163 1117 1352 1152 coelestem
1386 1127 1526 1162 quoque
1550 1115 1651 1151 Jeru-

261 1187 369 1222 salem
394 1186 553 1220 militiam
576 1188 656 1218 tunc
674 1183 846 1218 ineffabili
872 1183 1009 1217 laetitia
1035 1183 1232 1218 exsultasse
1261 1186 1296 1217 et
1324 1181 1558 1228 ¹)j11cundam
1584 1186 1652 1215 tam

261 1252 433 1289 ineffabili
467 1252 615 1286 curitate
653 1254 687 1284 et
721 1250 813 1283 omni
847 1249 1084 1294 gratulatione
1117 1248 1305 1294 jubilasse.
1355 1248 1525 1288 Quoniam
1551 1247 1652 1282 sesti-

262 1321 354 1354 vitas
381 1318 492 1360 haec,
519 1326 608 1362 quae
634 1315 736 1350 nobis
763 1314 869 1350 hodie
896 1315 1089 1350 revolvitur
1123 1324 1251 1357 annua,
1279 1314 1348 1348 illis
1376 1314 1535 1348 omnibus
1562 1301 1655 1347 sacta

262 1390 317 1421 est
355 1385 540 1425 continua,
576 1382 731 1417 creditur
767 1392 929 1427 quoque,
968 1381 1061 1427 quod
1098 1381 1175 1425 ipse
1209 1380 1366 1414 salvator
1398 1390 1461 1424 per
1494 1390 1532 1414 se
1558 1383 1652 1413 totus

264 1452 412 1486 festivus
439 1449 632 1484 occurrerit
658 1452 692 1483 et
717 1458 791 1483 cum
810 1447 942 1494 gaudio
968 1457 1043 1482 eam
1068 1457 1185 1482 secum
1211 1447 1245 1480 in
1270 1445 1396 1480 throno
1417 1445 1653 1479 collocaverit.

262 1517 362 1551 Alias
389 1526 528 1561 quoque
559 1525 628 1548 non
653 1514 854 1559 implesset,
889 1513 983 1559 quod
1009 1515 1042 1547 in
1069 1513 1151 1560 lege
1188 1514 1265 1557 ipse
1290 1511 1486 1546 mandavit:
1520 1510 1656 1545 honora

264 1586 399 1627 patrem
418 1585 511 1614 tuum
539 1584 573 1615 ct
589 1584 730 1614 matrem
749 1584 853 1615 tuam.
891 1581 986 1616 Haec
1003 1580 1242 1624 Hieronymus.
1280 1578 1411 1618 Quarto
1431 1577 1653 1612 excellenter.

263 1647 513 1692 Hieronymus:
546 1644 633 1679 haec
658 1649 712 1680 cst
746 1645 846 1689 dies,
879 1647 913 1680 in
951 1656 1020 1692 qua
1044 1656 1154 1692 usque
1192 1644 1237 1680 ad
1270 1644 1387 1678 throni
1411 1641 1655 1678 celsitudinem

266 1715 473 1748 intemerata
499 1714 610 1745 mater
637 1714 670 1744 et
696 1712 796 1756 virgo
829 1713 1004 1756 processit
1039 1717 1145 1757 atque
1171 1713 1205 1745 in
1230 1711 1331 1756 regni
1355 1709 1446 1744 solio
1470 1709 1656 1743 sublimata

264 1783 346 1824 post
372 1778 550 1813 Christum
575 1776 735 1822 gloriosa
760 1776 904 1812 resedit.
955 1777 1113 1817 Qualiter
1146 1781 1259 1811 autem
1292 1777 1326 1809 in
1359 1775 1506 1810 coelesti
1539 1774 1657 1819 gloria

265 1843 454 1878 sublimata
487 1847 522 1878 et
551 1841 783 1876 honorificata
807 1843 872 1885 sit,
906 1842 1059 1877 ostendit
1091 1841 1216 1876 beatus
1252 1842 1288 1885 ²)
1303 1839 1480 1875 Gerar-dus
1515 1840 1547 1872 in
1581 1839 1653 1872 suis

266 1908 429 1944 homeliis
455 1909 594 1944 dicens:
628 1908 725 1942 solus
758 1908 916 1943 dominiis
941 1908 1047 1944 Jcsus
1078 1907 1238 1943 Christus
1264 1910 1380 1951 potest
1405 1905 1495 1939 hanc
1519 1906 1655 1951 magni-

267 1976 397 2018 ficare,
432 1973 718 2020 quemadmodum
745 1973 847 2016 fecit,
882 1978 918 2008 nt
945 1974 987 2008 ab
1014 1976 1093 2019 ipsa
1116 1974 1301 2018 majestate
1332 1971 1470 2005 laudem
1493 1973 1656 2006 continue

266 2042 419 2086 accipiat
445 2045 478 2075 et
501 2040 682 2082 honorem,
707 2040 878 2085 angelicis
905 2041 1037 2084 stipata
1060 2039 1199 2081 choris,
1234 2037 1491 2082 archangelicis
1526 2037 1658 2073 vallata

266 2107 410 2148 turmis,
439 2105 642 2139 thronorum
666 2104 745 2139 hinc
771 2098 859 2140 inde
878 2115 1047 2150 possessa
1069 2103 1356 2150 jubilationibus,
1384 2102 1655 2138 dominationum

266 2173 513 2206 circumcincta
550 2170 733 2216 tripudiis,
782 2172 1037 2216 principatuum
1075 2172 1307 2214 circumsepta
1339 2169 1546 2214 obsequiis,
1592 2180 1654 2214 po-

265 2241 431 2272 testatum
457 2237 658 2281 amplexata
684 2237 887 2282 plausibus,
916 2239 1077 2271 virtutum
1104 2237 1220 2282 girata
1246 2234 1461 2277 honoribus,
1489 2234 1655 2269 cherubin

266 2303 567 2337 circumstantiam
592 2302 945 2348 hymnificationibus,
970 2301 1137 2347 seraphin
1162 2302 1313 2348 undique
1339 2310 1505 2347 possessa
1533 2300 1655 2335 ineffa-

267 2368 398 2402 bilibus
435 2369 705 2403 cantationibus.
753 2368 835 2413 Ipsa
868 2379 1006 2414 quoque
1038 2367 1321 2403 ineffabilissima
1345 2368 1484 2402 trinitas
1513 2367 1655 2412 perenni

267 2433 420 2479 tripudio
462 2433 532 2468 sibi
573 2433 757 2478 applaudit
789 2438 895 2479 atque
932 2443 996 2468 sua
1034 2435 1150 2479 gratia
1189 2435 1222 2467 in
1258 2443 1301 2468 ca
1331 2437 1407 2468 tota
1440 2432 1654 2468 redundante

268 2510 387 2534 omnes
421 2499 530 2534 eidem
573 2499 756 2534 attendere
788 2499 883 2534 facit.
932 2499 1180 2544 Apostolorum
1219 2498 1525 2543 splendidissimus
1568 2497 1653 2531 ordo

270 2564 440 2599 ineffabili
465 2565 570 2600 laude
596 2575 670 2600 eam
697 2565 855 2608 extollit,
886 2567 1063 2600 martirum
1089 2564 1270 2599 multitudo
1297 2562 1491 2599 omnimode
1517 2562 1652 2608 suppli—

339 2705 363 2737 Ι)
384 2705 435 2731 Ed.
454 2709 496 2733 l'r.
517 2706 695 2738 jucunda.
716 2709 777 2733 Non
792 2706 876 2733 niale.
938 2709 966 2740 ¹2)
987 2706 1060 2733 Alii:
1085 2703 1276 2733 Geraldns
1295 2707 1323 2731 et
1344 2706 1430 2730 antea
1450 2702 1655 2731 nitardus.
