1742 3005
385 113 480 165 Cap.
511 112 625 153 CLV.
695 111 756 151 De
774 118 918 152 sancto
948 110 1165 151 Leonardo.
1387 110 1468 152 687

86 217 187 255 dotes
217 217 399 265 ydolorum
431 219 557 252 mortui
591 220 671 254 sunt
704 221 738 253 et
769 227 833 252 ara
867 217 966 254 Jovis
999 219 1218 253 concremata
1252 219 1307 254 est
1347 220 1382 255 et
1413 219 1468 254 soi

82 283 290 319 obscuratus
316 287 391 327 est,
417 285 468 318 ita
484 287 528 318 ‘ut
557 284 706 330 populus
730 283 905 320 Romanus
932 284 1071 331 sugeret
1096 288 1195 319 extra
1218 294 1347 319 muros,
1395 285 1467 319 Au-

82 349 182 385 diens
218 354 332 385 autem
365 349 557 386 Palmatius
590 350 734 392 consul,
775 350 869 395 quod
904 350 1061 385 Caiixtus
1103 360 1178 384 cuin
1214 351 1287 384 suis
1328 349 1467 385 clericis

81 419 178 451 trans
204 416 360 451 Tiberim
384 416 559 458 latitaret,
585 418 736 462 rogavit,
762 420 800 450 ut
823 415 1026 456 christiani,
1053 425 1116 458 per
1140 425 1227 459 quos
1252 415 1318 450 hoc
1343 416 1468 450 malum

82 483 298 528 contigerat,
334 481 380 516 ad
406 483 650 527 purgationem
674 482 826 515 civitatis
852 481 990 524 penitus
1017 479 1227 514 delerentur.
1275 479 1467 516 Palmatius

78 549 200 594 itaque
226 551 401 593 potestate
426 550 591 590 accepta,
619 555 694 579 cum
719 545 801 579 illuc
825 555 899 579 cum
925 544 1092 579 militibus
1118 550 1370 589 properasset,
1404 545 1467 582 sed

80 614 132 648 iili
164 615 323 660 protinus
362 612 543 647 excaecati
575 610 746 653 fuissent,
788 613 931 647 territus
966 611 1167 647 Alexandro
1206 610 1272 646 hoc
1307 613 1466 657 protinus

78 679 263 714 nuntiavit.
309 677 407 713 Tunc
431 678 624 722 imperator
651 677 781 722 jussit,
813 680 852 711 ut
882 677 938 712 dle
970 677 1140 713 Mercurii
1175 679 1285 712 omnis
1315 678 1466 723 populus

77 745 280 781 conveniret
312 747 347 779 et
378 743 558 779 Mercurio
592 743 807 785 immolaret,
842 747 881 777 ut
911 742 954 776 ab
988 753 1029 778 eo
1064 754 1171 789 super
1204 743 1259 778 liis
1294 754 1468 789 responsa

77 812 265 856 acciperet.
315 808 416 850 Quod
436 808 515 844 dum
541 807 651 851 fieret,
679 810 779 855 virgo
806 809 977 854 quaedam
997 810 1130 855 templi,
1157 811 1294 845 nomine
1311 810 1465 853 Juliana,

78 880 221 922 arrepta
253 885 275 911 a
305 875 474 910 daemone
514 871 738 910 exclamavit:
777 874 871 908 Deus
909 874 1038 909 Calixti
1071 879 1125 909 est
1160 885 1263 910 verus
1298 880 1332 909 et
1366 876 1465 910 vivus

78 943 191 985 Deus,
218 943 278 988 qui
304 942 434 976 nostris
462 945 516 976 est
540 939 794 985 pollutionibus
819 939 1036 984 indignatus.
1086 940 1184 980 Quod
1212 940 1358 976 audiens
1384 940 1467 975 Pal-

78 1009 203 1042 matius
230 1012 328 1042 trans
354 1007 511 1052 Tiberim
537 1005 582 1040 ad
614 1004 732 1040 urbem
758 1004 1010 1040 Ravennatium
1036 1005 1080 1040 ad
1108 1010 1263 1040 sanctum
1294 1007 1466 1042 Calixtum

77 1075 228 1108 accessit
260 1077 295 1108 et
326 1083 400 1107 cum
431 1081 540 1107 uxore
576 1081 639 1105 sua
675 1074 709 1105 et
748 1069 882 1105 familia
916 1082 954 1106 se
992 1072 1035 1105 ab
1079 1082 1120 1106 eo
1157 1071 1332 1116 baptizari
1372 1072 1464 1107 fecit.

78 1139 179 1180 Quod
216 1138 362 1173 audiens
407 1139 598 1182 imperator
633 1138 839 1171 accersitum
884 1136 1063 1181 Simplicio
1107 1139 1265 1172 senatori
1304 1137 1464 1181 tradidit,

75 1208 113 1240 ut
137 1203 255 1239 verbis
282 1203 421 1238 blandis
448 1214 523 1238 eum
549 1206 706 1255 moueret
738 1213 780 1238 ex
814 1213 873 1244 eo,
911 1203 1003 1247 quod
1034 1203 1251 1248 reipublicae
1282 1203 1464 1248 plurimum

76 1271 298 1306 necessarius
332 1273 437 1305 esset.
486 1269 657 1303 Palmatio
690 1279 774 1303 vero
811 1269 844 1301 in
874 1269 1022 1313 Jejuniis
1050 1274 1084 1303 et
1111 1270 1270 1304 oratione
1296 1279 1463 1314 perseve-

74 1340 192 1379 rante,
228 1337 322 1371 venit
355 1335 398 1370 ad
436 1346 511 1370 eum
538 1334 678 1380 quidam
703 1334 824 1376 miles,
858 1336 1086 1378 promittens,
1119 1335 1233 1380 quod,
1266 1336 1296 1369 si
1319 1345 1464 1370 uxorem

73 1412 171 1437 suam
196 1401 412 1446 paraliticam
438 1404 600 1440 sanaret,
636 1400 798 1433 continuo
826 1399 997 1438 crederet.
1046 1400 1129 1435 Cum
1161 1411 1247 1446 ergo
1272 1400 1463 1435 Palmatius

75 1470 216 1508 oraret,
253 1466 314 1500 illa
351 1470 478 1500 sanata
511 1465 555 1499 ad
582 1464 787 1499 Palmatium
813 1466 964 1499 cucurrit
990 1465 1126 1500 dicens:
1166 1465 1309 1510 baptiza
1340 1477 1394 1501 me
1429 1468 1463 1500 in

72 1534 211 1568 nomine
246 1531 394 1573 Christi,
432 1532 491 1576 qui
521 1531 633 1565 tenuit
666 1540 800 1564 manum
834 1540 944 1565 meam
979 1535 1014 1565 et
1044 1531 1214 1565 allevavit
1250 1541 1315 1565 me.
1365 1531 1464 1565 Tunc

73 1598 232 1634 Calixtus
259 1599 400 1632 veniens
425 1598 537 1642 ipsam
566 1607 639 1631 cum
667 1597 741 1630 viro
768 1606 831 1629 suo
860 1595 1039 1640 Simplicio
1067 1599 1102 1630 et
1126 1596 1242 1630 multis
1267 1596 1347 1630 aliis
1373 1596 1461 1642 bap-

72 1665 206 1698 tizavit.
255 1662 354 1703 Quod
381 1662 526 1696 audiens
552 1663 743 1706 imperator
762 1661 872 1706 jussit
895 1671 1012 1696 omnes
1047 1661 1249 1706 baptizatos
1275 1661 1461 1705 decollari,

74 1729 247 1764 Calixtum
269 1739 353 1764 vero
383 1729 534 1773 quinque
559 1726 682 1762 diebus
714 1728 790 1762 sine
816 1727 895 1761 cibo
923 1731 958 1762 et
982 1732 1067 1772 potu
1090 1737 1232 1763 manere
1258 1728 1351 1764 secit.
1399 1728 1462 1765 Ille

73 1799 188 1830 autem
219 1793 341 1830 videns
375 1804 452 1828 eum
486 1793 636 1838 amplius
662 1792 869 1836 confortari,
897 1793 1008 1838 Jussit
1039 1804 1116 1829 eum
1152 1793 1276 1829 diebus
1310 1796 1461 1841 singulis

72 1859 256 1906 fustigari,
282 1858 408 1894 deiude
433 1869 497 1904 per
520 1858 709 1894 fenestram
733 1859 1002 1904 praecipitatum
1037 1859 1288 1906 alligatumque
1313 1870 1401 1895 saxo
1427 1862 1461 1895 in

70 1928 212 1969 puteum
236 1925 473 1970 praecipitari.
522 1923 684 1959 Asterius
710 1927 824 1959 autem
850 1923 1028 1969 presbiter
1046 1935 1174 1972 corpus
1196 1926 1273 1972 ejus
1294 1926 1336 1962 de
1353 1930 1459 1972 puteo

72 1989 225 2026 elevavit
248 1994 285 2025 et
309 1991 422 2036 ipsum
447 1992 482 2025 in
507 1990 677 2025 cimiterio
704 1988 879 2034 Calipodii
908 1990 1085 2035 sepelivit.

536 2311 662 2374 CAP.
698 2312 813 2374 CLV.
848 2310 1002 2375 (150.)

322 2411 430 2454 De
480 2412 744 2457 sancto
789 2413 996 2457 Leon
1011 2412 1206 2458 ardo.

157 2517 366 2552 Leonardus
393 2517 483 2552 odor
506 2519 628 2563 populi
652 2529 674 2554 a
701 2520 798 2563 teos,
833 2520 927 2565 quod
963 2524 1016 2556 est
1040 2521 1209 2566 populus,
1248 2522 1282 2554 et
1310 2520 1452 2564 nardus,

69 2581 162 2627 quod
188 2587 242 2618 est
266 2583 378 2619 herba
402 2583 588 2626 redolens,
622 2585 705 2629 quia
737 2584 827 2619 odor
856 2585 971 2620 bonae
1003 2585 1117 2621 famae
1150 2586 1316 2631 populum
1346 2586 1391 2620 ad
1415 2597 1454 2622 se

67 2646 244 2684 trahebat.
289 2644 353 2685 v'el
372 2648 578 2685 Leonardus
596 2648 735 2693 dicitur,
762 2649 1005 2698 quasillegens
1026 2650 1149 2694 ardua,
1171 2651 1229 2688 vel
1245 2651 1452 2688 Leonardus

69 2711 197 2748 dicitur
222 2722 244 2749 a
266 2713 378 2751 leone.
427 2713 500 2751 Leo
530 2715 617 2751 enim
645 2718 796 2761 quatuor
822 2714 930 2751 habet
954 2717 988 2751 in
1013 2727 1063 2753 se.
1112 2716 1227 2753 Primo
1252 2717 1359 2754 habet
1378 2717 1451 2753 for-
