1742 3005
294 98 373 137 739
459 102 555 149 Cap.
588 97 756 134 CLXlll.
806 95 866 132 De
899 96 1261 133 commemoratione
1293 97 1516 133 animarum.

290 207 368 237 runt
395 213 469 236 euni
498 211 665 245 corpore,
702 209 791 246 quae
817 201 1013 234 consistunt
1042 209 1084 234 ex
1112 203 1262 245 quatuor
1291 200 1515 245 humoribus,
1548 205 1582 237 et
1609 212 1683 236 cum

289 269 422 309 anima,
451 269 483 300 in
510 276 578 312 qua
604 270 684 300 sunt
710 270 782 300 tres
809 267 914 301 vires.
964 264 1182 301 Observatur
1206 267 1433 311 tricenarius,
1460 271 1519 314 qui
1545 273 1685 303 constat

288 332 467 367 extribus
494 332 670 375 denariis,
705 336 743 367 ut
778 336 949 378 purgetur
979 333 1014 366 in
1050 334 1118 375 iis,
1153 331 1322 378 quidquid
1354 334 1389 367 in
1423 333 1490 368 tide
1514 336 1682 368 trinitatis

288 403 322 433 et
345 400 684 444 inffitransgrcssione
704 397 866 444 decalogi
885 398 1117 444 deliquerunt.
1168 397 1386 433 Ohservatur
1404 400 1681 442 anniversarius,

287 469 324 499 ut
365 465 408 499 dc
447 466 548 499 annis
586 465 795 499 calamitatis
824 467 1032 510 perveniant
1064 464 1110 499 ad
1144 475 1256 499 annos
1293 466 1529 501 aeternitatiS.
1586 464 1683 500 Sicut

287 532 376 566 enim
404 532 684 566 anniversarium
713 535 911 565 sanctorum
939 531 1156 566 celebramus
1189 531 1233 565 ad
1267 532 1422 575 ipsorum
1452 530 1619 565 honorem
1651 536 1685 566 et

287 601 442 631 nostram
474 597 680 639 utilitatem,
717 599 766 632 sic
803 602 836 631 et
868 598 1147 632 anniversarium
1182 596 1422 632 defunctorum
1457 596 1503 631 ad
1528 598 1682 642 ipsorum

288 664 474 697 utilitatem
511 666 545 697 et
578 667 733 697 nostram
768 664 1001 698 devotionem.
1060 663 1111 698 De
1143 663 1296 698 secundo
1329 664 1529 708 quaeritur,
1575 673 1684 708 quare

288 728 427 762 scilicet
451 730 495 761 iis
522 728 651 763 debent
678 729 850 774 suffragia
875 729 1060 773 prodesse.
1108 729 1312 771 Sciendum,
1348 729 1443 773 quod
1468 729 1600 774 triplici
1627 740 1684 763 ra-

288 796 385 829 tione
413 794 544 829 debent
569 795 612 829 iis
638 794 821 839 prodesse.
870 793 985 828 Primo
1014 795 1151 828 ratione
1176 796 1332 837 unitatis,
1359 799 1440 829 sunt
1465 796 1555 830 enim
1581 807 1681 830 uuum

288 872 417 906 eorpus
452 871 526 895 cum
562 862 633 895 illis
668 861 711 895 de
739 861 889 895 ecclesia
914 859 1085 894 militante
1113 863 1147 894 et
1172 859 1250 894 ideo
1277 860 1370 894 hona
1395 871 1456 894 sua
1485 861 1613 896 dehent
1639 864 1681 896 iis

290 937 371 962 esse
405 929 611 961 communia.
661 927 824 962 Secundo
851 928 986 961 ratione
1019 925 1225 972 dignitatis,
1259 928 1433 972 quoniam,
1463 926 1540 960 dum
1567 927 1682 961 adhuc

292 995 461 1036 viverent,
490 998 707 1035 meruerunt,
743 997 781 1027 ut
806 992 892 1027 haec
926 992 994 1026 sibi
1028 991 1252 1037 prodessent.
1301 991 1344 1026 Et
1381 994 1503 1026 iterum
1542 992 1682 1039 dignum

291 1064 356 1101 est,
385 1063 433 1101 ut,
462 1061 521 1105 qui
540 1060 630 1094 alios
650 1061 830 1104 juverunt,
856 1063 890 1093 et
914 1059 982 1103 ipsi
1001 1059 1045 1092 al)
1072 1058 1152 1092 aliis
1174 1059 1352 1102 juventur.
1403 1058 1526 1093 Tertio
1549 1061 1684 1094 ratione

291 1127 528 1167 necessitatis,
553 1126 637 1170 quia
658 1125 794 1159 scilicet
811 1129 890 1159 sunt
909 1126 943 1158 in
961 1129 1065 1167 statu,
1093 1126 1126 1158 in
1146 1135 1213 1169 quo
1234 1135 1272 1159 se
1286 1126 1414 1169 juvare
1434 1136 1502 1159 non
1523 1130 1680 1170 possunt.

290 1191 341 1225 De
374 1193 503 1234 tertie,
548 1195 661 1225 utrum
691 1191 826 1225 scilicet
860 1191 1058 1236 aequaliter
1090 1191 1250 1224 omnihus
1285 1192 1443 1235 prosint,
1490 1191 1681 1231 sciendum,

290 1257 401 1303 quod,
435 1259 464 1291 si
498 1259 578 1302 ipsa
604 1257 777 1302 suffragia
801 1258 835 1290 in
861 1256 1009 1301 speciali
1038 1256 1142 1298 fiunt,
1178 1258 1291 1302 magis
1318 1260 1465 1301 prosunt
1491 1257 1584 1299 illis,
1618 1268 1682 1302 pro

289 1324 418 1369 quihus
447 1323 652 1369 specialiter
685 1323 788 1365 fiunt,
829 1333 930 1369 quam
961 1323 1052 1357 aliis.
1103 1323 1141 1357 Si
1173 1326 1288 1357 autem
1317 1323 1351 1356 in
1384 1324 1554 1356 communi
1588 1322 1682 1364 Γιιιιιί,

289 1391 403 1435 magis
431 1393 578 1435 prosunt
596 1391 653 1432 iis,
679 1391 737 1435 qui
758 1390 836 1434 plus
854 1394 1054 1424 meruerunt
1073 1390 1106 1424 in
1127 1389 1193 1423 liae
1209 1390 1292 1432 vita,
1319 1394 1356 1423 ut
1372 1388 1440 1423 sibi
1459 1388 1681 1433 prodessent,

290 1457 320 1489 si
347 1456 380 1489 iu
406 1456 548 1501 aequali
575 1456 628 1491 vel
655 1457 778 1500 majori
805 1456 1015 1490 necessitate
1043 1457 1226 1490 exsistunt.
1275 1455 1325 1490 De
1351 1459 1497 1500 quarte,
1532 1454 1683 1499 qualiter

290 1520 429 1555 scilieet
460 1522 653 1568 suffragia,
687 1531 776 1566 quae
810 1522 854 1555 iis
889 1520 991 1562 siunt,
1027 1522 1120 1556 scire
1155 1526 1323 1566 possunt,
1353 1521 1552 1563 sciendum,
1589 1520 1680 1566 quod

290 1586 479 1621 secundum
514 1588 746 1633 Augustinum
780 1589 871 1622 scire
905 1591 1053 1632 possunt
1084 1587 1196 1622 tribus
1229 1588 1352 1622 modis.
1402 1587 1517 1622 Primo
1543 1598 1606 1632 per
1631 1586 1682 1620 di-

290 1653 403 1686 vinam
431 1652 692 1694 revelationem,
719 1655 881 1698 quoniam
908 1655 1045 1689 scilicet
1071 1654 1165 1689 Deus
1191 1654 1257 1688 hoc
1282 1655 1326 1688 iis
1351 1654 1502 1695 revelat,
1528 1652 1682 1687 secundo

290 1729 354 1763 per
388 1719 558 1753 honorum
599 1719 804 1764 angelornm
843 1719 1182 1762 manifestationem,
1224 1720 1343 1766 angeli
1384 1721 1492 1761 enim,
1537 1719 1594 1764 qui
1627 1717 1682 1752 hic

289 1794 429 1829 semper
461 1784 643 1819 nobiscum
670 1789 749 1819 sunt
783 1789 816 1819 et
841 1795 961 1819 omnes
988 1790 1086 1819 actus
1111 1789 1252 1820 nostros
1280 1786 1524 1827 considerant,
1560 1786 1595 1818 in
1628 1786 1681 1818 in-

290 1852 398 1885 stanti
432 1851 534 1896 quasi
568 1850 612 1884 ad
649 1861 709 1884 eos
740 1855 889 1895 possunt
921 1851 1136 1886 descendere
1172 1856 1206 1885 et
1239 1853 1283 1884 iis
1310 1853 1470 1895 protinus
1498 1853 1681 1893 nuntiare,

288 1916 394 1949 tertio
431 1927 494 1960 per
526 1918 716 1951 attimar-uni
752 1916 832 1950 hinc
865 1918 1060 1951 exeuntium
1098 1917 1369 1958 intimationem,
1407 1918 1542 1951 animae
1577 1918 1679 1955 enini,

290 1990 379 2026 quae
407 1981 451 2016 de
476 1981 542 2016 hoc
566 1982 692 2016 mundo
721 1986 924 2023 transeunt,
956 1981 1043 2015 haec
1078 1986 1112 2016 et
1146 1982 1217 2015 alia
1249 1983 1292 2014 iis
1325 1982 1486 2016 nuntiare
1511 1987 1679 2026 possunt;

289 2050 415 2091 quarto
427 2047 651 2082 nihilominus
668 2049 759 2082 scire
770 2050 918 2095 possunt
930 2058 993 2091 per
1005 2048 1256 2091 experientiam
1272 2050 1305 2081 et
1320 2047 1582 2090 revelationem,
1606 2059 1678 2082 cum

289 2113 378 2145 enim
397 2122 418 2145 a
436 2114 559 2156 poenis
581 2123 618 2148 se
641 2112 789 2148 revelari
815 2114 978 2154 sentiunt,
1008 2112 1180 2159 suffragia
1210 2122 1273 2157 pro
1294 2122 1331 2146 se
1354 2112 1429 2147 lieri
1450 2118 1676 2158 cognoscunt.

288 2176 394 2211 Circa
419 2179 557 2212 tertium
579 2177 719 2224 ¹)l1ujus
744 2178 919 2213 secundae
940 2179 1063 2223 partis,
1091 2178 1227 2213 scilieet
1252 2179 1351 2221 illos,
1380 2189 1443 2223 per
1468 2189 1556 2224 quos
1583 2179 1678 2222 fiunt,

289 2243 481 2286 sciendum,
508 2243 601 2289 quod
618 2245 696 2289 ipsa
713 2244 896 2290 sutl'ragia,
923 2245 952 2279 si
968 2244 1140 2289 prodesse
1160 2242 1299 2286 debent,
1326 2249 1466 2289 oportet
1485 2244 1576 2289 quod
1597 2245 1680 2279 liant

288 2309 333 2343 ab
367 2308 444 2352 his,
482 2311 540 2354 qui
573 2313 654 2344 sunt
688 2311 721 2344 in
755 2311 921 2353 caritate,
954 2320 1032 2344 nam
1065 2311 1095 2344 si
1132 2321 1195 2355 per
1227 2310 1338 2345 malos
1371 2309 1472 2353 fiunt,
1507 2310 1679 2355 prodesse

288 2385 358 2409 non
383 2379 543 2420 possunt.
589 2374 686 2411 Unde
713 2375 863 2422 legitur,
892 2376 1002 2421 quod,
1029 2375 1107 2410 dum
1134 2376 1273 2422 quidam
1301 2377 1400 2412 miles
1427 2378 1462 2411 in
1486 2377 1578 2411 lecto
1603 2387 1677 2411 cum

288 2451 398 2476 uxore
433 2445 529 2475 esset
560 2445 594 2476 et
624 2441 706 2476 luna
739 2441 841 2476 valde
875 2442 994 2477 lucens
1030 2452 1093 2487 per
1126 2444 1230 2478 rimas
1263 2444 1431 2487 intraret,
1471 2442 1675 2484 mirabatur,

290 2506 463 2550 quomodo
500 2505 603 2541 homo
636 2507 822 2542 rationalis
859 2510 1010 2542 creatori
1048 2519 1111 2543 suo
1144 2519 1212 2543 non
1253 2513 1413 2554 pareret,
1451 2519 1524 2544 cum
1565 2506 1675 2541 eidem

291 2576 477 2607 creaturae
510 2573 733 2608 irrationales
770 2577 956 2618 parerent,
1002 2578 1038 2609 et
1076 2574 1155 2609 dum
1195 2575 1331 2610 cuidam
1362 2574 1463 2609 militi
1496 2572 1674 2616 defuneto,

291 2637 347 2678 qui
381 2637 450 2671 sibi
488 2637 604 2673 suerat
635 2639 842 2681 familiaris,
885 2639 1105 2682 detraheret,
1149 2641 1265 2675 subito
1307 2641 1383 2677 ille,
1424 2639 1481 2684 qui
1522 2642 1675 2673 mortuus

361 2716 386 2743 Ι)
407 2715 458 2741 Ed·
479 2720 520 2745 l'r.
541 2718 651 2745 omittit
670 2719 762 2747 verba
776 2732 780 2745 ;
801 2719 816 2744 h
829 2730 844 2745 ιι
856 2720 913 2751 jus
936 2728 947 2747 s
959 2729 973 2745 e
985 2728 1023 2745 eu
1034 2729 1051 2746 n
1064 2719 1105 2746 dn
1117 2730 1132 2745 ‹-
1150 2718 1287 2754 partis.
