1742 3005
291 77 372 119 750
482 79 579 128 Cap.
613 75 782 113 CLXVI.
848 75 907 112 De
938 83 1068 113 sancto
1100 76 1264 115 Martino
1295 77 1493 130 episcopo,

290 186 447 218 sanetum
473 179 662 215 Martinum
688 181 846 224 paratum
868 179 997 224 juvare
1024 189 1100 222 vos,
1127 181 1158 214 si
1182 190 1317 215 manum
1342 182 1546 227 apponitis?
1578 181 1680 217 Tunc

289 248 349 282 ille
373 256 448 280 cum
473 246 517 279 iis
542 254 677 279 manum
704 245 891 289 supposuit
921 248 955 280 et
988 255 1063 280 cum
1089 256 1222 281 summa
1246 246 1433 282 velocitate
1458 247 1678 293 sepulchrum

287 312 493 347 levaverunt
521 314 556 346 et
588 311 622 345 in
648 310 725 345 loco
742 338 750 354 ,
786 309 846 345 ubi
871 320 961 345 nunc
985 311 1133 355 colitur,
1171 315 1374 357 posuerunt.
1422 312 1536 348 Senex
1564 318 1679 349 autem

287 378 348 412 ille
381 381 463 423 post
496 377 562 412 hoc
595 386 765 422 nusquam
796 378 1005 422 comparuit.
1051 377 1146 413 Haec
1177 378 1364 412 translatio
1392 379 1427 412 in
1454 389 1572 414 mense
1596 379 1680 415 Julii

287 444 502 480 celebratur.
554 442 718 488 ¹)Resert
753 441 829 477 Odo
872 442 986 478 abbas
1023 443 1290 488 Cluniacensis,
1324 443 1418 489 quod
1449 447 1530 478 tunc
1561 455 1679 481 omnes

287 519 478 554 campanae
505 509 539 543 in
565 508 726 543 omnibus
753 508 916 544 ecclesiis
944 509 1038 543 nullo
1065 513 1236 556 tangente
1253 509 1485 554 pulsabantur
1507 513 1541 545 et
1561 521 1680 546 omnes

286 574 469 620 lampades
488 574 654 609 divinitus
673 574 968 610 accendebantur.
994 574 1119 610 Fertur
1135 586 1286 621 quoque,
1303 576 1396 620 quod
1415 576 1578 611 tuncduo
1590 578 1681 612 socii

287 645 399 683 erant,
422 651 565 686 quorum
578 650 665 674 unus
685 644 760 675 erat
776 650 901 676 caecus
913 641 1044 676 etalter
1061 645 1275 678 contractus.
1305 641 1440 677 Caecus
1459 647 1572 677 autem
1595 653 1660 678 con
1677 663 1680 666 ⁴

285 711 433 741 tractum
451 706 589 742 serebat
599 709 633 739 et
645 708 845 740 contractus
861 716 967 741 caeco
988 709 1117 751 ²)viam
1135 707 1408 751 demonstrabat,
1430 709 1680 754 sicquetaliter

285 772 524 808 mendicantes
550 771 690 805 multam
715 772 897 816 pecuniam
930 773 1173 817 acquirebant.
1221 774 1415 809 Audientes
1447 784 1551 817 vero,
1585 773 1679 820 quod

285 839 330 875 ad
364 848 493 884 corpus
526 838 641 872 sancti
671 836 817 872 Martini
849 838 949 872 multi
982 838 1200 874 sanabantur
1229 840 1371 882 inlirmi,
1403 849 1478 873 cum
1502 841 1538 873 in
1562 844 1678 874 trans-

285 906 418 940 latione
452 906 529 950 ejus
557 913 684 948 corpus
710 904 805 938 circa
841 904 1027 939 ecclesiam
1053 905 1369 950 processionaliter
1395 904 1599 947 duceretur,
1633 906 1679 939 ti-

285 982 380 1007 mere
404 974 618 1016 coeperunt,
643 980 686 1004 ne
712 969 930 1015 praedictum
955 980 1084 1015 corpus
1106 972 1209 1016 juxta
1233 970 1389 1014 domum,
1416 970 1478 1005 ubi
1502 970 1679 1014 manebat,

286 1038 474 1072 duceretur
498 1040 532 1072 et
556 1038 606 1071 sic
632 1038 700 1082 ipsi
727 1037 876 1071 forsitan
900 1041 1120 1075 curarentur.
1168 1036 1343 1072 Nolebant
1377 1039 1466 1072 enim
1492 1038 1678 1071 sanitatem

286 1104 477 1148 consequi,
516 1113 559 1138 ne
584 1102 763 1147 deperiret
790 1103 937 1137 materia
963 1107 1129 1147 quaestus
1167 1105 1233 1138 sui.
1284 1103 1508 1148 Quapropter
1542 1103 1584 1138 de
1616 1103 1679 1138 illa

285 1173 398 1205 strata
432 1169 611 1214 fugientes
647 1178 685 1203 se
711 1167 756 1202 ad
786 1167 891 1202 aliam
919 1168 1199 1212 transferebant,
1234 1180 1297 1213 per
1329 1179 1431 1215 quam
1462 1179 1590 1214 corpus
1617 1179 1677 1204 ne-

285 1244 459 1281 quaquam
486 1234 565 1269 duci
591 1233 773 1279 putabant.
822 1234 908 1269 Dum
935 1244 1021 1280 ergo
1049 1234 1234 1280 sugerent,
1269 1236 1411 1279 corpori
1437 1235 1513 1280 ejus
1543 1234 1585 1269 de
1612 1236 1675 1268 im-

282 1303 429 1347 proviso
455 1301 614 1346 protinus
641 1299 889 1343 obviaverunt,
926 1303 960 1334 et
995 1300 1079 1345 quia
1103 1299 1197 1334 Deus
1231 1301 1338 1335 multa
1362 1305 1520 1345 praestat
1546 1302 1677 1343 invitis,

283 1367 386 1402 ambo
423 1371 546 1401 contra
579 1377 697 1401 eorum
723 1366 936 1402 voluntatem
961 1367 1124 1400 continuo
1152 1370 1232 1400 sunt
1259 1367 1389 1409 curati,
1422 1367 1504 1402 licet
1535 1366 1577 1402 de
1610 1366 1677 1401 hoc

282 1434 469 1480 plurimum
495 1434 735 1478 tristarentur,
782 1432 989 1467 Ambrosius
1014 1436 1128 1467 antem
1156 1432 1198 1468 dc
1223 1437 1344 1477 sancto
1363 1433 1517 1469 Martino
1537 1434 1586 1467 sic
1612 1434 1678 1467 ait:

281 1501 409 1534 beatus
433 1499 608 1534 Martinus
642 1498 785 1543 profani
819 1499 951 1533 erroris
987 1499 1117 1543 templa
1143 1498 1338 1542 destruxit,
1373 1499 1505 1534 vexilla
1535 1500 1677 1544 pietatis

283 1568 416 1608 erexit,
444 1569 599 1599 mortuos
627 1565 829 1606 suscitavit,
862 1564 906 1598 ab
936 1564 1095 1599 obsessis
1123 1565 1332 1610 corporibus
1359 1565 1545 1599 daemonia
1568 1574 1677 1600 saeva

282 1632 432 1667 exclusit
455 1641 496 1665 ac
523 1632 629 1665 variis
654 1630 857 1665 laborantes
883 1630 1115 1676 languoribus
1141 1631 1266 1665 salutis
1291 1631 1445 1666 remedio
1466 1630 1677 1665 sublevavit.

282 1698 350 1739 Qui
376 1700 425 1732 ita
451 1697 631 1743 perfectus
659 1698 819 1731 inventus
847 1700 921 1739 est,
954 1701 991 1730 ut
1017 1696 1191 1732 Clu-istum
1224 1698 1375 1732 texisset
1401 1699 1435 1731 in
1460 1707 1616 1742 paupere
1642 1699 1677 1731 et

283 1768 401 1806 veste,
430 1774 530 1809 quam
560 1773 692 1810 egenus
718 1765 926 1806 acceperat,
955 1763 1072 1798 mundi
1099 1763 1272 1797 dominum
1301 1763 1486 1799 induisset.
1536 1762 1563 1797 Ο
1591 1762 1675 1797 felix

282 1830 452 1875 largitas,
490 1832 602 1874 ³)qua
634 1829 799 1863 divinitas
834 1829 1011 1873 operitur!
1061 1828 1088 1863 Ο
1126 1828 1317 1873 chlamydis
1343 1828 1504 1873 gloriosa
1531 1827 1672 1870 divisio,

281 1906 371 1940 quae
403 1895 545 1929 militem
577 1896 731 1928 contexit
765 1899 800 1929 et
838 1893 977 1939 regem!
1027 1893 1054 1927 Ο
1089 1893 1347 1927 inaestimabile
1381 1892 1529 1935 donum,
1578 1894 1671 1939 quod

280 1962 414 1995 vestire
440 1962 565 1994 meruit
593 1961 829 1995 divinitatem!
877 1959 992 2004 Digne
1017 1958 1115 2001 huic,
1143 1958 1300 2000 domine,
1328 1958 1563 1993 consessionis
1593 1963 1673 1994 tuae

279 2028 438 2072 praemia
471 2026 672 2068 contulisti,
714 2025 821 2070 digne
856 2026 887 2059 ei
927 2024 1136 2058 Arianorum
1170 2023 1348 2068 subjacuit
1385 2024 1526 2068 feritas,
1569 2025 1673 2071 digne

279 2104 398 2128 amore
431 2092 579 2126 martirii
614 2092 1057 2136 persecutoristormenta
1098 2100 1168 2123 non
1199 2090 1323 2123 timuit.
1379 2089 1468 2129 Quid
1511 2091 1578 2125 erit
1608 2101 1671 2135 pro

279 2159 458 2194 oblatione
492 2158 621 2203 integri
656 2158 817 2202 corporis
857 2159 1087 2201 recepturus,
1127 2157 1185 2201 qui
1221 2165 1284 2200 pro
1324 2157 1519 2201 quantitate
1563 2158 1671 2191 vestis

280 2226 432 2270 exiguae
469 2224 577 2259 Deum
609 2224 738 2258 vestire
773 2224 896 2257 meruit
929 2225 963 2257 et
996 2221 1143 2257 videre?
1190 2220 1250 2255 Sic
1275 2221 1501 2266 sperantibus
1526 2222 1671 2257 contulit

279 2290 497 2331 medicinam,
525 2292 562 2324 ut
586 2290 677 2323 alios
703 2288 1036 2334 supplicationibus,
1062 2287 1152 2321 alios
1179 2289 1254 2323 visu
1279 2287 1447 2322 salvaret.

349 2390 374 2422 1)
396 2389 511 2415 Verba:
533 2392 554 2415 Ρ.
568 2387 666 2414 osort
687 2402 717 2409 -
737 2386 1070 2415 accendebantur
1089 2385 1201 2413 omittit
1220 2385 1273 2415 Ed.
1294 2389 1337 2413 l’r.
1413 2386 1442 2419 Q)
1463 2385 1515 2413 Ed.
1536 2389 1577 2416 Pr.
1598 2384 1666 2418 legit

279 2444 385 2462 mann
406 2434 473 2463 loco
492 2434 577 2463 vocis
596 2433 632 2462 vi
645 2443 710 2464 aiii.
814 2433 844 2466 3)
863 2431 918 2463 Ed.
936 2435 978 2460 l’r.
999 2440 1117 2465 qnam
1143 2430 1172 2461 d.
1191 2434 1330 2466 operat
1345 2440 1382 2458 ιιι·
1401 2430 1483 2463 legit.
