1742 3005
240 92 321 133 748
427 92 522 140 Cap.
557 88 726 126 CLXVl.
785 88 845 125 De
875 92 1005 124 sancto
1035 87 1199 125 Martino
1232 90 1426 141 episcopo,

239 209 306 243 ego
342 205 429 231 sum.
477 192 576 226 Tune
610 192 670 226 ille
700 201 722 225 a
753 192 880 235 spiritu
910 194 1033 225 sancto
1067 190 1190 225 doctus
1215 192 1286 225 ait:
1325 191 1484 228 dominus
1519 192 1622 229 ,tosus

241 262 400 297 Christus
426 268 493 292 non
519 267 558 292 se
583 261 829 302 purpuratum,
856 258 984 302 inquit,
1017 260 1052 292 et
1076 255 1283 301 dyademate
1309 260 1513 293 renitentem
1540 269 1623 294 ven—

239 333 351 362 turum
379 334 458 360 esse
492 323 690 368 praedixit,
727 333 794 368 ego
831 323 1006 358 Christum
1041 324 1110 357 nisi
1141 323 1177 356 in
1209 332 1250 357 eo
1284 321 1407 357 habitu
1438 328 1472 358 et
1501 325 1623 367 forma,

241 402 310 438 qua
335 401 461 437 passus
484 394 558 433 est,
584 391 651 424 nisi
677 390 789 424 erucis
816 391 984 435 stigmata
1008 389 1263 434 praeferentem
1290 389 1429 423 venisse
1455 400 1523 422 non
1548 400 1624 425 cre-

242 459 331 493 dam.
380 457 434 492 Ad
467 457 555 491 hanc
589 466 708 491 vocem
744 455 804 490 ille
830 455 1004 500 disparuit
1029 459 1063 490 et
1087 459 1193 489 totam
1220 454 1344 490 cellam
1372 454 1508 490 foetore
1536 465 1626 489 com-

242 524 363 569 plevit.
408 522 582 557 Martinus
615 526 728 556 autem
762 520 893 555 obitum
926 531 1023 554 suum
1051 521 1157 567 longe
1183 526 1263 556 ante
1290 513 1498 566 praescivit,
1531 532 1631 566 quem

244 592 349 626 etiam
382 589 550 623 fratribus
586 586 769 622 revelavit.
826 586 963 621 Interea
997 587 1255 622 Candacenseni
1292 587 1481 632 dyoecesin
1521 597 1630 622 eausa

244 655 424 691 sedandae
451 653 651 687 discordiae
677 653 850 695 visitavit,
876 663 1028 698 pergens
1054 663 1137 689 vero
1163 653 1250 688 vidit
1274 663 1414 699 mergos
1440 654 1474 687 in
1493 653 1632 688 flumine

246 720 404 766 piscibus
430 718 638 753 insidiantes
666 721 700 752 et
723 728 880 763 quosque
907 719 1106 762 capientes:
1133 718 1256 761 forma,
1284 720 1407 764 inquit,
1433 718 1520 753 hacc
1547 718 1632 753 dac-

246 797 382 821 monum
410 788 476 826 est,
513 783 724 817 insidiantur
750 783 918 826 incautis,
948 784 1091 827 capiunt
1122 785 1342 827 nescientes,
1375 789 1498 829 captos
1526 784 1633 819 devo-

248 856 338 893 rant,
365 851 518 886 saturari
546 852 722 894 nequeunt
748 848 971 883 devorantes.
1020 848 1171 894 imperat
1195 850 1316 896 igitur,
1342 854 1380 884 ut
1404 850 1525 884 relicto
1551 861 1635 896 gur-

249 920 323 963 gite
367 916 527 951 desertas
569 919 730 960 peterent
771 916 957 960 regioneS,
1000 917 1188 961 statimque
1231 926 1343 961 grege
1377 915 1469 957 sacto
1503 919 1636 950 montes

250 985 430 1029 silvasque
456 983 642 1027 petierunt.
690 979 727 1015 In
753 980 815 1014 illa
841 982 950 1026 igitur
975 980 1139 1026 dyoecesi
1166 980 1382 1027 aliquamdiu
1408 984 1638 1016 commoratus

251 1049 384 1084 viribus
411 1049 570 1092 corporis
597 1048 714 1091 coepit
738 1046 881 1081 destitui
906 1051 940 1082 et
965 1047 1148 1092 discipulis
1177 1048 1309 1082 indicat
1333 1058 1371 1083 se
1391 1049 1465 1093 Jam
1496 1047 1638 1083 resolvi.

252 1115 350 1149 Tune
376 1124 494 1148 omnes
520 1113 663 1147 ssentes:
697 1123 758 1146 cur
783 1123 867 1155 noS,
898 1114 1077 1158 inquiunt,
1105 1118 1217 1159 pater,
1245 1114 1379 1149 deseris
1411 1118 1472 1148 aut
1494 1116 1550 1148 cui
1574 1124 1639 1149 nos

253 1181 434 1216 desolatos
453 1179 648 1224 relinquis?
675 1178 840 1213 invadent
862 1180 1112 1225 eninrgregem
1131 1184 1224 1214 tuum
1242 1181 1314 1226 lupi
1334 1191 1494 1225 rapaces,
1521 1179 1563 1214 Et
1583 1180 1641 1215 illc

254 1258 371 1283 eorum
393 1250 504 1280 motus
523 1245 685 1290 precibus
704 1243 913 1289 fletibusque
935 1244 1021 1279 flens
1040 1256 1177 1291 quoque
1203 1248 1253 1280 sic
1278 1248 1407 1281 oravit:
1435 1247 1584 1289 domine,
1612 1248 1643 1281 si

254 1314 367 1348 adhue
385 1311 514 1357 populo
537 1315 596 1345 tuo
615 1321 688 1344 sum
708 1312 944 1353 necessariuS,
970 1322 1039 1345 non
1058 1322 1182 1346 recuso
1204 1311 1373 1355 laborem,
1400 1313 1460 1347 liat
1481 1313 1642 1347 voluntas

253 1385 325 1414 tua.
373 1378 555 1414 Dubitavit
591 1378 680 1411 enim
714 1386 846 1421 paene,
881 1377 972 1423 quod
1005 1377 1144 1421 mallet,
1179 1379 1262 1423 quia
1294 1389 1356 1413 nec
1389 1378 1453 1413 lios
1479 1378 1644 1414 deserere

255 1457 318 1481 nec
350 1456 371 1480 a
404 1444 545 1480 Christo
579 1443 726 1478 volebat
762 1443 891 1478 diutius
923 1446 1095 1489 separari.
1148 1443 1271 1490 Itaque
1313 1455 1387 1479 cum
1430 1445 1645 1491 aliquamdiu

257 1512 419 1547 molestia
445 1510 592 1545 febrium
620 1513 798 1544 teneretur
834 1514 869 1545 et
895 1520 916 1544 a
942 1509 1125 1554 discipulis
1151 1515 1360 1557 rogaretur,
1395 1515 1433 1546 ut
1457 1512 1491 1545 in
1516 1510 1644 1545 lectulo

258 1588 345 1620 suc,
388 1576 449 1610 ubi
490 1577 524 1609 in
561 1576 676 1610 cilicio
719 1579 753 1610 et
794 1577 911 1611 cinere
954 1576 1201 1620 decumbebat,
1246 1581 1469 1613 stramentum
1503 1577 1646 1623 aliquod

257 1647 463 1688 poneretur:
507 1652 575 1676 non
608 1641 728 1684 decet,
767 1642 898 1686 inquit,
931 1641 1013 1686 tilii,
1050 1642 1276 1678 christianum
1302 1645 1370 1678 nisi
1396 1646 1430 1678 in
1463 1644 1580 1678 cilicio
1615 1648 1649 1679 et

258 1710 376 1743 cinere
401 1709 510 1750 mori3
544 1718 612 1753 ego
646 1708 676 1741 si
702 1707 802 1741 vobis
831 1707 926 1741 aliud
959 1709 1152 1753 exemplum
1180 1710 1357 1755 relinquo,
1389 1712 1466 1755 ipse
1491 1711 1647 1755 peccavi.

262 1774 381 1809 Oculis
409 1784 451 1808 ac
477 1773 635 1807 manibus
662 1774 697 1807 in
721 1773 854 1807 coelum
880 1783 1019 1818 semper
1049 1775 1201 1809 intentus
1230 1776 1392 1809 invictum
1421 1775 1465 1810 ab
1493 1777 1653 1810 oratione

263 1841 423 1884 spiritum
449 1850 517 1873 non
542 1839 747 1880 relaxabat,
781 1842 815 1873 et
843 1850 917 1873 cum
949 1840 1094 1884 supinus
1127 1850 1265 1884 semper
1283 1842 1421 1884 Jaceret
1447 1844 1481 1875 et
1504 1850 1525 1874 a
1550 1851 1651 1885 pres-

262 1906 386 1939 biteris
412 1908 610 1949 rogaretur,
636 1907 673 1937 ut
701 1905 942 1948 corpusculum
968 1906 1158 1939 imitatione
1181 1905 1303 1940 lateris
1331 1906 1524 1940 relevaret:
1551 1906 1656 1940 sinite

263 1981 336 2013 me,
372 1971 504 2015 inquit,
542 1970 691 2012 fratres,
726 1971 830 2004 sinite
853 1970 988 2004 coelum
1019 1971 1137 2014 potius
1164 1972 1360 2014 respicere,
1388 1981 1488 2016 quam
1514 1975 1655 2013 terram,

264 2040 303 2070 ut
336 2037 479 2080 spiritus
515 2035 558 2069 ad
592 2035 764 2069 ‹loniiinum
801 2035 985 2087 dirigatur.
1033 2033 1076 2068 Et
1101 2035 1190 2070 haec
1215 2035 1335 2070 dicens
1362 2036 1448 2070 vidit
1471 2036 1655 2081 dyabolum

265 2103 454 2135 assistere:
481 2099 563 2145 quid
589 2099 668 2142 hic,
698 2102 826 2145 inquit,
853 2100 987 2143 adstas,
1012 2106 1155 2135 cruenta
1180 2101 1325 2137 besua?
1349 2101 1435 2136 nihil
1460 2103 1495 2136 in
1523 2112 1575 2137 me
1605 2101 1658 2136 su-

265 2171 401 2202 nestum
427 2167 604 2211 reperies,
638 2165 807 2200 Abrahae
839 2177 892 2201 me
927 2168 1023 2201 sinus
1055 2168 1212 2212 recipiet.
1262 2166 1304 2202 Et
1330 2169 1364 2202 in
1388 2167 1454 2202 bac
1481 2178 1565 2202 voce
1592 2168 1656 2202 sub

267 2232 421 2267 Arcadio
457 2235 491 2266 et
515 2231 689 2274 Honorio,
727 2233 784 2277 qui
810 2236 1000 2277 coeperunt
1032 2234 1125 2267 circa
1154 2243 1277 2268 annum
1309 2233 1437 2268 domini
1467 2233 1658 2278 CCCXCV,

268 2300 361 2333 vitae
396 2299 472 2343 ejus
508 2297 656 2331 LXXXI
689 2299 849 2342 spiritum
881 2298 955 2333 Deo
987 2298 1143 2333 reddidit
1166 2299 1351 2345 vultusque
1377 2300 1454 2345 ejus
1484 2304 1658 2346 tamquam

263 2365 336 2409 jam
362 2362 581 2409 glorificatus
610 2364 828 2408 resplenduit
856 2374 897 2399 ac
922 2364 1049 2398 chorus
1076 2365 1281 2411 angelorum
1317 2365 1444 2401 ibidem
1471 2367 1657 2401 concinens

269 2441 291 2464 a
324 2429 439 2464 multis
471 2429 610 2464 auditus
644 2430 720 2465 suit.
768 2430 824 2465 Ad
863 2431 938 2475 ejus
975 2432 1158 2465 transitum
1192 2430 1326 2465 Pictavi
1365 2433 1455 2466 sicut
1491 2431 1658 2466 Tui-onici

271 2499 506 2530 convenerunt
524 2495 641 2540 ibique
660 2506 788 2541 magna
808 2497 994 2531 altercatio
1018 2500 1096 2531 orta
1113 2501 1177 2532 est.
1208 2497 1381 2532 Dicebant
1400 2499 1488 2532 enim
1505 2496 1658 2531 Pictavi:

271 2565 391 2595 noster
416 2564 470 2595 est
498 2561 705 2604 monachus,
743 2572 807 2596 nos
834 2564 1041 2608 requirimus
1069 2563 1354 2598 commendatum.
1414 2561 1545 2601 Quibus
1582 2562 1660 2596 ille:

273 2625 371 2658 vobis
397 2626 535 2660 ablatus
564 2631 616 2662 est
644 2627 745 2662 nobis
773 2638 794 2662 a
815 2628 887 2663 Deo
917 2628 1079 2662 donatus.
1127 2628 1238 2664 Nocte
1257 2630 1364 2674 igitur
1386 2626 1500 2661 media
1525 2626 1660 2663 Pictavi

274 2700 391 2725 onmes
424 2693 562 2734 pertitus
596 2695 780 2738 sopiuntur
813 2699 847 2729 et
884 2696 935 2729 sic
961 2705 981 2728 a
1007 2694 1194 2729 Turonicis
1222 2705 1284 2738 per
1315 2692 1501 2728 fenestram
1527 2694 1660 2738 ejectus
