1742 3005
249 128 330 169 538
557 132 653 179 (lap.
686 128 821 164 cxxi.
879 130 938 165 De
970 140 1098 166 sancto
1130 130 1348 166 'l'iniotheo.

250 236 418 271 modicum
462 238 597 279 tempus
639 233 922 279 denegaverant,
963 237 1071 266 totum
1114 238 1249 279 tempus
1296 236 1388 270 vitae
1430 246 1515 269 suae
1561 234 1632 268 Deo

250 301 431 336 dederimt.
481 299 637 334 Tandem
664 299 788 334 beatus
814 298 1014 334 Bernardus
1039 301 1140 333 morti
1175 299 1324 334 feliciter
1347 301 1634 345 appropinquans

249 369 299 401 ait
323 366 492 400 fratribus
520 367 614 400 suis:
645 366 713 399 tria
745 365 846 399 vohis
880 364 1102 400 observanda
1129 365 1309 410 relinquo,
1346 375 1434 410 quae
1460 367 1494 399 in
1519 364 1634 399 stadio

251 433 446 477 praesentis
473 434 588 475 vitae,
627 442 694 477 quo
719 433 879 474 cucurri,
913 432 1049 466 memini
1085 442 1136 466 me
1163 441 1224 476 pro
1251 430 1384 466 viribus
1411 431 1632 467 observasse.

249 498 386 533 Nemini
421 498 622 533 scandalum
650 498 767 532 facere
794 497 888 532 volui
923 501 975 539 et,
1011 499 1041 532 si
1077 496 1267 543 aliquando
1294 497 1432 540 incidit,
1464 498 1575 533 celavi
1600 503 1636 533 ut

249 566 358 610 potui.
408 564 523 599 Minus
560 575 698 609 semper
731 565 850 598 sensui
884 574 979 606 meo,
1015 573 1116 609 quam
1151 564 1295 598 alterius
1322 563 1476 607 credidi,
1517 565 1634 599 laesus

250 631 293 666 de
318 631 479 666 laedente
504 640 678 676 nunquam
706 630 890 665 vindiciam
925 630 1076 674 expetii,
1113 640 1194 665 ecee
1225 632 1426 673 caritatem,
1457 630 1635 665 humilita-

251 702 317 732 tem
344 701 377 731 et
403 698 604 741 patientiam
633 696 732 730 vobis
760 696 930 740 relinquo.
980 695 1136 740 Denique
1174 700 1358 742 postquam
1394 697 1500 731 multa
1529 698 1636 731 mira-

250 762 328 797 cula
352 764 596 806 perpetrasset
623 765 656 795 ct
675 760 766 795 CLX
790 762 1004 795 monasteria
1029 763 1284 796 construxisset
1308 762 1505 808 multosque
1525 763 1635 797 libros

250 832 283 864 et
314 831 484 862 tractatus
522 826 765 871 compilasset,
809 827 1056 860 consummatis
1092 827 1183 861 vitae
1220 837 1304 862 suae
1339 827 1463 862 diebus
1497 830 1637 863 circiter

249 893 359 928 LXIII
385 894 485 927 annis
513 902 602 926 anno
628 892 758 926 domini
789 890 978 936 ¹)MCL111
1002 893 1092 926 inter
1117 891 1264 926 liliorum
1286 902 1404 927 manus
1423 893 1636 928 obdormivit

249 962 284 994 in
319 960 469 994 domiuo.
518 958 604 993 Post
635 958 764 992 obitum
799 968 897 991 suum
933 958 1049 992 multis
1082 958 1231 1004 gloriam
1264 968 1360 993 suam
1387 959 1634 994 manifestavit.

250 1026 394 1061 Guidam
420 1026 509 1060 enim
537 1024 658 1059 abbati
684 1026 718 1059 iu
745 1024 895 1070 quodam
923 1026 1135 1059 monasterio
1163 1026 1329 1071 apparuit
1356 1029 1411 1068 et,
1445 1030 1481 1059 ut
1507 1035 1634 1071 seque-

248 1097 355 1136 retur,
382 1091 570 1126 admonuit.
621 1091 687 1131 Qui
712 1091 823 1125 abbas
851 1101 924 1125 cum
950 1096 1169 1138 sequeretur,
1196 1091 1283 1127 dixit
1311 1095 1342 1127 ei
1368 1094 1422 1128 vir
1446 1092 1528 1127 Dei:
1554 1103 1636 1130 ecce

249 1161 293 1196 ad
318 1163 467 1194 montem
492 1157 619 1192 Libani
645 1157 799 1191 venimus
825 1161 858 1191 et
882 1161 918 1191 tu
945 1158 1001 1192 hic
1026 1158 1203 1201 manebis,
1232 1170 1299 1204 ego
1325 1163 1439 1193 autem
1464 1159 1546 1193 illuc
1573 1159 1635 1194 ad-

249 1226 428 1262 scendam.
478 1222 768 1268 ²)lnterr0gatus
788 1222 831 1256 ab
855 1233 908 1265 eo,
935 1223 979 1257 ad
1000 1223 1082 1268 quid
1101 1224 1203 1259 vellet
1221 1224 1455 1259 adscendere:
1482 1224 1633 1268 discere,

248 1294 379 1338 inquit,
409 1290 501 1325 volo.
547 1289 698 1324 Miratus
726 1288 804 1324 ille:
834 1288 937 1334 quid,
964 1290 1076 1334 inquit
1125 1291 1176 1324 vis
1204 1289 1362 1332 discere,
1390 1293 1503 1335 pater,
1532 1291 1635 1335 3)cui

247 1357 376 1392 nullum
412 1356 520 1391 hodic
554 1358 589 1389 in
625 1356 771 1389 scientia
795 1354 969 1389 credimus
996 1365 1075 1389 esse
1100 1354 1314 1390 secundum?
1361 1354 1404 1389 Et
1429 1355 1507 1390 ille:
1540 1356 1635 1390 nulla

247 1425 304 1458 hic
329 1424 495 1465 scientia,
533 1422 629 1456 nulla
655 1422 729 1455 veri
757 1421 931 1467 cognitio,
967 1430 1102 1454 sursum
1130 1422 1299 1456 scientiae
1325 1420 1525 1466 plenitudo,
1556 1431 1633 1455 sur-

247 1501 321 1524 sum
346 1499 430 1524 vera
454 1489 579 1522 notitia
608 1488 779 1522 veritatis
821 1486 865 1521 Et
893 1488 929 1521 in
963 1487 1030 1522 hoc
1064 1486 1170 1523 verbo
1198 1487 1382 1531 disparuit.
1429 1486 1491 1522 Ille
1519 1491 1633 1522 autem

247 1554 337 1589 diem
371 1555 507 1587 notavit
543 1557 577 1588 et
606 1557 686 1587 tunc
718 1554 826 1587 virum
862 1552 927 1588 Dei
960 1553 1176 1588 Bernardum
1213 1553 1256 1588 de
1284 1564 1432 1598 corpore
1461 1554 1633 1599 migrasse

247 1620 392 1655 invenit.
441 1618 554 1653 Multa
588 1622 702 1652 mitem
738 1618 810 1652 alia
848 1622 882 1652 et
919 1628 1030 1663 paene
1068 1619 1335 1654 innumerabilia
1374 1618 1538 1654 miracula
1572 1629 1634 1663 per

247 1695 384 1720 servum
411 1695 508 1719 suum
533 1684 628 1719 Deus
655 1687 822 1728 operatus
849 1688 917 1721 est.

697 2016 823 2078 cAP.
858 2016 1006 2078 exn.
1043 2018 1189 2081 (116.)

492 2118 600 2161 De
649 2110 913 2161 sancto
958 2115 1380 2162 Timotheo.

334 2224 540 2260 Timotheus
568 2227 668 2270 quasi
692 2227 849 2261 timorem
875 2230 1018 2269 tenens,
1058 2227 1110 2261 vel
1137 2237 1157 2260 a
1184 2227 1307 2260 timore
1333 2230 1366 2260 et
1392 2224 1510 2266 theos,
1538 2224 1629 2269 quod

244 2297 296 2326 est
320 2291 434 2333 Deus,
468 2292 567 2335 quasi
596 2292 698 2324 timor
721 2291 797 2326 Ilei.
849 2292 1021 2326 Causatur
1046 2295 1158 2326 autem
1186 2291 1244 2325 ille
1270 2293 1372 2325 timor
1409 2292 1440 2324 in
1475 2288 1629 2335 quolibet

244 2359 317 2391 viro
344 2361 484 2398 sancto,
514 2358 604 2390 sicut
628 2358 677 2390 ait
704 2356 918 2402 Gregorius,
951 2356 1228 2398 considerando,
1265 2356 1323 2390 ubi
1350 2355 1432 2395 suit,
1468 2355 1524 2389 uhi
1552 2355 1628 2392 erit,

243 2422 302 2456 ubi
330 2426 383 2457 cst
409 2426 443 2456 et
468 2420 527 2456 ubi
555 2432 622 2456 nou
649 2426 718 2459 est.
761 2421 824 2456 Ubi
852 2423 934 2463 l'uit,
966 2424 1126 2468 quoniam
1155 2423 1187 2456 in
1214 2426 1379 2466 peccalo,
1408 2421 1465 2455 ubi
1492 2421 1569 2462 erit,
1595 2421 1626 2452 in

237 2488 394 2532 judicio,
421 2488 479 2521 ubi
506 2492 580 2530 est,
608 2488 639 2520 in
666 2487 830 2530 miseria,
858 2487 917 2521 ubi
943 2499 1009 2521 nou
1038 2492 1112 2529 est,
1141 2489 1173 2520 in
1200 2487 1328 2532 gloria.

332 2553 538 2588 Timotheus
564 2552 628 2586 sul)
656 2551 793 2587 Nerone
820 2562 840 2586 a
869 2552 1047 2597 praesecto
1081 2552 1177 2587 urbis
1211 2551 1341 2587 Romae
1367 2551 1442 2584 dum
1469 2550 1627 2595 graviter

243 2621 464 2660 torqueretur
489 2622 522 2652 et
547 2618 644 2652 calce
669 2619 747 2652 viva
772 2618 848 2663 ejus
875 2617 1003 2663 plagae
1031 2617 1330 2663 adspergerenlur
1356 2619 1389 2649 et
1414 2615 1490 2658 ipsc
1517 2615 1548 2647 iu
1571 2614 1624 2647 his

313 2695 337 2726 1)
359 2694 408 2719 Ι-ἰΙ.
431 2698 472 2720 l'r.
491 2695 778 2726 a1‹·x1,iiit·›gir.
866 2696 894 2726 ¹2)
917 2695 1028 2721 vno-lm:
1057 2697 1326 2721 lnlr·i'r‹··:nl¹·⁵
1405 2702 1413 2717 ⁸
1431 2691 1493 2716 ”lv
1515 2691 1623 2718 ‹nniuii

245 2737 292 2764 hl.
315 2740 355 2762 Ιί.
469 2739 485 2767 l]
510 2738 559 2762 ivl.
583 2742 622 2763 l'r.
646 2739 836 2770 quoniam.
