1742 3005
299 75 381 113 824
511 78 604 124 (sap,
639 74 845 110 CLXXXI.
911 75 970 110 De
1001 81 1132 110 sancto
1164 74 1321 123 Pelagio
1355 87 1465 125 papa.

708 301 833 362 GAP.
870 301 1088 361 cmxxxi.
1127 300 1280 364 (176.)

497 404 596 446 Be
636 402 904 445 saneto
935 399 1259 458 Pelagio
1288 411 1494 456 papa.

380 515 418 547 1.
446 510 610 556 Pelagius
630 520 722 554 papa
742 510 869 544 ntultae
888 512 1085 544 sanctitatis
1106 510 1169 544 fuit
1191 520 1232 544 ac
1252 512 1285 544 in
1306 509 1508 555 pontificatu
1527 509 1690 543 laudabi-

309 578 388 610 liter
405 587 443 610 se
465 586 592 620 gerens
616 575 753 609 tandem
783 575 905 619 plenus
933 575 1034 609 bonis
1062 576 1229 620 operibus
1259 578 1291 609 in
1321 586 1406 620 pace
1425 576 1568 619 quievit.
1616 574 1690 608 Non

308 641 372 674 suit
392 645 503 675 autem
525 643 591 674 iste
611 640 777 684 Pelagius
804 639 1060 684 praedecessor
1081 643 1192 675 saneti
1213 641 1389 686 Gregorii,
1419 640 1480 674 sed
1500 640 1589 674 alius
1612 644 1692 674 ante

308 708 431 750 ipsum.
480 705 563 739 Huic
589 706 677 739 euim
703 704 849 749 Pelagio
877 707 1049 739 suecessit
1068 706 1247 740 Johannes
1272 708 1408 747 tertius,
1435 705 1587 740 Johanni
1612 716 1691 738 snc-

309 773 417 806 cessit
443 770 652 805 Benedictus
669 797 677 810 ,
713 768 906 803 Benedicto
933 769 1123 815 Pelagius,
1159 771 1305 816 Pelagio
1331 771 1537 816 Gregorius
1587 770 1692 804 Tem«

308 848 394 882 pore
428 838 536 882 igitur
568 837 667 880 primi
701 834 838 879 Pelagii
870 834 1099 880 Longobardi
1134 837 1167 869 in
1193 835 1328 870 Italiam
1364 840 1530 869 venerunt
1556 840 1590 869 et
1614 837 1695 880 quia

308 903 405 936 multi
430 901 533 947 hujus
558 901 746 945 hystoriam
776 901 941 944 ignorare
970 901 1175 945 probantur,
1206 900 1286 935 ideo
1309 911 1382 935 eam
1404 903 1458 934 hic
1476 901 1694 934 inserendam

309 968 471 1009 decrevi,
510 972 614 1012 prout
644 968 676 1000 in
705 966 860 1011 hystoria
883 966 1224 1011 Longohardm-nm,
1258 976 1358 1011 quam
1389 966 1518 1001 Paulus
1552 965 1696 1010 Longo-

309 1033 497 1068 bardorum
517 1031 834 1077 hystoriographus
853 1031 1068 1075 compilavit,
1098 1038 1131 1066 et
1157 1036 1190 1066 in
1210 1032 1362 1066 diversis
1381 1031 1555 1066 chronicis
1575 1030 1696 1075 expla-

310 1103 393 1132 nata
432 1098 591 1132 habetur.
660 1096 752 1131 Gens
797 1098 885 1130 enim
929 1097 1098 1141 quaedam
1147 1102 1223 1132 erat
1268 1097 1472 1132 Germanica
1516 1096 1697 1141 plurimum

310 1164 504 1209 populosa,
541 1173 630 1208 quae
667 1163 708 1196 de
746 1161 923 1196 littoribus
956 1162 1086 1196 Oceani
1112 1168 1211 1208 parte
1244 1162 1511 1207 septentrionali
1538 1172 1697 1207 egressa,

309 1240 384 1263 cum
411 1229 454 1263 de
475 1230 589 1263 insula
607 1228 837 1263 Scandinaria
858 1239 920 1272 per
938 1228 1107 1262 bellorum
1129 1229 1235 1262 nutlta
1251 1230 1442 1263 certamina
1462 1228 1695 1262 diversarum-

311 1307 379 1341 que
404 1300 573 1330 terrarum
602 1295 767 1328 circuitus
794 1293 930 1328 tandem
956 1296 990 1327 in
1016 1293 1228 1328 Pannoniam
1259 1293 1480 1335 devenisset,
1515 1293 1607 1327 ultra
1631 1304 1699 1327 non

310 1361 444 1395 audens
471 1360 661 1405 procedere
687 1360 803 1394 sedem
831 1360 898 1393 sibi
926 1361 958 1393 in
989 1370 1030 1394 ea
1059 1365 1250 1405 perpetuae
1283 1359 1510 1393 habitationis
1539 1360 1698 1393 institnit.

313 1426 351 1460 lli
379 1428 487 1471 primo
519 1426 710 1467 ¹)Winuli‚
737 1429 862 1469 postea
887 1425 1118 1471 Longohardi
1145 1430 1224 1459 sunt
1246 1425 1428 1469 appellati.
1477 1424 1561 1459 Dum
1587 1428 1700 1459 antem

313 1492 428 1526 adhue
454 1494 486 1525 in
515 1491 701 1527 Germania
729 1491 942 1532 residerent,
980 1491 1187 1537 ²)Agilmud
1213 1502 1273 1525 rex
1303 1490 1617 1537 Longohardorutn
1645 1489 1702 1524 Vll

315 1568 443 1602 pueros
472 1560 503 1591 in
531 1559 665 1601 pist-ina
694 1569 714 1591 a
740 1559 922 1591 meretrice
947 1557 990 1590 ad
1017 1557 1205 1591 necandum
1235 1558 1414 1602 projectos
1442 1558 1584 1597 invenit,
1615 1567 1702 1601 quos

315 1634 382 1656 uno
409 1628 508 1667 partu
536 1623 630 1656 dieta
656 1624 819 1656 meretrix
840 1622 1012 1657 ediderat.
1059 1624 1154 1662 Quos
1174 1623 1250 1657 dum
1273 1634 1333 1656 rex
1350 1632 1433 1656 casn
1455 1626 1614 1666 repertos
1630 1632 1703 1656 cum

316 1688 418 1722 hasta
441 1687 616 1722 admirans
645 1688 862 1729 revolveret,
898 1699 985 1722 unus
1020 1699 1138 1723 eorum
1169 1689 1304 1723 hastam
1333 1690 1428 1733 regis
1454 1697 1556 1721 manu
1581 1688 1702 1722 tenuit.

316 1754 422 1793 Quem
461 1764 519 1787 rex
556 1753 676 1788 videns
712 1758 744 1788 et
781 1757 925 1798 stupens
954 1755 1076 1788 nutriri
1105 1754 1187 1788 l'ecit
1213 1759 1247 1788 et
1272 1754 1525 1788 Lamissioncm
1555 1754 1704 1793 vocavit,

317 1829 476 1863 magnum
503 1830 577 1853 eum
608 1819 757 1853 futurum
785 1830 863 1853 esse
890 1822 1130 1863 pronuntians.
1181 1821 1244 1859 Qui
1278 1824 1398 1853 tantae
1431 1818 1618 1861 probitatis
1645 1828 1705 1851 ex-

315 1885 425 1922 stitit,
471 1883 562 1928 qttod
604 1889 739 1918 mortno
776 1895 859 1929 rege
894 1895 968 1918 eum
1004 1884 1232 1929 Longohardi
1271 1894 1388 1929 regem
1425 1883 1590 1916 lecerunt.
1640 1882 1706 1917 Per

318 1947 407 1982 idem
436 1948 509 1982 sere
528 1953 675 1993 tempus,
704 1949 840 1983 seilicet
860 1959 949 1983 anno
971 1950 1014 1983 ab
1038 1951 1278 1983 incarnatione
1297 1949 1425 1982 domini
1445 1948 1705 1990 CCCCLXXX,

317 2013 394 2046 dum
421 2014 557 2058 quidam
585 2017 772 2058 episcopus
800 2014 973 2054 Arianns,
1007 2020 1044 2048 ut
1068 2016 1118 2048 ait
1143 2014 1345 2059 Eutropius,
1374 2014 1543 2059 quendam
1569 2016 1706 2049 nominc

318 2078 467 2112 Barbam
504 2078 687 2122 baptizare
720 2079 1026 2118 volensdiceret:
1068 2079 1209 2124 baptizo
1246 2085 1299 2122 te,
1334 2079 1469 2120 Barba,
1505 2081 1537 2113 in
1572 2081 1707 2114 nomine

318 2145 427 2188 patris
455 2155 516 2188 per
540 2144 645 2178 lilium
673 2146 705 2178 in
732 2146 857 2189 spiritu
884 2150 1025 2187 sancto,
1066 2146 1170 2179 lilium
1206 2150 1239 2180 et
1271 2147 1428 2190 spiritum
1464 2150 1618 2179 sanctum
1644 2147 1705 2179 mi-

319 2221 436 2243 norem
470 2215 570 2254 patre
610 2221 672 2254 per
699 2210 765 2244 hoc
790 2210 977 2245 ostendere
1010 2211 1152 2252 volens,
1188 2213 1303 2245 subito
1342 2221 1434 2256 aqua
1469 2210 1644 2255 disparuit
1675 2217 1709 2246 et

319 2275 553 2319 baptizandus
580 2275 625 2308 ad
652 2276 835 2309 ecclesiam
863 2276 1033 2322 confugit.
1083 2277 1149 2311 Per
1184 2277 1273 2311 idem
1311 2276 1383 2311 sere
1421 2280 1553 2321 tempus
1581 2276 1706 2311 ssorue-

322 2345 399 2374 runt
433 2342 543 2374 sancti
577 2339 770 2374 Metlardns
805 2345 839 2375 et
872 2340 1060 2376 Gildardns
1098 2343 1225 2377 fratres
1270 2344 1395 2377 uterini
1430 2353 1498 2376 uno
1532 2341 1589 2377 die
1623 2343 1707 2381 nati,

321 2417 386 2440 uno
423 2405 479 2440 die
513 2407 671 2450 episcopi
706 2408 921 2448 consecrati,
959 2418 1027 2441 uno
1063 2408 1118 2443 die
1153 2410 1301 2450 mortui,
1340 2419 1406 2442 uno
1441 2407 1498 2442 die
1523 2418 1545 2442 a
1570 2407 1708 2442 Christo

319 2472 476 2505 assumti.
524 2473 613 2506 Ante
649 2481 730 2505 voro
767 2470 832 2505 hoc
866 2476 1021 2517 tempus,
1057 2478 1094 2508 ut
1129 2475 1162 2508 iu
1197 2474 1344 2518 quadam
1377 2473 1543 2507 chronica
1569 2472 1707 2511 dicitur,

320 2538 414 2569 cirea
446 2546 569 2570 atilium
606 2536 733 2570 ‹loinini
768 2538 931 2581 CCCCL,
977 2538 1053 2572 dum
1090 2541 1179 2573 intra
1215 2538 1348 2573 Gallias
1387 2539 1519 2573 Ariana
1551 2536 1709 2571 haeresis

395 2633 420 2663 l)
440 2633 491 2659 nl.
512 2637 556 2662 l'r.
584 2638 620 2660 ln
635 2635 790 2661 vernuli
812 2635 914 2668 oss'mt,
943 2637 992 2663 alii
1019 2640 1038 2664 1,’
1053 2647 1066 2665 v
1083 2636 1182 2664 inuti
1205 2638 1312 2670 logum.
1451 2636 1479 2667 2)
1499 2634 1573 2661 Affi²
1603 2633 1712 2667 ΑΒΗ·

324 2685 350 2700 ιιι
363 2685 379 2700 ιι
389 2686 405 2701 n
418 2676 435 2701 ιΙ
448 2687 493 2703 us.
