1742 3005
257 73 336 113 79ss
516 76 609 121 Cup.
643 69 830 105 CLxxn.
905 69 961 104 De
1003 75 1132 103 saneta
1163 68 1377 104 Catherina,

256 179 393 222 rog-auti
425 174 624 219 respoudit:
651 183 717 217 ego
745 173 831 206 enim
859 180 930 204 sum
960 168 1148 203 Catherina
1173 170 1269 203 Costi
1296 173 1390 216 regis
1420 172 1507 206 lilia.
1534 180 1635 214 quae,

255 244 412 287 quamvis
448 242 480 273 in
512 249 666 284 purpura
697 241 780 271 nuta
814 240 878 271 etc.
926 235 996 269 Hac
1031 236 1178 268 maxime
1212 244 1276 268 usa
1310 241 1363 270 est
1394 247 1466 270 cum
1502 238 1636 281 regina,

254 317 352 352 quam
366 306 408 339 ad
424 309 628 340 contemtum
644 303 758 337 mundi
773 307 804 337 et
816 303 1078 347 despectumsui
1099 304 1131 334 et
1153 300 1362 334 desiderium
1386 303 1483 346 regni
1505 301 1635 335 aeterni

253 374 430 406 animavit.
480 371 642 406 Prac-tica
661 374 772 404 autem
792 368 958 402 dividitur
975 369 1006 400 in
1031 371 1102 400 tres
1121 371 1251 411 ραι-195,
1272 366 1405 401 scilicet
1424 368 1455 399 in
1478 366 1636 404 ethic-am,

254 439 511 472 oeconomicam
550 441 583 471 et
617 436 792 481 publicam
831 436 906 468 sive
942 433 1130 477 politicam.
1181 432 1296 466 Prima
1321 432 1422 467 docet
1448 441 1560 465 mores
1587 433 1636 464 im

254 505 389 538 tit-mare
424 508 457 538 et
487 514 525 537 se
553 502 737 537 virtutibus
766 511 937 536 exornare
971 503 1004 534 et
1030 500 1181 543 pertinet
1205 498 1249 532 ad
1275 498 1452 540 homines,
1488 496 1639 531 secunda

256 570 357 604 docet
397 570 560 603 l'amiliam
608 569 696 603 bene
744 577 953 611 componere
996 571 1029 599 et
1074 567 1223 609 pertinet
1266 565 1309 598 ad
1352 562 1639 609 patresfamilias.

253 637 360 668 tertia
385 635 487 669 docet
513 635 617 668 urbes
644 638 678 669 et
704 634 853 678 populos
883 637 916 667 et
945 630 1191 676 rempublicam
1227 631 1315 665 bene
1347 640 1472 675 regere
1499 633 1531 663 et
1558 638 1637 673 per—

254 702 341 734 tinet
375 700 419 733 ad
456 706 610 734 rectores
646 700 791 733 urbium.
843 698 935 731 Hane
972 699 1074 731 etiam
1107 696 1276 740 triplicem
1312 698 1493 731 scientiam
1520 694 1641 728 habuit

255 766 360 800 beata
387 766 587 800 Catherina.
636 764 783 799 Primam
814 765 901 797 enim
934 762 1077 802 habuit,
1112 771 1184 794 cum
1219 772 1256 795 se
1292 763 1382 795 omni
1414 772 1542 795 nun-um
1577 760 1638 793 ho-

255 836 391 866 nestate
420 833 634 876 composuit3
661 829 861 871 secundam,
891 839 965 863 eum
992 827 1157 861 familiam
1186 836 1295 868 suam,
1324 836 1414 872 quae
1433 827 1499 860 sibi
1517 836 1641 871 magua

256 898 378 932 relicta
406 897 488 939 suit,
515 897 740 931 laudabiliter
765 898 877 938 rexit3
904 895 1061 935 tertiam,
1097 903 1170 926 cum
1198 894 1440 937 imperatorem
1466 894 1642 936 sapienter

256 965 431 997 instruxit.
481 963 618 1008 Logica
651 961 817 995 dividitur
849 963 881 995 in
912 966 984 995 tres
1021 963 1161 1004 partes,
1198 959 1333 993 scilicet
1368 960 1400 992 in
1426 958 1637 992 demonstra>

256 1031 380 1070 livam,
418 1028 636 1073 probabilem
663 1032 697 1062 et
722 1028 961 1072 sophisticam.
1010 1025 1125 1060 Prima
1152 1027 1302 1070 pertinet
1329 1024 1371 1058 ad
1399 1022 1641 1069 philosophos,

259 1095 412 1129 secunda
439 1094 481 1127 ad
510 1094 669 1128 rhetores
696 1098 730 1128 et
755 1093 972 1134 dialecticos,
998 1094 1101 1127 tertia
1119 1092 1163 1126 ad
1185 1092 1375 1144 sophistas.
1427 1091 1520 1125 llane
1539 1091 1640 1124 etiam

256 1161 426 1205 triplicem
455 1161 634 1194 scientiam
660 1160 827 1194 habuisse
855 1158 1007 1200 videtur,
1042 1169 1116 1192 cum
1143 1158 1185 1193 de
1212 1168 1253 1192 ea
1280 1157 1462 1192 scribitur:
1495 1167 1557 1201 per
1583 1165 1641 1190 va-

258 1229 328 1261 rias
352 1226 596 1261 conclusiones
615 1225 897 1272 syllogismorum
916 1224 1109 1269 allegorice
1126 1228 1160 1258 et
1189 1223 1480 1268 ¹)metaphorice‚
1511 1223 1642 1256 diserte

259 1297 292 1327 et
316 1294 459 1337 mystice
485 1291 592 1326 multa
619 1303 692 1326 cum
720 1291 872 1327 Caesare
898 1291 1101 1336 disputavit.
1151 1289 1311 1324 Secundo
1339 1289 1402 1323 suit
1427 1288 1642 1322 admirabilis

259 1362 292 1393 in
332 1359 552 1404 eloquentia,
595 1357 718 1392 habuit
759 1359 847 1392 enim
889 1357 1122 1402 eloquentiam
1157 1355 1440 1390 facuiidissimam
1473 1355 1507 1388 in
1543 1364 1640 1398 praefi

259 1425 430 1467 dicando,
461 1426 550 1458 sieut
575 1428 672 1469 patet
697 1425 731 1458 in
759 1425 831 1458 suis
858 1422 1203 1469 praedieationilms3
1235 1422 1499 1456 disertissimam
1528 1421 1560 1453 in
1587 1430 1641 1454 ra-

257 1493 385 1525 tionem
413 1490 614 1532 reddendo,
643 1492 733 1525 sieut
759 1494 875 1535 patet,
901 1501 974 1524 cum
1002 1489 1143 1523 dicebat
1167 1489 1387 1533 imperatori:
1417 1488 1553 1521 miraris
1580 1485 1643 1520 hoc

258 1556 420 1601 templum
456 1566 555 1590 manu
590 1557 756 1590 artificum
799 1556 1026 1597 sabi-icauum
1069 1556 1310 1589 suavissimam
1354 1555 1387 1587 in
1421 1552 1641 1593 attrahendo,

257 1624 346 1656 sicut
377 1626 473 1666 patet
504 1623 538 1655 in
572 1621 765 1666 Porphyrio
804 1626 837 1656 et
872 1623 905 1655 in
940 1623 1084 1667 regina,
1120 1632 1206 1667 quos
1235 1621 1366 1666 eloquii
1393 1621 1444 1654 sui
1471 1620 1642 1654 suavitate

259 1690 304 1724 ad
339 1689 436 1723 tidem
469 1689 629 1729 attraxit3
671 1688 946 1722 efficacissimam
983 1689 1016 1721 in
1056 1687 1316 1728 convincendo,
1357 1688 1448 1720 sieut
1482 1689 1576 1730 patet
1610 1686 1641 1717 in

260 1755 461 1789 rhetoribus
478 1782 485 1795 ,
512 1764 600 1799 quos
626 1758 693 1788 tam
721 1758 883 1797 potenter
907 1754 1066 1787 convicit.
1117 1753 1239 1787 Tertio
1266 1755 1300 1786 in
1327 1753 1540 1793 constantia3
1581 1752 1643 1784 luit

259 1822 348 1854 enim
382 1821 668 1853 constantissima
700 1821 732 1853 in
768 1821 867 1853 ininis
901 1819 1030 1860 illatis,
1066 1821 1147 1863 quia
1180 1820 1275 1862 ipsas
1311 1819 1513 1859 contemsit,
1553 1816 1642 1850 unde

260 1888 462 1930 imperatori
489 1887 557 1918 sibi
582 1886 725 1919 minanti
753 1885 951 1929 respondit:
989 1895 1226 1929 quaecumque
1258 1887 1430 1916 tormenta
1455 1886 1554 1927 potes
1582 1893 1621 1915 co

259 1954 386 1997 gitare,
415 1962 457 1985 ne
484 1951 638 1993 differas,
668 1954 749 1996 quia
769 1961 905 1985 carnem
933 1955 966 1985 et
991 1951 1195 1995 sanguinem
1223 1959 1330 1983 meum
1349 1948 1487 1982 Christo
1516 1948 1641 1982 oll'erre

260 2017 443 2056 desidet-03
483 2019 579 2051 item:
610 2018 681 2059 sae,
719 2027 947 2061 quaecunque
979 2018 1093 2050 animo
1119 2016 1333 2059 concepisti,
1369 2017 1526 2058 paratam
1554 2016 1640 2047 enim

260 2093 311 2116 me
339 2082 474 2116 videbis
504 2083 548 2116 ad
577 2084 691 2116 onmia
717 2082 933 2116 sustinenda.
985 2081 1144 2116 Secundo
1179 2082 1212 2114 in
1250 2079 1351 2114 donis
1379 2079 1528 2121 oblatis,
1563 2081 1642 2124 quia

260 2158 301 2182 ea
339 2151 494 2193 respuit,
536 2148 637 2191 unde,
674 2159 747 2183 cum
783 2150 975 2192 imperator
999 2148 1065 2182 sibi
1102 2147 1338 2192 promitteret,
1375 2145 1465 2190 quod
1500 2155 1572 2180 eam
1609 2146 1640 2178 in

259 2215 392 2257 palatio
428 2214 612 2248 secundam
652 2215 817 2256 haberet,
857 2214 1056 2259 respondit:
1098 2214 1218 2247 desine
1256 2213 1342 2246 talia
1375 2212 1507 2250 dicere,
1553 2221 1641 2255 quae

258 2280 373 2313 scelus
403 2284 456 2314 est
484 2282 583 2314 etiam
612 2282 770 2327 cogitare
796 2285 861 2315 etc.
912 2281 1036 2315 Tertio
1067 2283 1099 2313 in
1124 2278 1306 2324 suppliciis
1338 2279 1526 2323 irrogatis,
1562 2279 1642 2322 quia

259 2356 301 2380 ca
334 2347 533 2390 superavit.
578 2347 668 2380 sicut
703 2351 820 2391 patet,
865 2358 937 2381 eum
975 2347 1038 2380 suit
1073 2347 1190 2390 posita
1222 2346 1254 2378 in
1289 2354 1430 2379 carcere
1472 2348 1506 2378 et
1538 2354 1642 2387 super

262 2416 383 2445 rotam.
428 2412 558 2452 Quarto
580 2413 612 2445 in
637 2412 804 2446 nuuutitia
827 2415 1020 2448 castitatis:
1051 2412 1307 2447 servavitenim
1334 2412 1528 2445 castitatem
1555 2410 1642 2442 inter

260 2487 312 2517 ea,
339 2479 430 2511 inter
449 2488 538 2522 quae
556 2480 702 2512 castitas
721 2480 915 2523 periclitari
933 2480 1036 2516 solet.
1067 2479 1226 2522 Quinque
1247 2479 1334 2512 enim
1355 2481 1446 2517 sunt,
1468 2477 1499 2508 in
1518 2473 1640 2519 ‹piibus

260 2544 403 2577 castitas
430 2544 669 2587 periclitatur,
708 2546 842 2580 scilicet
877 2546 1059 2580 al'llueutia
1092 2544 1291 2580 resolvens,
1323 2541 1563 2586 opportunitas
1590 2540 1634 2571 ἰιι7

263 2606 402 2647 ducens,
427 2610 591 2652 ‚juventus
619 2611 822 2653 lasciviens,
849 2612 994 2647 libertas
1015 2612 1202 2653 effrenatis,
1230 2605 1450 2655 pulchritudo
1471 2605 1639 2641 alliciens.

332 2690 356 2718 l}
379 2688 449 2713 Atn'.
478 2691 734 2723 invtonymira·
761 2693 869 2723 legunt.
