1742 3005
201 109 255 147 tis)
314 112 393 160 Cap
441 111 500 147 ix.
557 110 616 147 De
649 116 780 146 sancto
813 109 985 148 Johanne
1017 111 1191 161 apostolo
1223 119 1259 148 ct
1289 111 1533 161 evangelista.

201 216 261 250 Cui
288 215 488 260 apostolus:
517 218 553 248 ut
577 216 625 247 sic
651 213 815 248 confusus
845 224 865 248 a
889 218 949 248 tua
974 215 1178 250 infidelitate
1207 215 1379 251 discedas
1422 217 1483 251 Cui
1511 216 1588 252 ille:

199 280 361 325 munquid
386 282 501 314 tunica
529 283 586 312 tua
611 289 663 313 me
688 278 832 313 credere
858 279 973 314 faciet.
1024 279 1067 314 Et
1093 281 1296 325 apostolus:
1325 282 1412 317 vade
1441 288 1472 317 et
1490 283 1588 317 mitte

198 357 272 380 eam
301 357 406 391 super
430 354 579 389 corpora
605 344 843 378 defunctorum
873 344 1013 379 dicens:
1053 346 1236 389 apostolus
1264 346 1393 381 Christi
1418 359 1471 383 me
1497 350 1588 382 misit

197 412 240 445 ad
267 422 342 454 vos,
369 416 403 445 ut
430 412 464 444 iu
490 410 618 445 Christi
646 411 782 445 nomine
809 412 1020 457 exsurgatis.
1071 410 1171 451 Quod
1197 422 1270 445 cum
1300 412 1461 456 fecisset,
1494 414 1587 448 illico

196 481 432 512 surrexerunt.
504 476 601 511 Tunc
638 477 820 521 apostolus
853 477 1048 521 pontificem
1079 481 1113 511 et
1137 478 1379 521 proconsulem
1405 479 1587 514 credentes

194 554 268 577 eum
295 545 384 576 omni
410 543 591 588 parentela
620 552 683 576 sua
712 542 840 576 Christi
866 544 1002 577 nomine
1029 542 1241 587 baptisavit.
1280 546 1337 589 qui
1362 546 1397 577 in
1421 543 1586 579 honorem

194 610 288 644 beati
304 609 482 645 ·Johanuis
509 609 690 643 ecclesiam
719 612 996 643 construxerunt.
1029 629 1072 634 —
1097 630 1139 635 —
1166 629 1203 635 —-
1240 613 1287 647 εξ.
1315 609 1437 645 Refert
1463 610 1588 644 beatus

195 675 374 717 Clemens,
408 676 497 709 sit-ut
524 677 556 709 iu
582 675 627 710 lv
651 675 741 708 libro
769 674 1031 709 ecclesiasticae
1059 675 1238 720 hystoriae
1264 677 1457 717 invenitur,
1493 675 1585 721 quod

193 741 344 786 quodam
375 746 530 786 tempore
566 741 748 785 apestolus
784 740 965 786 quemdam
997 742 1162 785 Juveneiu
1199 740 1378 786 pulchrum
1403 745 1437 775 et
1463 741 1584 775 fortem

192 808 363 841 convertit
389 811 422 841 et
448 817 523 841 eum
547 807 682 841 cuidam
703 808 869 851 episcopo
899 804 962 839 sub
988 806 1141 851 depositi
1165 808 1301 841 nomine
1322 806 1583 841 commendavit.

194 873 275 908 Post
309 873 452 918 aliquod
490 877 602 907 autem
636 877 771 917 tempus
801 874 941 917 juvenis
978 872 1164 918 dereliquit
1187 874 1388 916 episcopum
1414 876 1447 906 et
1474 872 1584 906 faetus

192 943 244 974 est
278 941 439 984 princeps
475 940 658 973 latronum.
730 938 922 983 Apostolus
958 940 1078 983 itaque
1110 938 1153 972 ad
1192 940 1393 983 episcopum
1428 940 1520 972 veuit
1551 942 1585 972 et

191 1016 288 1039 suum
313 1005 506 1050 depositmu
534 1006 730 1050 requisivit.
801 1004 952 1049 Cumque
979 1004 1038 1038 ille
1065 1003 1106 1039 de
1133 1006 1279 1049 pecunia
1313 1003 1526 1049 intelligeret
1551 1009 1585 1040 et

191 1082 233 1106 cx
259 1070 325 1104 hoe
350 1070 573 1106 vehementer
597 1074 764 1116 stuperet,
791 1070 877 1105 dixit
904 1072 934 1106 ei
959 1070 1163 1116 apostolus:
1193 1072 1358 1116 juvenem
1383 1070 1477 1104 illum
1503 1080 1524 1104 a
1549 1074 1583 1105 te

190 1141 324 1182 repetO,
351 1147 450 1182 quem
476 1137 538 1171 tibi
564 1141 632 1171 tam
661 1136 818 1171 studiose
844 1137 1131 1172 recommeudavi.
1183 1137 1245 1172 Cui
1270 1136 1348 1171 ille:
1374 1140 1475 1181 pater
1500 1146 1584 1170 sau-

189 1207 264 1246 cte,
314 1204 349 1236 in
385 1204 498 1238 anima
538 1207 692 1237 mortuus
728 1208 781 1238 est
809 1207 843 1238 et
868 1205 900 1237 in
926 1203 988 1237 tali
1014 1207 1127 1237 monte
1151 1213 1225 1237 cum
1252 1202 1448 1237 latronibus
1470 1202 1580 1248 degit,

190 1280 333 1314 quorum
368 1271 443 1314 ipse
478 1272 640 1315 princ-eps
670 1273 732 1304 est.
805 1268 937 1309 Quibus
974 1269 1103 1303 auditis
1142 1273 1274 1304 vestem
1300 1279 1397 1303 suam
1421 1269 1524 1303 scidit
1548 1274 1583 1304 et

187 1339 292 1380 eaput
318 1346 415 1369 suum
440 1337 566 1381 pugnis
593 1335 741 1369 feriens:
775 1334 916 1375 bonum,
942 1336 1066 1379 inquit,
1093 1339 1127 1369 te
1157 1335 1334 1370 custodem
1361 1335 1480 1369 fratris
1506 1337 1581 1369 ani-

188 1411 263 1436 mae
290 1401 472 1446 dereliqui.
505 1400 694 1435 Confestim
723 1401 831 1445 igitur
853 1400 921 1434 sibi
948 1411 1072 1446 equum
1097 1402 1216 1445 parari
1237 1402 1345 1446 jussit
1369 1405 1402 1435 et
1423 1400 1466 1434 ad
1485 1400 1579 1434 illum

188 1471 335 1502 montem
361 1466 554 1511 intrepidus
580 1467 741 1500 cucurrit.
812 1466 920 1506 Quem
945 1476 1019 1500 cum
1041 1468 1183 1512 juvenis
1209 1468 1445 1511 inspexisset,
1495 1477 1580 1512 prae

187 1533 320 1577 pudore
348 1534 452 1566 nimio
479 1534 594 1566 statim
628 1542 751 1577 equum
778 1531 936 1565 ascendit
961 1536 995 1566 et
1020 1532 1174 1567 velocius
1203 1533 1352 1578 aufugit.
1425 1533 1579 1577 Aposto-

187 1599 240 1633 lus
274 1602 389 1633 autem
419 1599 545 1632 aetatis
577 1597 706 1631 oblitus
741 1602 843 1643 urget
876 1597 1072 1632 calcaribus
1107 1608 1229 1644 equum
1270 1603 1303 1632 et
1338 1602 1418 1642 post
1443 1602 1578 1643 tergum

187 1665 341 1699 clamitat
367 1664 534 1710 fugientis
557 1664 613 1705 ι);
652 1663 790 1708 utquid
819 1663 865 1697 tili
891 1663 1115 1698 dilectissime
1145 1664 1238 1709 fugis
1267 1668 1400 1708 patrem
1427 1667 1461 1698 et
1486 1664 1578 1698 iner-

187 1742 271 1766 mem
296 1741 412 1765 senem
424 1731 442 1764 ἶ)
490 1729 540 1764 Ne
566 1731 688 1764 timeas
716 1729 784 1767 fili,
813 1731 893 1774 quia
919 1740 982 1774 pro
1009 1734 1040 1764 te
1073 1729 1211 1764 Christo
1240 1730 1408 1764 rationem
1435 1728 1576 1763 reddam

186 1802 219 1832 et
244 1801 337 1832 certe
364 1806 428 1841 pro
453 1800 486 1830 te
513 1795 663 1829 libenter
683 1797 833 1837 moriar,
882 1797 969 1829 sicut
1006 1806 1068 1840 pro
1094 1795 1195 1829 nobis
1222 1794 1381 1830 Christus
1406 1799 1460 1830 est
1477 1802 1575 1829 ‘mor-

183 1867 274 1897 tuus.
324 1862 532 1903 Revertor-e,
571 1861 639 1903 tili,
678 1866 875 1904 revertere,
904 1864 986 1907 quia
1005 1861 1162 1895 dominus
1188 1872 1241 1895 me
1267 1862 1371 1895 misit.
1421 1860 1486 1900 Qui
1513 1871 1575 1895 au-

184 1929 282 1963 dieus
310 1931 532 1972 compunctus
559 1927 663 1961 rediit
690 1931 723 1961 et
749 1929 965 1962 amarissime
992 1928 1097 1962 ssevit.
1171 1927 1364 1972 Apostolus
1391 1930 1503 1960 autem
1529 1926 1574 1960 ad

183 1995 291 2039 pedes
317 1996 393 2040 ejus
426 1993 576 2038 procidit
602 1997 636 2028 et
669 2003 803 2027 manum
838 1997 1012 2038 tamquam
1037 2004 1099 2038 per
1122 1994 1370 2038 poenitentiam
1391 1993 1465 2037 jam
1493 2003 1575 2037 pur-

182 2065 300 2106 gatam
325 2060 476 2094 osculari
502 2060 628 2104 eoepit.
701 2058 888 2104 Jejunante
915 2061 1022 2105 igitur
1047 2063 1082 2093 et
1109 2063 1231 2093 orante
1256 2069 1319 2104 pro
1346 2068 1387 2093 eo
1411 2057 1574 2103 apostolo

182 2129 316 2162 veniam
344 2128 544 2171 impetravit
578 2127 761 2170 ipsumque
787 2124 1006 2169 postmodum
1033 2127 1066 2159 iu
1091 2126 1292 2169 episcopum
1318 2124 1504 2158 ordinavit.
1530 2143 1576 2149 -—

182 2214 225 2218 —
249 2213 292 2217 —
318 2195 356 2228 ἶ.
382 2192 531 2237 Legitur
557 2202 695 2236 quoque
724 2193 758 2225 iu
784 2186 905 2226 eadem
930 2190 1089 2235 hystoria
1116 2190 1357 2225 ecclesiastica
1377 2188 1575 2224 ethabetur

182 2261 215 2292 in
242 2259 365 2305 glossa
390 2268 496 2302 super
521 2257 706 2291 secundam
731 2258 932 2290 eanonicam
966 2255 1156 2297 Johannts,
1207 2253 1300 2299 quod
1330 2265 1405 2288 cum
1440 2253 1572 2289 ,lohan-

182 2336 243 2359 nes
269 2323 360 2368 apud
387 2322 561 2367 Ephesum
591 2321 718 2356 balnea
741 2321 882 2355 lavandi
914 2322 1033 2367 gratia
1067 2321 1249 2354 introisset
1288 2324 1322 2355 ct
1346 2320 1473 2355 ibidem
1507 2320 1554 2355 Ce

183 2390 330 2424 rinthum
356 2389 565 2424 haereticum
590 2387 749 2429 vidisset,
774 2388 932 2431 protinus
960 2387 1071 2421 exiliit
1097 2385 1236 2420 dicens:
1284 2386 1458 2432 fugiamus
1480 2385 1570 2423 hinc.

183 2467 223 2488 n(-
251 2456 379 2489 balnea
403 2464 509 2498 super
535 2464 597 2487 uos
622 2456 804 2491 corruant,
853 2454 887 2487 in
915 2452 1040 2497 quibus
1066 2452 1205 2486 lavatur
1231 2451 1414 2487 Corinthus
1442 2453 1571 2486 verita-

183 2524 224 2554 tis
252 2523 418 2555 inimicus.
447 2541 489 2545 -
524 2523 566 2557 S.
597 2519 678 2554 Cum
704 2520 779 2553 avis
808 2518 998 2563 quaedam.
1039 2527 1128 2562 quae
1154 2516 1277 2563 perdix
1302 2517 1428 2552 dicitur
1457 2517 1508 2559 ἒ),
1537 2519 1573 2548 ut

273 2688 295 2719 Ι)
316 2685 456 2711 Similiter
475 2690 503 2710 nl
528 2694 615 2719 snpra
638 2694 702 2720 pag,
726 2689 765 2712 Η.
806 2688 876 2715 Ergo
899 2684 979 2710 lom).
1018 2695 1031 2709 :1
1043 2683 1062 2709 (l
1090 2683 1182 2716 quid
1212 2682 1340 2716 positum
1371 2689 1435 2707 esse
1465 2684 1571 2714 putans

185 2742 204 2757 r·
219 2730 291 2757 linui
313 2735 409 2756 tamen
433 2729 498 2756 lvci.
520 2729 597 2755 ruia.
642 2731 670 2757 ’2)
691 2730 803 2756 vau-lm:
824 2734 858 2755 ul
882 2744 909 2749 ——
933 2727 1195 2754 collationum
1216 2726 1355 2752 omittunt
1377 2725 1572 2757 antiquior-os.

1731 1206 1742 1771 -—-————-—-—--—.—
1737 1133 1742 1199 —-
