1742 3005
253 96 333 134 69⁴
467 98 561 146 (ap.
596 97 727 131 CLW.
800 97 857 131 De
891 101 1019 130 saneto
1050 95 1153 131 Luca
1186 96 1429 143 evangelista.

257 200 603 232 eonsunnnationem:
632 198 781 232 discrete
805 199 945 241 incepit,
973 199 1052 241 quia
1072 201 1151 241 post
1171 197 1260 231 alios
1281 197 1369 231 ‹luos
1389 196 1640 241 evangelistas.

260 268 305 297 nt,
333 261 422 306 quod
444 262 493 295 illi
515 263 728 305 omisissent,
753 264 818 297 iste
837 262 1017 307 suppleret
1041 266 1086 303 et,
1113 260 1205 306 quod
1228 261 1441 296 sufficienter
1459 260 1641 295 dixissent.

262 328 453 367 omitteret3
480 329 574 362 cirea
599 328 760 373 templum
789 333 823 363 et
849 326 1057 362 sacrificium
1085 328 1285 361 immoratus
1313 326 1395 367 suit,
1428 326 1519 370 quod
1548 330 1645 371 patet

263 392 293 423 in
320 392 513 435 principio,
550 395 583 427 in
619 393 731 427 medio
766 398 799 427 et
824 395 857 426 in
886 392 962 427 tine.
1014 392 1083 426 Bos
1112 393 1200 427 enim
1229 396 1282 426 est
1306 392 1432 426 animal
1459 401 1644 428 morosum.

262 458 294 488 in
330 457 469 502 ungulis
507 458 646 499 lissum,
697 469 759 503 per
802 458 895 504 quod
938 457 1145 503 intelligitur
1179 457 1344 492 discretio
1387 457 1644 491 immolantium.

235 506 387 555 ‘Verum
414 523 566 567 qualiter
591 523 714 558 heatus
741 524 855 558 Lucas
886 526 919 557 in
948 523 1139 568 praedictis
1166 527 1315 568 quatuor
1335 523 1445 557 modis
1466 522 1647 556 ordinatus

265 586 386 624 fuerit,
418 589 539 622 melius
574 589 791 628 ostenditur„
837 592 866 623 si
913 592 1005 623 vitae
1039 589 1114 633 ejus
1150 590 1260 623 series
1294 588 1415 622 melius
1447 587 1646 634 indagatur.

264 650 376 685 Primo
415 655 521 698 igitur
555 654 735 688 ordinatus
771 656 834 689 suit
870 660 1031 700 qnantum
1065 654 1108 688 ad
1139 654 1254 688 Deum.
1305 654 1511 698 Tripliciter
1534 657 1647 688 autem

266 716 447 751 ordinatur
474 718 574 752 homo
605 724 767 764 quantum
794 720 837 754 ad
864 720 969 755 Deum
997 719 1205 762 [secundum
1233 718 1370 753 beatum
1396 718 1647 762 Bernardum).

265 780 396 815 scilieet
435 783 640 825 affectione,
685 786 901 829 cogitatione
936 788 968 817 et
1005 784 1207 818 intentione.
1257 784 1405 819 Affectio
1439 784 1543 819 dehet
1570 794 1649 819 esse

265 851 387 880 sancta
408 850 579 893 cogitatio
600 849 725 882 munda
745 854 778 883 et
796 851 941 883 intentio
965 853 1069 884 reeta.
1120 848 1348 883 Affectionem
1369 850 1477 894 igitur
1495 853 1647 883 sanctam

268 910 408 952 hahuit,
454 916 534 958 qnia
572 919 694 948 sancto
731 916 854 959 spiritu
891 915 1012 959 plenus
1049 915 1122 949 l'uit.
1173 914 1398 959 Hieronymus
1434 916 1466 948 in
1502 915 1650 960 prologo

268 986 373 1020 super
413 978 560 1012 Lucam:
606 979 711 1019 obiit,
750 982 877 1024 inquit,
929 982 960 1013 in
993 980 1155 1024 Bithynia
1192 980 1315 1024 plenus
1358 981 1484 1023 spiritu
1518 984 1648 1014 sancto.

269 1041 428 1076 Secundo
458 1043 579 1078 habuit
604 1046 853 1090 cogitationem
881 1045 1058 1083 iniindam,
1098 1047 1180 1090 quia
1214 1046 1279 1080 suit
1310 1048 1410 1091 virgo
1444 1055 1592 1089 corpore
1619 1051 1652 1080 et

269 1111 402 1148 mente3
441 1110 473 1141 in
504 1120 571 1153 quo
601 1114 742 1144 notatur
767 1110 935 1144 munditia
958 1112 1185 1157 cogitationis
1210 1113 1332 1156 ipsius.
1383 1110 1506 1145 Tertio
1533 1109 1654 1145 habuit

268 1173 492 1208 intentionem
523 1180 673 1209 rectam.
703 1177 784 1220 quia
812 1177 843 1208 in
870 1176 1049 1218 omuibus,
1076 1186 1165 1221 quae
1195 1176 1366 1218 faciebat,
1397 1175 1562 1211 honorem
1589 1176 1650 1210 do-

268 1238 349 1270 mini
376 1240 578 1283 quaerebat.
628 1240 677 1275 De
714 1240 767 1275 his
804 1240 938 1274 duobus
974 1241 1104 1274 ultimis
1143 1242 1270 1276 dicitur
1301 1244 1334 1275 in
1370 1242 1519 1288 prologo
1547 1252 1654 1286 super

269 1306 366 1337 actus
404 1306 655 1349 apestolorum.
713 1306 795 1341 Sine
835 1307 978 1341 crimine
1013 1308 1047 1340 in
1081 1307 1283 1352 virginitate
1321 1317 1548 1351 permanens,
1588 1307 1654 1342 hoc

269 1373 432 1412 quantum
457 1371 500 1405 ad
527 1372 726 1405 munditiam
754 1373 1004 1418 cogitationis3
1038 1371 1177 1406 domino
1211 1373 1332 1406 maluit
1354 1374 1505 1415 servire,
1540 1373 1576 1407 id
1602 1378 1655 1408 est

270 1433 312 1466 ad
354 1434 518 1470 honorem
565 1437 729 1481 domini„
757 1438 821 1471 hoc
861 1442 1021 1482 quantum
1067 1438 1109 1471 ad
1154 1437 1394 1472 rectitudinem
1440 1439 1652 1472 intentionis.

270 1499 431 1534 Secundo
465 1502 527 1535 suit
563 1502 744 1537 ordinatus
778 1503 821 1537 ad
854 1505 1065 1547 proximum3
1115 1503 1158 1536 ad
1196 1505 1387 1547 proximum
1419 1507 1532 1537 autem
1558 1502 1653 1537 ordi—

271 1574 411 1605 namur,
447 1577 520 1600 cum
559 1570 589 1601 ei
626 1568 873 1612 impendimus,
908 1569 998 1613 quod
1032 1568 1209 1603 debemus.
1260 1568 1347 1602 Tria
1383 1572 1496 1603 autem
1530 1578 1653 1603 secun-

274 1630 350 1664 dum
381 1630 588 1666 Richardnm
624 1633 665 1666 de
700 1638 820 1667 sancto
850 1634 989 1668 Victore
1024 1639 1121 1676 sunt,
1167 1644 1256 1679 quae
1288 1636 1446 1678 proximo
1475 1633 1653 1675 debemus,

272 1697 405 1730 scilicet
431 1702 584 1731 nostrum
612 1707 735 1742 posse.
772 1703 923 1732 nostrum
951 1709 1076 1741 nosse,
1112 1705 1266 1734 nostrum
1295 1699 1404 1741 velle,
1437 1703 1474 1733 ut
1499 1703 1655 1744 quartum

271 1761 421 1795 addatur
445 1767 597 1796 nostrum
628 1772 746 1808 agere.
796 1762 956 1797 Nostrum
985 1774 1091 1807 posse
1118 1767 1149 1797 in
1170 1764 1349 1805 subsidiis,
1376 1767 1529 1798 nostrum
1551 1773 1656 1798 nosse

273 1829 304 1859 in
332 1827 506 1868 consiliis,
541 1834 693 1862 nostrum
737 1828 825 1863 velle
860 1831 891 1861 in
929 1828 1135 1867 ‹tesiam-iis,
1170 1834 1323 1862 nostrum
1354 1839 1462 1873 agere
1489 1830 1521 1862 in
1549 1828 1652 1862 obse-

273 1892 375 1934 quiis.
432 1892 600 1931 Quantum
639 1894 681 1927 ad
721 1893 806 1927 haec
844 1898 1012 1937 (piatuor,
1055 1893 1236 1926 ordinatus
1271 1893 1336 1927 l'uit.
1369 1893 1492 1927 heatus
1528 1893 1652 1927 Lucas.

273 1955 375 1990 Dedit
413 1959 500 1991 enim
534 1959 676 2002 primuni
703 1961 860 2002 proximo
891 1970 994 2002 posse
1028 1969 1123 1992 sunni
1151 1960 1181 1991 in
1209 1959 1400 1998 subsidiis,
1438 1958 1529 2002 quod
1557 1962 1654 2002 patet

273 2032 313 2054 ex
340 2022 424 2061 hor,
462 2023 551 2067 quod
580 2023 686 2057 Paulo
714 2025 746 2056 in
772 2024 930 2057 ottiiiibus
956 2023 1241 2057 tribulationibus
1269 2033 1408 2067 semper
1433 2022 1596 2057 adhaesit
1622 2028 1655 2057 et

272 2087 314 2119 ab
349 2098 389 2121 eo
427 2098 596 2132 nunquam
632 2088 817 2122 discedens
845 2087 954 2121 cidem
983 2089 1015 2121 in
1049 2087 1323 2131 praedicationis
1358 2088 1552 2122 subsidium
1580 2088 1653 2122 suit.

272 2151 307 2184 ΙΙ.
338 2151 478 2186 Timoth
518 2152 577 2186 IV:
605 2153 717 2186 Luras
745 2157 797 2186 est
824 2164 950 2187 mecum
978 2153 1083 2187 solus.
1135 2152 1169 2186 ln
1197 2153 1281 2195 hoc,
1317 2154 1407 2198 quod
1445 2154 1546 2187 dicit:
1583 2164 1653 2187 me-

271 2227 364 2256 rum,
400 2222 570 2261 tamquam
606 2219 740 2252 scilicet
768 2218 909 2262 adjutor
936 2223 971 2251 et
996 2218 1184 2257 defensor,
1222 2223 1380 2255 notatur,
1409 2219 1561 2263 qualiter
1586 2219 1654 2252 sibi

271 2282 430 2315 subsidia
449 2284 634 2325 praestitit.
686 2282 719 2316 ln
743 2284 818 2324 hor,
846 2284 938 2327 quod
957 2284 1099 2317 dicitur:
1134 2285 1242 2325 solus,
1270 2288 1427 2323 notatur,
1455 2283 1545 2328 qnod
1572 2293 1654 2317 cou-

271 2350 404 2380 stanter
429 2348 460 2379 ei
485 2347 655 2381 adhaesit.
707 2347 828 2382 lterum
856 2347 893 2381 ΙΙ.
923 2349 1004 2384 (lor.
1033 2347 1104 2383 vlit
1129 2348 1216 2383 dicit
1243 2348 1284 2383 de
1312 2348 1422 2382 Luca:
1451 2359 1517 2382 non
1544 2348 1653 2382 solum

272 2415 396 2451 autem,
423 2412 483 2446 sed
503 2416 536 2445 et
555 2412 736 2446 ordinatus
757 2416 809 2447 est
825 2413 868 2446 ab
887 2413 1047 2447 ecclesiis
1065 2415 1180 2448 socius
1199 2415 1496 2459 peregrinationis
1514 2416 1654 2447 nostrae

272 2479 336 2510 etc.
393 2476 553 2511 Secundo
591 2488 687 2511 suum
726 2487 830 2512 nosse
869 2481 900 2511 in
939 2479 1108 2513 consiliis.
1158 2478 1257 2512 Tunc
1291 2479 1380 2512 enim
1419 2488 1515 2512 suum
1550 2485 1653 2510 nosse

272 2542 428 2582 proximo
457 2541 595 2583 tribuit,
625 2554 696 2576 cum
724 2543 915 2577 doctrinam
943 2544 1173 2587 apostolicam
1202 2547 1235 2577 et
1261 2543 1523 2588 evangelicam,
1551 2550 1651 2585 quam

272 2606 346 2645 ipse
369 2612 525 2643 novel-an
556 2608 599 2641 ad
621 2608 801 2644 utilitatem
820 2611 1052 2653 proximorum
1072 2609 1289 2652 conscripsit.
1340 2607 1389 2640 De
1407 2606 1470 2639 hoc
1490 2606 1564 2648 ipse
1585 2605 1651 2639 sibi

272 2672 418 2701 testatur
450 2681 479 2702 ιιι
511 2673 658 2714 prologo
688 2684 748 2706 suo
776 2674 910 2706 dicens:
943 2675 1048 2707 visum
1080 2677 1132 2706 est
1152 2678 1185 2707 et
1205 2672 1284 2706 mihi
1311 2674 1472 2705 assecuto
1495 2671 1607 2703 ‹niinia
1634 2681 1650 2702 a
