<?xml version="1.0" encoding="UTF-8"?>
<!DOCTYPE html PUBLIC "-//W3C//DTD XHTML 1.0 Transitional//EN"
    "http://www.w3.org/TR/xhtml1/DTD/xhtml1-transitional.dtd">
<html xmlns="http://www.w3.org/1999/xhtml" xml:lang="en" lang="en">
 <head>
  <title>
</title>
<meta http-equiv="Content-Type" content="text/html;charset=utf-8" />
  <meta name='ocr-system' content='tesseract 3.04.00' />
  <meta name='ocr-capabilities' content='ocr_page ocr_carea ocr_par ocr_line ocrx_word'/>
</head>
<body>
  <div class='ocr_page' id='page_1' title='image "./legendaaureavulg00jacouoft_0454.png"; bbox 0 0 1742 3005; ppageno 0'>
   <div class='ocr_carea' id='block_1_1' title="bbox 231 93 1337 148">
    <p class='ocr_par' dir='ltr' id='par_1_1' title="bbox 231 93 1337 148">
     <span class='ocr_line' id='line_1_1' title="bbox 231 93 1337 148; baseline -0.01 -10"><span class='ocrx_word' id='word_1_1' title='bbox 231 99 314 138; x_wconf 78' lang='lat'>420</span> <span class='ocrx_word' id='word_1_2' title='bbox 523 99 617 148; x_wconf 91' lang='lat' dir='ltr'>Cap.</span> <span class='ocrx_word' id='word_1_3' title='bbox 649 95 817 133; x_wconf 82' lang='lat' dir='ltr'><strong>XCVIII.</strong></span> <span class='ocrx_word' id='word_1_4' title='bbox 877 95 933 131; x_wconf 83' lang='lat' dir='ltr'>De</span> <span class='ocrx_word' id='word_1_5' title='bbox 964 100 1095 131; x_wconf 82' lang='lat' dir='ltr'>sancta</span> <span class='ocrx_word' id='word_1_6' title='bbox 1127 93 1337 130; x_wconf 62' lang='lat' dir='ltr'>christina.</span> 
     </span>
    </p>
   </div>
   <div class='ocr_carea' id='block_1_2' title="bbox 234 193 1647 2593">
    <p class='ocr_par' dir='ltr' id='par_1_2' title="bbox 234 193 1647 2593">
     <span class='ocr_line' id='line_1_2' title="bbox 235 193 1625 236; baseline -0.008 -1"><span class='ocrx_word' id='word_1_7' title='bbox 235 212 296 235; x_wconf 91' lang='lat' dir='ltr'>cur</span> <span class='ocrx_word' id='word_1_8' title='bbox 319 202 421 236; x_wconf 88' lang='lat' dir='ltr'>etiam</span> <span class='ocrx_word' id='word_1_9' title='bbox 453 198 544 233; x_wconf 84' lang='lat' dir='ltr'>alios</span> <span class='ocrx_word' id='word_1_10' title='bbox 577 208 645 232; x_wconf 91' lang='lat' dir='ltr'>non</span> <span class='ocrx_word' id='word_1_11' title='bbox 676 196 835 232; x_wconf 70' lang='lat' dir='ltr'>adoras?</span> <span class='ocrx_word' id='word_1_12' title='bbox 885 196 947 231; x_wconf 86' lang='lat' dir='ltr'>Cui</span> <span class='ocrx_word' id='word_1_13' title='bbox 977 197 1056 231; x_wconf 85' lang='lat' dir='ltr'>illa:</span> <span class='ocrx_word' id='word_1_14' title='bbox 1090 201 1162 232; x_wconf 84' lang='lat' dir='ltr'>tres</span> <span class='ocrx_word' id='word_1_15' title='bbox 1193 197 1245 231; x_wconf 89' lang='lat' dir='ltr'>illi</span> <span class='ocrx_word' id='word_1_16' title='bbox 1278 205 1347 231; x_wconf 88' lang='lat' dir='ltr'>una</span> <span class='ocrx_word' id='word_1_17' title='bbox 1379 193 1501 228; x_wconf 88' lang='lat' dir='ltr'>Deitas</span> <span class='ocrx_word' id='word_1_18' title='bbox 1535 194 1625 225; x_wconf 77' lang='lat' dir='ltr'>sunt,</span> 
     </span>
     <span class='ocr_line' id='line_1_3' title="bbox 236 261 1629 308; baseline -0.009 -8"><span class='ocrx_word' id='word_1_19' title='bbox 236 267 319 300; x_wconf 86' lang='lat' dir='ltr'>Post</span> <span class='ocrx_word' id='word_1_20' title='bbox 344 265 409 298; x_wconf 85' lang='lat' dir='ltr'>hoc</span> <span class='ocrx_word' id='word_1_21' title='bbox 435 263 613 298; x_wconf 80' lang='lat' dir='ltr'>Cliristina</span> <span class='ocrx_word' id='word_1_22' title='bbox 631 263 748 307; x_wconf 80' lang='lat' dir='ltr'>patris</span> <span class='ocrx_word' id='word_1_23' title='bbox 774 264 829 296; x_wconf 88' lang='lat' dir='ltr'>sui</span> <span class='ocrx_word' id='word_1_24' title='bbox 853 262 947 297; x_wconf 87' lang='lat' dir='ltr'>Deos</span> <span class='ocrx_word' id='word_1_25' title='bbox 974 262 1152 308; x_wconf 75' lang='lat' dir='ltr'><strong>confregit</strong></span> <span class='ocrx_word' id='word_1_26' title='bbox 1177 266 1211 296; x_wconf 85' lang='lat' dir='ltr'>et</span> <span class='ocrx_word' id='word_1_27' title='bbox 1235 272 1354 295; x_wconf 87' lang='lat' dir='ltr'>aurum</span> <span class='ocrx_word' id='word_1_28' title='bbox 1388 263 1422 294; x_wconf 84' lang='lat' dir='ltr'>et</span> <span class='ocrx_word' id='word_1_29' title='bbox 1447 261 1629 303; x_wconf 87' lang='lat' dir='ltr'>argentum</span> 
     </span>
     <span class='ocr_line' id='line_1_4' title="bbox 234 323 1629 376; baseline -0.006 -13"><span class='ocrx_word' id='word_1_30' title='bbox 234 329 447 376; x_wconf 84' lang='lat' dir='ltr'>pauperibus</span> <span class='ocrx_word' id='word_1_31' title='bbox 480 329 650 373; x_wconf 78' lang='lat' dir='ltr'>erogavit.</span> <span class='ocrx_word' id='word_1_32' title='bbox 699 327 851 362; x_wconf 75' lang='lat' dir='ltr'><strong>Rediens</strong></span> <span class='ocrx_word' id='word_1_33' title='bbox 878 332 990 373; x_wconf 81' lang='lat' dir='ltr'>pater,</span> <span class='ocrx_word' id='word_1_34' title='bbox 1025 332 1063 361; x_wconf 86' lang='lat' dir='ltr'>ut</span> <span class='ocrx_word' id='word_1_35' title='bbox 1088 327 1181 361; x_wconf 85' lang='lat' dir='ltr'>Deos</span> <span class='ocrx_word' id='word_1_36' title='bbox 1217 326 1402 366; x_wconf 82' lang='lat' dir='ltr'>adoraret,</span> <span class='ocrx_word' id='word_1_37' title='bbox 1437 323 1499 357; x_wconf 88' lang='lat' dir='ltr'>sed</span> <span class='ocrx_word' id='word_1_38' title='bbox 1532 324 1629 367; x_wconf 90' lang='lat' dir='ltr'>ipsos</span> 
     </span>
     <span class='ocr_line' id='line_1_5' title="bbox 236 387 1630 438; baseline -0.008 -8"><span class='ocrx_word' id='word_1_39' title='bbox 236 407 303 430; x_wconf 86' lang='lat' dir='ltr'>non</span> <span class='ocrx_word' id='word_1_40' title='bbox 329 395 508 428; x_wconf 87' lang='lat' dir='ltr'>inveniens</span> <span class='ocrx_word' id='word_1_41' title='bbox 535 398 568 428; x_wconf 87' lang='lat' dir='ltr'>et</span> <span class='ocrx_word' id='word_1_42' title='bbox 592 393 635 427; x_wconf 84' lang='lat' dir='ltr'>ab</span> <span class='ocrx_word' id='word_1_43' title='bbox 663 393 813 432; x_wconf 82' lang='lat' dir='ltr'>ancillis,</span> <span class='ocrx_word' id='word_1_44' title='bbox 840 393 923 438; x_wconf 89' lang='lat' dir='ltr'>quid</span> <span class='ocrx_word' id='word_1_45' title='bbox 949 392 992 428; x_wconf 91' lang='lat' dir='ltr'>de</span> <span class='ocrx_word' id='word_1_46' title='bbox 1018 393 1089 426; x_wconf 89' lang='lat' dir='ltr'>illis</span> <span class='ocrx_word' id='word_1_47' title='bbox 1116 391 1299 426; x_wconf 83' lang='lat' dir='ltr'>Christiua</span> <span class='ocrx_word' id='word_1_48' title='bbox 1325 390 1459 430; x_wconf 81' lang='lat' dir='ltr'>feeerit,</span> <span class='ocrx_word' id='word_1_49' title='bbox 1485 387 1630 422; x_wconf 83' lang='lat' dir='ltr'>audieus</span> 
     </span>
     <span class='ocr_line' id='line_1_6' title="bbox 238 452 1633 503; baseline -0.008 -7"><span class='ocrx_word' id='word_1_50' title='bbox 238 464 350 496; x_wconf 86' lang='lat' dir='ltr'>iratus</span> <span class='ocrx_word' id='word_1_51' title='bbox 384 469 459 494; x_wconf 84' lang='lat' dir='ltr'>eam</span> <span class='ocrx_word' id='word_1_52' title='bbox 488 460 598 503; x_wconf 91' lang='lat' dir='ltr'>jussit</span> <span class='ocrx_word' id='word_1_53' title='bbox 632 458 827 503; x_wconf 81' lang='lat' dir='ltr'>exspoliari</span> <span class='ocrx_word' id='word_1_54' title='bbox 858 463 893 494; x_wconf 90' lang='lat' dir='ltr'>et</span> <span class='ocrx_word' id='word_1_55' title='bbox 926 468 947 492; x_wconf 83' lang='lat' dir='ltr'>a</span> <span class='ocrx_word' id='word_1_56' title='bbox 981 458 1165 492; x_wconf 88' lang='lat' dir='ltr'>duodecim</span> <span class='ocrx_word' id='word_1_57' title='bbox 1201 458 1285 491; x_wconf 80' lang='lat' dir='ltr'>viris</span> <span class='ocrx_word' id='word_1_58' title='bbox 1320 454 1441 496; x_wconf 83' lang='lat' dir='ltr'>caedi,</span> <span class='ocrx_word' id='word_1_59' title='bbox 1475 452 1564 487; x_wconf 84' lang='lat' dir='ltr'>adeo</span> <span class='ocrx_word' id='word_1_60' title='bbox 1596 455 1633 486; x_wconf 88' lang='lat' dir='ltr'>ut</span> 
     </span>
     <span class='ocr_line' id='line_1_7' title="bbox 240 518 1635 572; baseline -0.008 -11"><span class='ocrx_word' id='word_1_61' title='bbox 240 528 310 572; x_wconf 91' lang='lat' dir='ltr'>ipsi</span> <span class='ocrx_word' id='word_1_62' title='bbox 334 526 480 560; x_wconf 81' lang='lat' dir='ltr'>ministri</span> <span class='ocrx_word' id='word_1_63' title='bbox 507 523 706 558; x_wconf 80' lang='lat' dir='ltr'>deficerent.</span> <span class='ocrx_word' id='word_1_64' title='bbox 758 523 857 558; x_wconf 88' lang='lat' dir='ltr'>Tunc</span> <span class='ocrx_word' id='word_1_65' title='bbox 883 523 1062 558; x_wconf 79' lang='lat' dir='ltr'>Cliristina</span> <span class='ocrx_word' id='word_1_66' title='bbox 1088 523 1182 569; x_wconf 84' lang='lat' dir='ltr'>patri</span> <span class='ocrx_word' id='word_1_67' title='bbox 1208 522 1314 556; x_wconf 80' lang='lat' dir='ltr'>dixit:</span> <span class='ocrx_word' id='word_1_68' title='bbox 1341 521 1416 555; x_wconf 86' lang='lat' dir='ltr'>sine</span> <span class='ocrx_word' id='word_1_69' title='bbox 1441 518 1575 552; x_wconf 79' lang='lat' dir='ltr'><strong>honore</strong></span> <span class='ocrx_word' id='word_1_70' title='bbox 1600 520 1635 550; x_wconf 85' lang='lat' dir='ltr'>et</span> 
     </span>
     <span class='ocr_line' id='line_1_8' title="bbox 240 582 1634 637; baseline -0.008 -11"><span class='ocrx_word' id='word_1_71' title='bbox 240 592 375 637; x_wconf 88' lang='lat' dir='ltr'>pudore</span> <span class='ocrx_word' id='word_1_72' title='bbox 400 595 434 625; x_wconf 86' lang='lat' dir='ltr'>et</span> <span class='ocrx_word' id='word_1_73' title='bbox 459 588 703 623; x_wconf 86' lang='lat' dir='ltr'>abominabilis</span> <span class='ocrx_word' id='word_1_74' title='bbox 732 589 824 630; x_wconf 80' lang='lat' dir='ltr'>Deo,</span> <span class='ocrx_word' id='word_1_75' title='bbox 859 590 918 634; x_wconf 85' lang='lat' dir='ltr'>qui</span> <span class='ocrx_word' id='word_1_76' title='bbox 953 600 1006 624; x_wconf 91' lang='lat' dir='ltr'>me</span> <span class='ocrx_word' id='word_1_77' title='bbox 1030 589 1200 630; x_wconf 78' lang='lat' dir='ltr'>caedunt,</span> <span class='ocrx_word' id='word_1_78' title='bbox 1235 586 1422 627; x_wconf 80' lang='lat' dir='ltr'>deficiunt,</span> <span class='ocrx_word' id='word_1_79' title='bbox 1457 588 1537 628; x_wconf 87' lang='lat' dir='ltr'>pete</span> <span class='ocrx_word' id='word_1_80' title='bbox 1562 582 1634 616; x_wconf 92' lang='lat' dir='ltr'>illis</span> 
     </span>
     <span class='ocr_line' id='line_1_9' title="bbox 238 653 1634 695; baseline -0.008 -3"><span class='ocrx_word' id='word_1_81' title='bbox 238 667 260 692; x_wconf 86' lang='lat' dir='ltr'>a</span> <span class='ocrx_word' id='word_1_82' title='bbox 283 657 359 691; x_wconf 82' lang='lat' dir='ltr'>Diis</span> <span class='ocrx_word' id='word_1_83' title='bbox 382 656 451 689; x_wconf 88' lang='lat' dir='ltr'>tuis</span> <span class='ocrx_word' id='word_1_84' title='bbox 478 655 659 695; x_wconf 81' lang='lat' dir='ltr'>virtutem,</span> <span class='ocrx_word' id='word_1_85' title='bbox 687 655 717 687; x_wconf 90' lang='lat' dir='ltr'>si</span> <span class='ocrx_word' id='word_1_86' title='bbox 742 654 874 688; x_wconf 81' lang='lat' dir='ltr'>valeas.</span> <span class='ocrx_word' id='word_1_87' title='bbox 925 654 1026 688; x_wconf 89' lang='lat' dir='ltr'>Tunc</span> <span class='ocrx_word' id='word_1_88' title='bbox 1059 658 1257 689; x_wconf 70' lang='lat' dir='ltr'>catenatam</span> <span class='ocrx_word' id='word_1_89' title='bbox 1283 663 1357 687; x_wconf 81' lang='lat' dir='ltr'>eam</span> <span class='ocrx_word' id='word_1_90' title='bbox 1393 653 1426 684; x_wconf 91' lang='lat' dir='ltr'>in</span> <span class='ocrx_word' id='word_1_91' title='bbox 1459 658 1634 683; x_wconf 76' lang='lat' dir='ltr'>carcerem</span> 
     </span>
     <span class='ocr_line' id='line_1_10' title="bbox 241 712 1634 764; baseline -0.006 -9"><span class='ocrx_word' id='word_1_92' title='bbox 241 722 328 755; x_wconf 89' lang='lat' dir='ltr'>mitti</span> <span class='ocrx_word' id='word_1_93' title='bbox 357 721 476 764; x_wconf 79' lang='lat' dir='ltr'>jussit¹</span> <span class='ocrx_word' id='word_1_94' title='bbox 527 718 683 752; x_wconf 78' lang='lat' dir='ltr'>Audiens</span> <span class='ocrx_word' id='word_1_95' title='bbox 717 718 783 752; x_wconf 80' lang='lat' dir='ltr'>lioc</span> <span class='ocrx_word' id='word_1_96' title='bbox 817 723 926 752; x_wconf 89' lang='lat' dir='ltr'>mater</span> <span class='ocrx_word' id='word_1_97' title='bbox 962 719 1168 753; x_wconf 83' lang='lat' dir='ltr'>vestimenta</span> <span class='ocrx_word' id='word_1_98' title='bbox 1199 729 1264 752; x_wconf 83' lang='lat' dir='ltr'>sua</span> <span class='ocrx_word' id='word_1_99' title='bbox 1300 716 1404 751; x_wconf 81' lang='lat' dir='ltr'>scidit</span> <span class='ocrx_word' id='word_1_100' title='bbox 1429 719 1462 750; x_wconf 90' lang='lat' dir='ltr'>et</span> <span class='ocrx_word' id='word_1_101' title='bbox 1487 713 1532 748; x_wconf 90' lang='lat' dir='ltr'>ad</span> <span class='ocrx_word' id='word_1_102' title='bbox 1559 712 1634 747; x_wconf 58' lang='lat' dir='ltr'>ca‘r-</span> 
     </span>
     <span class='ocr_line' id='line_1_11' title="bbox 243 778 1634 829; baseline -0.007 -8"><span class='ocrx_word' id='word_1_103' title='bbox 243 796 355 822; x_wconf 84' lang='lat' dir='ltr'>cerem</span> <span class='ocrx_word' id='word_1_104' title='bbox 381 793 534 829; x_wconf 82' lang='lat' dir='ltr'>pergens</span> <span class='ocrx_word' id='word_1_105' title='bbox 561 782 653 816; x_wconf 86' lang='lat' dir='ltr'>filiae</span> <span class='ocrx_word' id='word_1_106' title='bbox 679 782 828 827; x_wconf 87' lang='lat' dir='ltr'>pedibus</span> <span class='ocrx_word' id='word_1_107' title='bbox 855 793 893 817; x_wconf 90' lang='lat' dir='ltr'>se</span> <span class='ocrx_word' id='word_1_108' title='bbox 919 785 1113 827; x_wconf 83' lang='lat' dir='ltr'>prostravit</span> <span class='ocrx_word' id='word_1_109' title='bbox 1146 783 1286 818; x_wconf 88' lang='lat' dir='ltr'>dicens:</span> <span class='ocrx_word' id='word_1_110' title='bbox 1320 782 1392 815; x_wconf 84' lang='lat' dir='ltr'>filia</span> <span class='ocrx_word' id='word_1_111' title='bbox 1424 790 1499 815; x_wconf 85' lang='lat' dir='ltr'>mea</span> <span class='ocrx_word' id='word_1_112' title='bbox 1534 778 1634 813; x_wconf 87' lang='lat' dir='ltr'>Chri-</span> 
     </span>
     <span class='ocr_line' id='line_1_12' title="bbox 244 844 1637 892; baseline -0.007 -6"><span class='ocrx_word' id='word_1_113' title='bbox 244 853 353 891; x_wconf 75' lang='lat' dir='ltr'>suna,</span> <span class='ocrx_word' id='word_1_114' title='bbox 393 849 506 883; x_wconf 85' lang='lat' dir='ltr'>lumen</span> <span class='ocrx_word' id='word_1_115' title='bbox 541 848 741 889; x_wconf 77' lang='lat' dir='ltr'>oculorum,</span> <span class='ocrx_word' id='word_1_116' title='bbox 781 850 950 882; x_wconf 83' lang='lat' dir='ltr'>miserere</span> <span class='ocrx_word' id='word_1_117' title='bbox 988 849 1066 883; x_wconf 87' lang='lat' dir='ltr'>mei.</span> <span class='ocrx_word' id='word_1_118' title='bbox 1123 848 1187 883; x_wconf 88' lang='lat' dir='ltr'>Cui</span> <span class='ocrx_word' id='word_1_119' title='bbox 1220 848 1297 881; x_wconf 83' lang='lat' dir='ltr'>illa:</span> <span class='ocrx_word' id='word_1_120' title='bbox 1341 845 1423 892; x_wconf 71' lang='lat' dir='ltr'>quitl</span> <span class='ocrx_word' id='word_1_121' title='bbox 1461 856 1513 879; x_wconf 91' lang='lat' dir='ltr'>me</span> <span class='ocrx_word' id='word_1_122' title='bbox 1548 844 1637 877; x_wconf 79' lang='lat' dir='ltr'>dicis</span> 
     </span>
     <span class='ocr_line' id='line_1_13' title="bbox 244 911 1639 958; baseline -0.006 -8"><span class='ocrx_word' id='word_1_123' title='bbox 244 917 368 957; x_wconf 82' lang='lat' dir='ltr'>liliam,</span> <span class='ocrx_word' id='word_1_124' title='bbox 396 915 521 953; x_wconf 66' lang='lat' dir='ltr'>nescis⁷</span> <span class='ocrx_word' id='word_1_125' title='bbox 549 914 632 958; x_wconf 85' lang='lat' dir='ltr'>quia</span> <span class='ocrx_word' id='word_1_126' title='bbox 658 924 779 948; x_wconf 87' lang='lat' dir='ltr'>nomen</span> <span class='ocrx_word' id='word_1_127' title='bbox 804 913 869 947; x_wconf 83' lang='lat' dir='ltr'>Dei</span> <span class='ocrx_word' id='word_1_128' title='bbox 895 914 960 948; x_wconf 88' lang='lat' dir='ltr'>mei</span> <span class='ocrx_word' id='word_1_129' title='bbox 987 913 1126 949; x_wconf 62' lang='lat' dir='ltr'>habco?</span> <span class='ocrx_word' id='word_1_130' title='bbox 1175 913 1328 958; x_wconf 85' lang='lat' dir='ltr'>Cumque</span> <span class='ocrx_word' id='word_1_131' title='bbox 1354 911 1439 957; x_wconf 71' lang='lat' dir='ltr'>nillil</span> <span class='ocrx_word' id='word_1_132' title='bbox 1466 911 1533 944; x_wconf 83' lang='lat' dir='ltr'>sihi</span> <span class='ocrx_word' id='word_1_133' title='bbox 1559 920 1639 954; x_wconf 87' lang='lat' dir='ltr'>per-</span> 
     </span>
     <span class='ocr_line' id='line_1_14' title="bbox 244 975 1639 1024; baseline -0.006 -8"><span class='ocrx_word' id='word_1_134' title='bbox 244 981 394 1016; x_wconf 86' lang='lat' dir='ltr'>suadere</span> <span class='ocrx_word' id='word_1_135' title='bbox 419 983 557 1024; x_wconf 82' lang='lat' dir='ltr'>posset.</span> <span class='ocrx_word' id='word_1_136' title='bbox 586 977 629 1011; x_wconf 87' lang='lat' dir='ltr'>ad</span> <span class='ocrx_word' id='word_1_137' title='bbox 658 979 765 1011; x_wconf 80' lang='lat' dir='ltr'>virum</span> <span class='ocrx_word' id='word_1_138' title='bbox 791 978 897 1013; x_wconf 86' lang='lat' dir='ltr'>rediit</span> <span class='ocrx_word' id='word_1_139' title='bbox 923 982 967 1019; x_wconf 79' lang='lat' dir='ltr'>et,</span> <span class='ocrx_word' id='word_1_140' title='bbox 999 979 1079 1024; x_wconf 84' lang='lat' dir='ltr'>quid</span> <span class='ocrx_word' id='word_1_141' title='bbox 1107 979 1176 1013; x_wconf 85' lang='lat' dir='ltr'>sihi</span> <span class='ocrx_word' id='word_1_142' title='bbox 1202 977 1435 1023; x_wconf 78' lang='lat' dir='ltr'>responderit,</span> <span class='ocrx_word' id='word_1_143' title='bbox 1461 975 1639 1009; x_wconf 82' lang='lat' dir='ltr'>indicavit.</span> 
     </span>
     <span class='ocr_line' id='line_1_15' title="bbox 246 1041 1639 1090; baseline -0.006 -9"><span class='ocrx_word' id='word_1_144' title='bbox 246 1048 346 1081; x_wconf 87' lang='lat' dir='ltr'>Tunc</span> <span class='ocrx_word' id='word_1_145' title='bbox 380 1049 482 1090; x_wconf 84' lang='lat' dir='ltr'>pater</span> <span class='ocrx_word' id='word_1_146' title='bbox 510 1045 620 1087; x_wconf 78' lang='lat' dir='ltr'>jussit</span> <span class='ocrx_word' id='word_1_147' title='bbox 653 1053 727 1078; x_wconf 79' lang='lat' dir='ltr'>eam</span> <span class='ocrx_word' id='word_1_148' title='bbox 756 1048 835 1078; x_wconf 87' lang='lat' dir='ltr'>ante</span> <span class='ocrx_word' id='word_1_149' title='bbox 860 1044 1012 1078; x_wconf 84' lang='lat' dir='ltr'>tribunal</span> <span class='ocrx_word' id='word_1_150' title='bbox 1039 1055 1136 1078; x_wconf 88' lang='lat' dir='ltr'>suum</span> <span class='ocrx_word' id='word_1_151' title='bbox 1163 1045 1250 1080; x_wconf 84' lang='lat' dir='ltr'>(luci.</span> <span class='ocrx_word' id='word_1_152' title='bbox 1301 1045 1363 1077; x_wconf 84' lang='lat' dir='ltr'>Cui</span> <span class='ocrx_word' id='word_1_153' title='bbox 1391 1043 1496 1077; x_wconf 78' lang='lat' dir='ltr'>dixit:</span> <span class='ocrx_word' id='word_1_154' title='bbox 1528 1041 1639 1074; x_wconf 80' lang='lat' dir='ltr'>sacri-</span> 
     </span>
     <span class='ocr_line' id='line_1_16' title="bbox 246 1106 1642 1151; baseline -0.004 -6"><span class='ocrx_word' id='word_1_155' title='bbox 246 1112 311 1146; x_wconf 82' lang='lat' dir='ltr'>Iica</span> <span class='ocrx_word' id='word_1_156' title='bbox 337 1110 431 1151; x_wconf 77' lang='lat' dir='ltr'>Diis,</span> <span class='ocrx_word' id='word_1_157' title='bbox 470 1110 543 1151; x_wconf 87' lang='lat' dir='ltr'>¹)si</span> <span class='ocrx_word' id='word_1_158' title='bbox 570 1120 638 1142; x_wconf 87' lang='lat' dir='ltr'>non</span> <span class='ocrx_word' id='word_1_159' title='bbox 664 1114 791 1151; x_wconf 72' lang='lat' dir='ltr'>autem,</span> <span class='ocrx_word' id='word_1_160' title='bbox 827 1109 943 1143; x_wconf 84' lang='lat' dir='ltr'>multiS</span> <span class='ocrx_word' id='word_1_161' title='bbox 976 1110 1162 1144; x_wconf 84' lang='lat' dir='ltr'>aI&#39;Ilicteris</span> <span class='ocrx_word' id='word_1_162' title='bbox 1201 1109 1386 1143; x_wconf 75' lang='lat' dir='ltr'>sacrificiis</span> <span class='ocrx_word' id='word_1_163' title='bbox 1413 1112 1447 1142; x_wconf 86' lang='lat' dir='ltr'>et</span> <span class='ocrx_word' id='word_1_164' title='bbox 1472 1117 1548 1142; x_wconf 87' lang='lat' dir='ltr'>mea</span> <span class='ocrx_word' id='word_1_165' title='bbox 1570 1106 1642 1140; x_wconf 78' lang='lat' dir='ltr'>filia</span> 
     </span>
     <span class='ocr_line' id='line_1_17' title="bbox 244 1173 1641 1221; baseline -0.005 -10"><span class='ocrx_word' id='word_1_166' title='bbox 244 1188 312 1212; x_wconf 88' lang='lat' dir='ltr'>non</span> <span class='ocrx_word' id='word_1_167' title='bbox 338 1175 478 1210; x_wconf 63' lang='lat' dir='ltr'>diceris.</span> <span class='ocrx_word' id='word_1_168' title='bbox 529 1174 591 1208; x_wconf 90' lang='lat' dir='ltr'>Cui</span> <span class='ocrx_word' id='word_1_169' title='bbox 620 1174 702 1208; x_wconf 86' lang='lat' dir='ltr'>illa:</span> <span class='ocrx_word' id='word_1_170' title='bbox 728 1183 887 1219; x_wconf 81' lang='lat' dir='ltr'>magnam</span> <span class='ocrx_word' id='word_1_171' title='bbox 914 1175 997 1208; x_wconf 81' lang='lat' dir='ltr'>milii</span> <span class='ocrx_word' id='word_1_172' title='bbox 1022 1177 1172 1221; x_wconf 78' lang='lat' dir='ltr'>gratiam</span> <span class='ocrx_word' id='word_1_173' title='bbox 1200 1176 1429 1220; x_wconf 69' lang='lat' dir='ltr'>praestitisti,</span> <span class='ocrx_word' id='word_1_174' title='bbox 1467 1174 1549 1219; x_wconf 85' lang='lat' dir='ltr'>quia</span> <span class='ocrx_word' id='word_1_175' title='bbox 1569 1173 1641 1217; x_wconf 89' lang='lat' dir='ltr'>jam</span> 
     </span>
     <span class='ocr_line' id='line_1_18' title="bbox 247 1239 1642 1284; baseline -0.004 -8"><span class='ocrx_word' id='word_1_176' title='bbox 247 1254 298 1277; x_wconf 91' lang='lat' dir='ltr'>me</span> <span class='ocrx_word' id='word_1_177' title='bbox 330 1251 398 1275; x_wconf 92' lang='lat' dir='ltr'>non</span> <span class='ocrx_word' id='word_1_178' title='bbox 432 1250 536 1274; x_wconf 84' lang='lat' dir='ltr'>vocas</span> <span class='ocrx_word' id='word_1_179' title='bbox 571 1240 675 1273; x_wconf 79' lang='lat' dir='ltr'>liliam</span> <span class='ocrx_word' id='word_1_180' title='bbox 710 1239 863 1284; x_wconf 63' lang='lat' dir='ltr'>dyaboli.</span> <span class='ocrx_word' id='word_1_181' title='bbox 915 1240 1013 1279; x_wconf 86' lang='lat' dir='ltr'>Quod</span> <span class='ocrx_word' id='word_1_182' title='bbox 1048 1245 1162 1275; x_wconf 84' lang='lat' dir='ltr'>autem</span> <span class='ocrx_word' id='word_1_183' title='bbox 1204 1241 1247 1275; x_wconf 88' lang='lat' dir='ltr'>de</span> <span class='ocrx_word' id='word_1_184' title='bbox 1286 1240 1436 1284; x_wconf 64' lang='lat'>‹152112010</span> <span class='ocrx_word' id='word_1_185' title='bbox 1474 1239 1642 1278; x_wconf 85' lang='lat' dir='ltr'>nascitur,</span> 
     </span>
     <span class='ocr_line' id='line_1_19' title="bbox 246 1305 1642 1350; baseline -0.005 -8"><span class='ocrx_word' id='word_1_186' title='bbox 246 1308 395 1342; x_wconf 84' lang='lat' dir='ltr'>daemon</span> <span class='ocrx_word' id='word_1_187' title='bbox 420 1309 493 1347; x_wconf 90' lang='lat' dir='ltr'>est,</span> <span class='ocrx_word' id='word_1_188' title='bbox 531 1309 568 1339; x_wconf 83' lang='lat' dir='ltr'>tu</span> <span class='ocrx_word' id='word_1_189' title='bbox 604 1315 641 1339; x_wconf 87' lang='lat' dir='ltr'>es</span> <span class='ocrx_word' id='word_1_190' title='bbox 676 1309 778 1349; x_wconf 85' lang='lat' dir='ltr'>pater</span> <span class='ocrx_word' id='word_1_191' title='bbox 802 1306 915 1349; x_wconf 91' lang='lat' dir='ltr'>ipsius</span> <span class='ocrx_word' id='word_1_192' title='bbox 941 1305 1129 1340; x_wconf 82' lang='lat' dir='ltr'>Satlianae.</span> <span class='ocrx_word' id='word_1_193' title='bbox 1180 1305 1280 1340; x_wconf 91' lang='lat' dir='ltr'>Tunc</span> <span class='ocrx_word' id='word_1_194' title='bbox 1308 1305 1367 1340; x_wconf 83' lang='lat' dir='ltr'>ille</span> <span class='ocrx_word' id='word_1_195' title='bbox 1387 1306 1496 1350; x_wconf 86' lang='lat' dir='ltr'>jussit</span> <span class='ocrx_word' id='word_1_196' title='bbox 1518 1312 1642 1338; x_wconf 84' lang='lat' dir='ltr'>carnes</span> 
     </span>
     <span class='ocr_line' id='line_1_20' title="bbox 246 1370 1641 1419; baseline -0.004 -12"><span class='ocrx_word' id='word_1_197' title='bbox 246 1375 324 1419; x_wconf 86' lang='lat' dir='ltr'>ejus</span> <span class='ocrx_word' id='word_1_198' title='bbox 348 1371 489 1417; x_wconf 87' lang='lat' dir='ltr'>ungulis</span> <span class='ocrx_word' id='word_1_199' title='bbox 514 1370 592 1404; x_wconf 86' lang='lat' dir='ltr'>radi</span> <span class='ocrx_word' id='word_1_200' title='bbox 617 1374 650 1405; x_wconf 89' lang='lat' dir='ltr'>et</span> <span class='ocrx_word' id='word_1_201' title='bbox 675 1370 829 1406; x_wconf 85' lang='lat' dir='ltr'>membra</span> <span class='ocrx_word' id='word_1_202' title='bbox 855 1372 931 1416; x_wconf 84' lang='lat' dir='ltr'>ejus</span> <span class='ocrx_word' id='word_1_203' title='bbox 957 1375 1080 1406; x_wconf 84' lang='lat' dir='ltr'>tenera</span> <span class='ocrx_word' id='word_1_204' title='bbox 1106 1371 1292 1416; x_wconf 85' lang='lat' dir='ltr'>disrumpi,</span> <span class='ocrx_word' id='word_1_205' title='bbox 1327 1370 1506 1405; x_wconf 82' lang='lat' dir='ltr'>Christina</span> <span class='ocrx_word' id='word_1_206' title='bbox 1530 1372 1641 1402; x_wconf 86' lang='lat' dir='ltr'>autem</span> 
     </span>
     <span class='ocr_line' id='line_1_21' title="bbox 247 1434 1640 1483; baseline -0.004 -10"><span class='ocrx_word' id='word_1_207' title='bbox 247 1439 290 1473; x_wconf 87' lang='lat' dir='ltr'>de</span> <span class='ocrx_word' id='word_1_208' title='bbox 314 1437 477 1472; x_wconf 82' lang='lat' dir='ltr'>carnibus</span> <span class='ocrx_word' id='word_1_209' title='bbox 502 1436 576 1470; x_wconf 90' lang='lat' dir='ltr'>suis</span> <span class='ocrx_word' id='word_1_210' title='bbox 601 1437 778 1480; x_wconf 86' lang='lat' dir='ltr'>accipiens</span> <span class='ocrx_word' id='word_1_211' title='bbox 804 1438 838 1471; x_wconf 89' lang='grc'>111</span> <span class='ocrx_word' id='word_1_212' title='bbox 864 1437 992 1471; x_wconf 85' lang='lat' dir='ltr'>vultum</span> <span class='ocrx_word' id='word_1_213' title='bbox 1019 1439 1169 1483; x_wconf 85' lang='lat' dir='ltr'>projecit</span> <span class='ocrx_word' id='word_1_214' title='bbox 1194 1439 1305 1482; x_wconf 84' lang='lat' dir='ltr'>patris</span> <span class='ocrx_word' id='word_1_215' title='bbox 1331 1437 1470 1471; x_wconf 87' lang='lat' dir='ltr'>dicens:</span> <span class='ocrx_word' id='word_1_216' title='bbox 1508 1434 1640 1478; x_wconf 80' lang='lat' dir='ltr'>accipe,</span> 
     </span>
     <span class='ocr_line' id='line_1_22' title="bbox 248 1503 1642 1549; baseline -0.004 -12"><span class='ocrx_word' id='word_1_217' title='bbox 248 1508 412 1548; x_wconf 63' lang='lat' dir='ltr'>tyranne,</span> <span class='ocrx_word' id='word_1_218' title='bbox 441 1506 474 1536; x_wconf 89' lang='lat' dir='ltr'>et</span> <span class='ocrx_word' id='word_1_219' title='bbox 498 1511 635 1535; x_wconf 85' lang='lat' dir='ltr'>carnem</span> <span class='ocrx_word' id='word_1_220' title='bbox 661 1512 682 1536; x_wconf 87' lang='lat' dir='ltr'>a</span> <span class='ocrx_word' id='word_1_221' title='bbox 710 1507 744 1537; x_wconf 84' lang='lat' dir='ltr'>te</span> <span class='ocrx_word' id='word_1_222' title='bbox 769 1505 922 1549; x_wconf 80' lang='lat' dir='ltr'>genitam</span> <span class='ocrx_word' id='word_1_223' title='bbox 948 1503 1102 1538; x_wconf 86' lang='lat' dir='ltr'>comede.</span> <span class='ocrx_word' id='word_1_224' title='bbox 1152 1503 1250 1538; x_wconf 88' lang='lat' dir='ltr'>Tunc</span> <span class='ocrx_word' id='word_1_225' title='bbox 1276 1506 1378 1547; x_wconf 86' lang='lat' dir='ltr'>pater</span> <span class='ocrx_word' id='word_1_226' title='bbox 1402 1511 1509 1545; x_wconf 88' lang='lat' dir='ltr'>super</span> <span class='ocrx_word' id='word_1_227' title='bbox 1531 1504 1642 1534; x_wconf 84' lang='lat' dir='ltr'>rotam</span> 
     </span>
     <span class='ocr_line' id='line_1_23' title="bbox 251 1564 1641 1612; baseline -0.004 -9"><span class='ocrx_word' id='word_1_228' title='bbox 251 1578 325 1603; x_wconf 79' lang='lat' dir='ltr'>cam</span> <span class='ocrx_word' id='word_1_229' title='bbox 351 1570 469 1611; x_wconf 88' lang='lat' dir='ltr'>posuit</span> <span class='ocrx_word' id='word_1_230' title='bbox 494 1571 527 1601; x_wconf 89' lang='lat' dir='ltr'>et</span> <span class='ocrx_word' id='word_1_231' title='bbox 555 1568 669 1612; x_wconf 85' lang='lat' dir='ltr'>ignem</span> <span class='ocrx_word' id='word_1_232' title='bbox 696 1578 770 1602; x_wconf 88' lang='lat' dir='ltr'>cum</span> <span class='ocrx_word' id='word_1_233' title='bbox 796 1568 875 1603; x_wconf 92' lang='lat' dir='ltr'>oleo</span> <span class='ocrx_word' id='word_1_234' title='bbox 901 1569 1079 1611; x_wconf 82' lang='lat' dir='ltr'>accendit,</span> <span class='ocrx_word' id='word_1_235' title='bbox 1114 1569 1177 1603; x_wconf 90' lang='lat' dir='ltr'>sed</span> <span class='ocrx_word' id='word_1_236' title='bbox 1211 1569 1345 1603; x_wconf 86' lang='lat' dir='ltr'>flamma</span> <span class='ocrx_word' id='word_1_237' title='bbox 1371 1567 1537 1602; x_wconf 79' lang='lat' dir='ltr'>exsiliens</span> <span class='ocrx_word' id='word_1_238' title='bbox 1563 1564 1641 1599; x_wconf 84' lang='lat' dir='ltr'>MD.</span> 
     </span>
     <span class='ocr_line' id='line_1_24' title="bbox 252 1631 1643 1680; baseline -0.002 -14"><span class='ocrx_word' id='word_1_239' title='bbox 252 1634 346 1667; x_wconf 81' lang='lat' dir='ltr'>viros</span> <span class='ocrx_word' id='word_1_240' title='bbox 372 1632 509 1666; x_wconf 85' lang='lat' dir='ltr'>occidit.</span> <span class='ocrx_word' id='word_1_241' title='bbox 558 1632 663 1667; x_wconf 79' lang='lat' dir='ltr'>Pater</span> <span class='ocrx_word' id='word_1_242' title='bbox 687 1639 800 1668; x_wconf 84' lang='lat' dir='ltr'>autem</span> <span class='ocrx_word' id='word_1_243' title='bbox 827 1636 903 1679; x_wconf 82' lang='lat' dir='ltr'>ejus</span> <span class='ocrx_word' id='word_1_244' title='bbox 931 1637 1045 1674; x_wconf 79' lang='lat' dir='ltr'>omnia</span> <span class='ocrx_word' id='word_1_245' title='bbox 1071 1634 1159 1670; x_wconf 71' lang='lat' dir='ltr'>Ilaec</span> <span class='ocrx_word' id='word_1_246' title='bbox 1183 1636 1329 1680; x_wconf 85' lang='lat' dir='ltr'>magicis</span> <span class='ocrx_word' id='word_1_247' title='bbox 1354 1634 1488 1668; x_wconf 86' lang='lat' dir='ltr'>artibus</span> <span class='ocrx_word' id='word_1_248' title='bbox 1510 1631 1643 1665; x_wconf 87' lang='lat' dir='ltr'>adscri-</span> 
     </span>
     <span class='ocr_line' id='line_1_25' title="bbox 250 1697 1645 1742; baseline -0.002 -10"><span class='ocrx_word' id='word_1_249' title='bbox 250 1698 337 1734; x_wconf 89' lang='lat' dir='ltr'>bens</span> <span class='ocrx_word' id='word_1_250' title='bbox 372 1700 484 1742; x_wconf 83' lang='lat' dir='ltr'>ipsam</span> <span class='ocrx_word' id='word_1_251' title='bbox 519 1699 641 1733; x_wconf 90' lang='lat' dir='ltr'>iterum</span> <span class='ocrx_word' id='word_1_252' title='bbox 678 1700 710 1733; x_wconf 91' lang='lat' dir='ltr'>in</span> <span class='ocrx_word' id='word_1_253' title='bbox 743 1710 917 1735; x_wconf 82' lang='lat' dir='ltr'>carcerem</span> <span class='ocrx_word' id='word_1_254' title='bbox 951 1702 1039 1734; x_wconf 90' lang='lat' dir='ltr'>mitti</span> <span class='ocrx_word' id='word_1_255' title='bbox 1074 1701 1157 1735; x_wconf 81' lang='lat' dir='ltr'>fecit</span> <span class='ocrx_word' id='word_1_256' title='bbox 1195 1705 1228 1734; x_wconf 93' lang='lat' dir='ltr'>et</span> <span class='ocrx_word' id='word_1_257' title='bbox 1267 1699 1361 1733; x_wconf 83' lang='lat' dir='ltr'>sacta</span> <span class='ocrx_word' id='word_1_258' title='bbox 1399 1703 1500 1733; x_wconf 88' lang='lat' dir='ltr'>nocte</span> <span class='ocrx_word' id='word_1_259' title='bbox 1536 1697 1645 1742; x_wconf 87' lang='lat' dir='ltr'>jussit</span> 
     </span>
     <span class='ocr_line' id='line_1_26' title="bbox 251 1764 1644 1810; baseline -0.002 -12"><span class='ocrx_word' id='word_1_260' title='bbox 251 1765 370 1808; x_wconf 78' lang='lat' dir='ltr'>puer-Is</span> <span class='ocrx_word' id='word_1_261' title='bbox 396 1765 481 1803; x_wconf 86' lang='lat' dir='ltr'>suis,</span> <span class='ocrx_word' id='word_1_262' title='bbox 508 1769 544 1799; x_wconf 85' lang='lat' dir='ltr'>ut</span> <span class='ocrx_word' id='word_1_263' title='bbox 569 1764 719 1808; x_wconf 85' lang='lat' dir='ltr'>lapidem</span> <span class='ocrx_word' id='word_1_264' title='bbox 745 1765 911 1810; x_wconf 80' lang='lat' dir='ltr'>grandem</span> <span class='ocrx_word' id='word_1_265' title='bbox 939 1765 983 1799; x_wconf 85' lang='lat' dir='ltr'>ad</span> <span class='ocrx_word' id='word_1_266' title='bbox 1012 1766 1136 1799; x_wconf 90' lang='lat' dir='ltr'>collum</span> <span class='ocrx_word' id='word_1_267' title='bbox 1164 1767 1240 1810; x_wconf 80' lang='lat' dir='ltr'>ejus</span> <span class='ocrx_word' id='word_1_268' title='bbox 1265 1766 1418 1809; x_wconf 85' lang='lat' dir='ltr'>ligarent</span> <span class='ocrx_word' id='word_1_269' title='bbox 1443 1768 1476 1798; x_wconf 92' lang='lat' dir='ltr'>et</span> <span class='ocrx_word' id='word_1_270' title='bbox 1498 1765 1644 1797; x_wconf 71' lang='lat' dir='ltr'>inimare</span> 
     </span>
     <span class='ocr_line' id='line_1_27' title="bbox 252 1828 1642 1875; baseline 0 -14"><span class='ocrx_word' id='word_1_271' title='bbox 252 1829 476 1872; x_wconf 85' lang='lat' dir='ltr'>projicerent.</span> <span class='ocrx_word' id='word_1_272' title='bbox 527 1828 625 1867; x_wconf 82' lang='lat' dir='ltr'>Quod</span> <span class='ocrx_word' id='word_1_273' title='bbox 658 1840 732 1863; x_wconf 90' lang='lat' dir='ltr'>cum</span> <span class='ocrx_word' id='word_1_274' title='bbox 768 1830 952 1872; x_wconf 81' lang='lat' dir='ltr'>fecissent,</span> <span class='ocrx_word' id='word_1_275' title='bbox 996 1832 1154 1875; x_wconf 86' lang='lat' dir='ltr'>protinus</span> <span class='ocrx_word' id='word_1_276' title='bbox 1187 1830 1306 1875; x_wconf 86' lang='lat' dir='ltr'>angeli</span> <span class='ocrx_word' id='word_1_277' title='bbox 1342 1839 1416 1863; x_wconf 80' lang='lat' dir='ltr'>eam</span> <span class='ocrx_word' id='word_1_278' title='bbox 1451 1832 1642 1869; x_wconf 83' lang='lat' dir='ltr'>assumunt,</span> 
     </span>
     <span class='ocr_line' id='line_1_28' title="bbox 253 1892 1644 1939; baseline 0 -12"><span class='ocrx_word' id='word_1_279' title='bbox 253 1892 412 1927; x_wconf 81' lang='lat' dir='ltr'>Christus</span> <span class='ocrx_word' id='word_1_280' title='bbox 439 1897 552 1927; x_wconf 86' lang='lat' dir='ltr'>autem</span> <span class='ocrx_word' id='word_1_281' title='bbox 579 1894 621 1928; x_wconf 87' lang='lat' dir='ltr'>ad</span> <span class='ocrx_word' id='word_1_282' title='bbox 650 1905 723 1929; x_wconf 84' lang='lat' dir='ltr'>eam</span> <span class='ocrx_word' id='word_1_283' title='bbox 749 1894 930 1930; x_wconf 85' lang='lat' dir='ltr'>descendit</span> <span class='ocrx_word' id='word_1_284' title='bbox 959 1900 993 1930; x_wconf 84' lang='lat' dir='ltr'>et</span> <span class='ocrx_word' id='word_1_285' title='bbox 1020 1906 1094 1930; x_wconf 89' lang='lat' dir='ltr'>eam</span> <span class='ocrx_word' id='word_1_286' title='bbox 1123 1897 1155 1929; x_wconf 95' lang='lat' dir='ltr'>in</span> <span class='ocrx_word' id='word_1_287' title='bbox 1182 1897 1266 1929; x_wconf 84' lang='lat' dir='ltr'>mari</span> <span class='ocrx_word' id='word_1_288' title='bbox 1292 1895 1485 1939; x_wconf 82' lang='lat' dir='ltr'>baptizavit</span> <span class='ocrx_word' id='word_1_289' title='bbox 1502 1894 1644 1928; x_wconf 87' lang='lat' dir='ltr'>dicens:</span> 
     </span>
     <span class='ocr_line' id='line_1_29' title="bbox 253 1958 1645 2004; baseline 0.002 -14"><span class='ocrx_word' id='word_1_290' title='bbox 253 1958 393 2002; x_wconf 86' lang='lat' dir='ltr'>baptizo</span> <span class='ocrx_word' id='word_1_291' title='bbox 420 1962 454 1992; x_wconf 89' lang='lat' dir='ltr'>te</span> <span class='ocrx_word' id='word_1_292' title='bbox 481 1961 513 1991; x_wconf 88' lang='lat' dir='ltr'>in</span> <span class='ocrx_word' id='word_1_293' title='bbox 540 1959 633 2000; x_wconf 77' lang='lat' dir='ltr'>ilco,</span> <span class='ocrx_word' id='word_1_294' title='bbox 669 1964 768 2003; x_wconf 86' lang='lat' dir='ltr'>patre</span> <span class='ocrx_word' id='word_1_295' title='bbox 794 1971 883 2001; x_wconf 86' lang='lat' dir='ltr'>meo,</span> <span class='ocrx_word' id='word_1_296' title='bbox 919 1965 952 1995; x_wconf 90' lang='lat' dir='ltr'>et</span> <span class='ocrx_word' id='word_1_297' title='bbox 988 1963 1020 1995; x_wconf 86' lang='lat' dir='ltr'>in</span> <span class='ocrx_word' id='word_1_298' title='bbox 1056 1972 1108 1995; x_wconf 84' lang='lat' dir='ltr'>me</span> <span class='ocrx_word' id='word_1_299' title='bbox 1133 1961 1217 1995; x_wconf 74' lang='lat' dir='ltr'>Jcsu</span> <span class='ocrx_word' id='word_1_300' title='bbox 1245 1960 1384 1994; x_wconf 85' lang='lat' dir='ltr'>Christo</span> <span class='ocrx_word' id='word_1_301' title='bbox 1412 1959 1482 1993; x_wconf 80' lang='lat' dir='ltr'>filio</span> <span class='ocrx_word' id='word_1_302' title='bbox 1509 1961 1584 2004; x_wconf 78' lang='lat' dir='ltr'>ejiis</span> <span class='ocrx_word' id='word_1_303' title='bbox 1612 1964 1645 1994; x_wconf 85' lang='lat' dir='ltr'>et</span> 
     </span>
     <span class='ocr_line' id='line_1_30' title="bbox 251 2023 1644 2071; baseline 0.002 -16"><span class='ocrx_word' id='word_1_304' title='bbox 251 2025 285 2056; x_wconf 88' lang='lat' dir='ltr'>in</span> <span class='ocrx_word' id='word_1_305' title='bbox 312 2024 437 2067; x_wconf 89' lang='lat' dir='ltr'>spiritu</span> <span class='ocrx_word' id='word_1_306' title='bbox 463 2028 596 2057; x_wconf 82' lang='lat' dir='ltr'>sancto.</span> <span class='ocrx_word' id='word_1_307' title='bbox 646 2023 688 2057; x_wconf 87' lang='lat' dir='ltr'>Et</span> <span class='ocrx_word' id='word_1_308' title='bbox 714 2027 883 2060; x_wconf 89' lang='lat' dir='ltr'>commisit</span> <span class='ocrx_word' id='word_1_309' title='bbox 909 2037 982 2060; x_wconf 84' lang='lat' dir='ltr'>eam</span> <span class='ocrx_word' id='word_1_310' title='bbox 1009 2026 1175 2060; x_wconf 81' lang='lat' dir='ltr'>Micliueli</span> <span class='ocrx_word' id='word_1_311' title='bbox 1208 2025 1443 2071; x_wconf 79' lang='lat' dir='ltr'>archangelo,</span> <span class='ocrx_word' id='word_1_312' title='bbox 1477 2026 1536 2070; x_wconf 86' lang='lat' dir='ltr'>qui</span> <span class='ocrx_word' id='word_1_313' title='bbox 1567 2034 1644 2059; x_wconf 90' lang='lat' dir='ltr'>eam</span> 
     </span>
     <span class='ocr_line' id='line_1_31' title="bbox 252 2088 1644 2136; baseline 0.001 -14"><span class='ocrx_word' id='word_1_314' title='bbox 252 2088 295 2122; x_wconf 85' lang='lat' dir='ltr'>ad</span> <span class='ocrx_word' id='word_1_315' title='bbox 320 2092 447 2122; x_wconf 85' lang='lat' dir='ltr'>terram</span> <span class='ocrx_word' id='word_1_316' title='bbox 481 2088 637 2123; x_wconf 79' lang='lat' dir='ltr'>adduxit.</span> <span class='ocrx_word' id='word_1_317' title='bbox 687 2089 786 2129; x_wconf 83' lang='lat' dir='ltr'>Quod</span> <span class='ocrx_word' id='word_1_318' title='bbox 820 2091 966 2125; x_wconf 84' lang='lat' dir='ltr'>audiens</span> <span class='ocrx_word' id='word_1_319' title='bbox 1000 2096 1101 2136; x_wconf 85' lang='lat' dir='ltr'>pater</span> <span class='ocrx_word' id='word_1_320' title='bbox 1135 2092 1280 2126; x_wconf 82' lang='lat' dir='ltr'>frontem</span> <span class='ocrx_word' id='word_1_321' title='bbox 1316 2101 1412 2125; x_wconf 90' lang='lat' dir='ltr'>suam</span> <span class='ocrx_word' id='word_1_322' title='bbox 1448 2092 1644 2135; x_wconf 78' lang='lat' dir='ltr'>percutiens</span> 
     </span>
     <span class='ocr_line' id='line_1_32' title="bbox 254 2153 1645 2198; baseline 0.002 -12"><span class='ocrx_word' id='word_1_323' title='bbox 254 2154 359 2187; x_wconf 85' lang='lat' dir='ltr'>dixit:</span> <span class='ocrx_word' id='word_1_324' title='bbox 386 2153 512 2198; x_wconf 84' lang='lat' dir='ltr'>quibus</span> <span class='ocrx_word' id='word_1_325' title='bbox 538 2154 720 2189; x_wconf 80' lang='lat' dir='ltr'>maleficiis</span> <span class='ocrx_word' id='word_1_326' title='bbox 747 2155 813 2190; x_wconf 86' lang='lat' dir='ltr'>hoc-</span> <span class='ocrx_word' id='word_1_327' title='bbox 839 2157 937 2194; x_wconf 73' lang='lat' dir='ltr'>sacis,</span> <span class='ocrx_word' id='word_1_328' title='bbox 966 2162 1002 2190; x_wconf 89' lang='lat' dir='ltr'>ut</span> <span class='ocrx_word' id='word_1_329' title='bbox 1028 2159 1059 2190; x_wconf 93' lang='lat' dir='ltr'>iu</span> <span class='ocrx_word' id='word_1_330' title='bbox 1087 2159 1171 2191; x_wconf 90' lang='lat' dir='ltr'>mari</span> <span class='ocrx_word' id='word_1_331' title='bbox 1189 2157 1357 2191; x_wconf 84' lang='lat' dir='ltr'>maleficia</span> <span class='ocrx_word' id='word_1_332' title='bbox 1372 2162 1432 2189; x_wconf 87' lang='lat' dir='ltr'>tua</span> <span class='ocrx_word' id='word_1_333' title='bbox 1447 2157 1645 2190; x_wconf 77' lang='lat' dir='ltr'>exerceas?</span> 
     </span>
     <span class='ocr_line' id='line_1_33' title="bbox 254 2218 1644 2267; baseline 0.001 -15"><span class='ocrx_word' id='word_1_334' title='bbox 254 2219 316 2252; x_wconf 83' lang='lat' dir='ltr'>Cui</span> <span class='ocrx_word' id='word_1_335' title='bbox 343 2218 421 2251; x_wconf 82' lang='lat' dir='ltr'>illa:</span> <span class='ocrx_word' id='word_1_336' title='bbox 448 2219 552 2253; x_wconf 85' lang='lat' dir='ltr'>stulte</span> <span class='ocrx_word' id='word_1_337' title='bbox 578 2224 612 2253; x_wconf 92' lang='lat' dir='ltr'>et</span> <span class='ocrx_word' id='word_1_338' title='bbox 637 2220 772 2262; x_wconf 82' lang='lat' dir='ltr'>infelix,</span> <span class='ocrx_word' id='word_1_339' title='bbox 799 2232 820 2255; x_wconf 86' lang='lat' dir='ltr'>a</span> <span class='ocrx_word' id='word_1_340' title='bbox 846 2222 986 2256; x_wconf 85' lang='lat' dir='ltr'>Christo</span> <span class='ocrx_word' id='word_1_341' title='bbox 1015 2222 1104 2257; x_wconf 79' lang='lat' dir='ltr'>lianc</span> <span class='ocrx_word' id='word_1_342' title='bbox 1129 2224 1247 2266; x_wconf 83' lang='lat' dir='ltr'>accepi</span> <span class='ocrx_word' id='word_1_343' title='bbox 1273 2222 1434 2267; x_wconf 83' lang='lat' dir='ltr'>gratiam.</span> <span class='ocrx_word' id='word_1_344' title='bbox 1486 2221 1586 2255; x_wconf 90' lang='lat' dir='ltr'>Tunc</span> <span class='ocrx_word' id='word_1_345' title='bbox 1610 2223 1644 2254; x_wconf 91' lang='lat' dir='ltr'>in</span> 
     </span>
     <span class='ocr_line' id='line_1_34' title="bbox 253 2285 1647 2331; baseline 0.003 -15"><span class='ocrx_word' id='word_1_346' title='bbox 253 2292 426 2317; x_wconf 86' lang='lat' dir='ltr'>carcerem</span> <span class='ocrx_word' id='word_1_347' title='bbox 453 2293 526 2317; x_wconf 84' lang='lat' dir='ltr'>eam</span> <span class='ocrx_word' id='word_1_348' title='bbox 552 2285 645 2317; x_wconf 88' lang='lat' dir='ltr'>misit</span> <span class='ocrx_word' id='word_1_349' title='bbox 665 2285 814 2328; x_wconf 87' lang='lat' dir='ltr'>jubens,</span> <span class='ocrx_word' id='word_1_350' title='bbox 849 2291 884 2320; x_wconf 90' lang='lat' dir='ltr'>ut</span> <span class='ocrx_word' id='word_1_351' title='bbox 921 2289 953 2320; x_wconf 90' lang='grc'>111</span> <span class='ocrx_word' id='word_1_352' title='bbox 989 2289 1141 2321; x_wconf 86' lang='lat' dir='ltr'>crastino</span> <span class='ocrx_word' id='word_1_353' title='bbox 1177 2287 1305 2321; x_wconf 78' lang='lat' dir='ltr'>debeat</span> <span class='ocrx_word' id='word_1_354' title='bbox 1336 2286 1515 2322; x_wconf 78' lang='lat' dir='ltr'>decollari.</span> <span class='ocrx_word' id='word_1_355' title='bbox 1565 2286 1647 2331; x_wconf 86' lang='lat' dir='ltr'>Ipsa</span> 
     </span>
     <span class='ocr_line' id='line_1_35' title="bbox 253 2347 1645 2398; baseline 0.004 -17"><span class='ocrx_word' id='word_1_356' title='bbox 253 2352 368 2382; x_wconf 85' lang='lat' dir='ltr'>aulem</span> <span class='ocrx_word' id='word_1_357' title='bbox 402 2353 503 2382; x_wconf 87' lang='lat' dir='ltr'>nocte</span> <span class='ocrx_word' id='word_1_358' title='bbox 537 2347 695 2383; x_wconf 87' lang='lat' dir='ltr'>Urbanus</span> <span class='ocrx_word' id='word_1_359' title='bbox 728 2355 829 2395; x_wconf 88' lang='lat' dir='ltr'>pater</span> <span class='ocrx_word' id='word_1_360' title='bbox 859 2362 941 2385; x_wconf 87' lang='lat' dir='ltr'>suus</span> <span class='ocrx_word' id='word_1_361' title='bbox 981 2357 1135 2386; x_wconf 86' lang='lat' dir='ltr'>mortuus</span> <span class='ocrx_word' id='word_1_362' title='bbox 1163 2355 1345 2388; x_wconf 81' lang='lat' dir='ltr'>invenitur.</span> <span class='ocrx_word' id='word_1_363' title='bbox 1394 2352 1481 2387; x_wconf 81' lang='lat' dir='ltr'>Huic·</span> <span class='ocrx_word' id='word_1_364' title='bbox 1505 2352 1645 2398; x_wconf 82' lang='lat' dir='ltr'>quIdam</span> 
     </span>
     <span class='ocr_line' id='line_1_36' title="bbox 249 2411 1643 2463; baseline 0.004 -18"><span class='ocrx_word' id='word_1_365' title='bbox 249 2411 360 2457; x_wconf 84' lang='lat' dir='ltr'>judex</span> <span class='ocrx_word' id='word_1_366' title='bbox 386 2414 524 2458; x_wconf 85' lang='lat' dir='ltr'>iniquus</span> <span class='ocrx_word' id='word_1_367' title='bbox 550 2417 741 2457; x_wconf 82' lang='lat' dir='ltr'>successit,</span> <span class='ocrx_word' id='word_1_368' title='bbox 775 2418 912 2451; x_wconf 84' lang='lat' dir='ltr'>nomine</span> <span class='ocrx_word' id='word_1_369' title='bbox 938 2415 1057 2460; x_wconf 90' lang='lat' dir='ltr'>Elius,</span> <span class='ocrx_word' id='word_1_370' title='bbox 1092 2419 1149 2463; x_wconf 86' lang='lat' dir='ltr'>qui</span> <span class='ocrx_word' id='word_1_371' title='bbox 1178 2428 1297 2453; x_wconf 88' lang='lat' dir='ltr'>cunam</span> <span class='ocrx_word' id='word_1_372' title='bbox 1325 2417 1473 2453; x_wconf 79' lang='lat' dir='ltr'>ferream</span> <span class='ocrx_word' id='word_1_373' title='bbox 1499 2428 1643 2453; x_wconf 88' lang='lat' dir='ltr'>succen-</span> 
     </span>
     <span class='ocr_line' id='line_1_37' title="bbox 253 2478 1641 2526; baseline 0.004 -16"><span class='ocrx_word' id='word_1_374' title='bbox 253 2487 326 2511; x_wconf 88' lang='lat' dir='ltr'>sam</span> <span class='ocrx_word' id='word_1_375' title='bbox 360 2488 434 2511; x_wconf 88' lang='lat' dir='ltr'>cum</span> <span class='ocrx_word' id='word_1_376' title='bbox 468 2478 570 2520; x_wconf 84' lang='lat' dir='ltr'>oleo,</span> <span class='ocrx_word' id='word_1_377' title='bbox 603 2481 722 2514; x_wconf 85' lang='lat' dir='ltr'>resina</span> <span class='ocrx_word' id='word_1_378' title='bbox 755 2485 789 2515; x_wconf 87' lang='lat' dir='ltr'>et</span> <span class='ocrx_word' id='word_1_379' title='bbox 822 2483 899 2526; x_wconf 88' lang='lat' dir='ltr'>pice</span> <span class='ocrx_word' id='word_1_380' title='bbox 933 2483 1051 2526; x_wconf 85' lang='lat' dir='ltr'>parari</span> <span class='ocrx_word' id='word_1_381' title='bbox 1087 2482 1170 2517; x_wconf 77' lang='lat' dir='ltr'>fecit</span> <span class='ocrx_word' id='word_1_382' title='bbox 1203 2488 1236 2519; x_wconf 85' lang='lat' dir='ltr'>et</span> <span class='ocrx_word' id='word_1_383' title='bbox 1271 2483 1479 2518; x_wconf 81' lang='lat' dir='ltr'>Chi-istiuam</span> <span class='ocrx_word' id='word_1_384' title='bbox 1513 2481 1641 2516; x_wconf 89' lang='lat' dir='ltr'>ibidem</span> 
     </span>
     <span class='ocr_line' id='line_1_38' title="bbox 249 2542 1640 2593; baseline 0.005 -19"><span class='ocrx_word' id='word_1_385' title='bbox 249 2542 379 2585; x_wconf 83' lang='lat' dir='ltr'>jactari</span> <span class='ocrx_word' id='word_1_386' title='bbox 411 2552 603 2589; x_wconf 89' lang='lat' dir='ltr'>cunamque</span> <span class='ocrx_word' id='word_1_387' title='bbox 634 2554 656 2578; x_wconf 88' lang='lat' dir='ltr'>a</span> <span class='ocrx_word' id='word_1_388' title='bbox 690 2547 772 2581; x_wconf 71' lang='lat' dir='ltr'>viriS</span> <span class='ocrx_word' id='word_1_389' title='bbox 807 2551 958 2592; x_wconf 87' lang='lat' dir='ltr'>quatuor</span> <span class='ocrx_word' id='word_1_390' title='bbox 981 2549 1131 2593; x_wconf 84' lang='lat' dir='ltr'>agitari,</span> <span class='ocrx_word' id='word_1_391' title='bbox 1168 2552 1205 2583; x_wconf 85' lang='lat' dir='ltr'>ut</span> <span class='ocrx_word' id='word_1_392' title='bbox 1235 2551 1339 2583; x_wconf 80' lang='lat' dir='ltr'>citius</span> <span class='ocrx_word' id='word_1_393' title='bbox 1369 2551 1640 2583; x_wconf 85' lang='lat' dir='ltr'>consumeretur.</span> 
     </span>
    </p>
   </div>
   <div class='ocr_carea' id='block_1_3' title="bbox 540 2634 605 2638">
    <p class='ocr_par' dir='ltr' id='par_1_3' title="bbox 540 2634 605 2638">
     <span class='ocr_line' id='line_1_39' title="bbox 540 2634 605 2638; baseline 0 0"><span class='ocrx_word' id='word_1_394' title='bbox 540 2634 605 2638; x_wconf 95' lang='lat' dir='ltr'> </span> 
     </span>
    </p>
   </div>
   <div class='ocr_carea' id='block_1_4' title="bbox 324 2678 739 2709">
    <p class='ocr_par' dir='ltr' id='par_1_4' title="bbox 324 2678 739 2709">
     <span class='ocr_line' id='line_1_40' title="bbox 324 2678 739 2709; baseline 0.019 -7"><span class='ocrx_word' id='word_1_395' title='bbox 324 2678 349 2709; x_wconf 92' lang='grc' dir='ltr'>Ι)</span> <span class='ocrx_word' id='word_1_396' title='bbox 375 2678 487 2709; x_wconf 75' lang='lat' dir='ltr'>Vulgo:</span> <span class='ocrx_word' id='word_1_397' title='bbox 517 2680 574 2707; x_wconf 72' lang='lat' dir='ltr'>sin</span> <span class='ocrx_word' id='word_1_398' title='bbox 603 2687 739 2709; x_wconf 69' lang='lat' dir='ltr'>nuto-n.</span> 
     </span>
    </p>
   </div>
  </div>
 </body>
</html>
