1742 3005
247 119 320 156 13ss
575 122 669 170 (lap.
701 120 838 158 XXIX.
899 121 957 159 De
988 129 1116 160 sancta
1149 122 1282 160 Paula.

241 228 369 269 quanto
397 225 474 269 plus
500 235 538 258 se
564 224 764 269 dejiciebat,
789 228 885 259 tanto
911 226 1024 271 magis
1050 236 1071 261 a
1098 226 1236 262 Christo
1264 225 1524 262 sublevabatur.
1559 226 1627 261 La-

242 288 337 323 tebat
363 293 395 321 vt
422 300 489 323 non
515 289 661 332 latebat,
692 290 857 336 fugiendo
885 299 1009 325 vanam
1029 291 1177 337 gloriam
1205 289 1414 334 merebatur,
1442 302 1530 338 quae
1559 294 1627 327 vir>

244 358 346 388 tutem
384 357 484 400 quasi
519 355 637 389 umbra
673 357 829 401 sequitur
863 359 896 391 et
927 359 1144 402 appetitores
1178 369 1260 393 suos
1294 357 1458 392 deserens
1497 360 1630 403 appetit

241 424 484 456 contemtores.
537 421 628 456 Haec
654 432 728 456 eum
758 423 909 467 quinque
928 422 1059 458 liberos
1075 424 1257 465 edidisset,
1284 423 1499 462 Blaesillam‚
1525 434 1630 469 super

241 487 338 531 cujus
363 491 505 521 mortem
532 497 605 522 eam
638 482 778 522 Romae*
791 488 991 523 consolatus
1018 500 1111 531 sum,
1137 489 1331 532 Paulinam,
1358 499 1447 534 quae
1472 493 1626 523 sanetum

243 555 275 585 et
305 551 544 588 admirabilem
579 555 686 587 virum
728 553 981 589 Pammachium
1014 560 1047 590 et
1081 557 1253 602 propositi
1289 559 1323 590 et
1353 565 1467 589 rerum
1492 564 1629 588 suarum

244 617 383 663 reliquit
406 618 592 661 heredem,
617 610 659 653 ad
687 630 786 665 quem
812 630 918 664 super
942 623 1018 667 ejus
1044 621 1142 656 obitu
1168 632 1312 667 parvum
1340 620 1493 655 libellum
1519 619 1629 655 edidi-

243 693 338 724 mus,
372 682 615 728 Eustoehium,
652 696 741 730 quae
767 697 855 720 nune
881 688 915 720 in
940 690 1070 722 sanctis
1099 688 1185 722 locis
1211 692 1245 722 et
1273 687 1484 732 virginitatis
1510 690 1543 721 et
1571 695 1627 721 ec-

243 748 372 782 vles-iae
399 750 525 785 monile
551 752 841 795 pretiosissinnnn
868 756 941 793 est,
979 753 1155 795 Rufinam,
1183 763 1273 798 quae
1301 754 1482 786 immaturo
1511 751 1630 787 funere

245 814 334 857 pium
360 816 479 849 matris
504 817 652 850 animum
676 819 932 859 consternavit,
969 822 1002 853 et
1032 819 1066 863 ¹)
1092 818 1304 860 Toxorium,
1340 821 1420 862 post
1447 828 1547 863 quem
1567 827 1630 862 pa-

246 888 320 912 rere
346 878 473 923 desiit,
499 885 537 915 ut
560 882 777 929 intelligeres
803 893 877 918 eam
903 894 971 917 non
995 883 1053 927 diu
1078 885 1211 919 servire
1237 883 1392 918 voluisse
1418 882 1533 917 officio
1549 893 1632 917 con-

239 944 365 989 jugati.
414 944 602 993 Postquam
631 950 682 983 vir
706 950 782 995 ejus
808 953 962 984 mortuus
989 953 1064 993 est,
1099 950 1150 983 ita
1175 960 1251 984 eum
1275 949 1428 994 planxit,
1465 953 1502 983 ut
1523 959 1633 994 prope

244 1011 320 1054 ipsa
349 1016 563 1057 moreretur,
603 1015 652 1048 ita
678 1016 781 1049 etiam
807 1026 845 1050 se
869 1017 1042 1050 convertit
1067 1015 1110 1049 ad
1138 1015 1201 1050 Dei
1225 1016 1448 1058 servitutem,
1477 1019 1515 1050 ut
1541 1026 1632 1049 mor-

245 1079 310 1110 tem
339 1077 415 1122 ejus
440 1080 540 1123 quasi
566 1080 742 1115 videretur
768 1085 923 1126 optasse.
960 1101 997 1107 —-
1025 1102 1069 1107 -
1094 1102 1139 1107 ——
1170 1085 1211 1118 ἓ.
1247 1081 1336 1122 Quid
1369 1092 1455 1127 ergo
1484 1081 1633 1116 reseram

245 1142 381 1187 amplae
414 1147 449 1178 et
483 1144 610 1180 nobilis
643 1146 763 1181 domus
797 1151 831 1182 et
857 1146 1029 1193 quondam
1062 1147 1347 1192 opulentissimae
1379 1157 1497 1182 omnes
1523 1157 1634 1193 paene

246 1207 386 1243 divitias
412 1211 444 1243 in
472 1221 646 1256 pauperes
672 1215 866 1259 erogatas?
932 1212 1024 1247 Haec
1046 1212 1182 1247 Paulini
1207 1214 1364 1258 episcopi
1390 1213 1573 1248 Antioc-eni
1601 1218 1635 1248 et

247 1272 456 1319 Epiphanii,
505 1278 563 1321 qui
587 1277 728 1312 Romam
755 1283 941 1321 venerant,
991 1288 1140 1313 aceensa
1165 1279 1350 1313 virtutibus
1376 1289 1438 1324 per
1463 1285 1634 1314 momenta

247 1342 394 1384 patriam
419 1341 584 1377 deserere
609 1344 801 1390 cogitabat.
851 1344 941 1385 Quid
966 1344 1057 1378 ultra
1082 1344 1234 1379 differo?
1281 1343 1468 1379 Descendit
1487 1345 1531 1379 ad
1553 1356 1630 1390 por-

249 1411 316 1440 tum
344 1407 465 1449 fratre,
494 1411 668 1456 cognatis,
696 1409 860 1445 affinibus
888 1414 933 1453 et,
965 1409 1058 1456 quod
1084 1409 1138 1444 his
1163 1410 1274 1455 majus
1300 1414 1373 1452 est,
1402 1409 1524 1446 liberis
1552 1422 1633 1457 pro-

249 1472 474 1518 sequentibus
507 1479 540 1509 et
573 1475 874 1511 clementissimam
910 1480 1051 1511 matrem
1088 1477 1226 1510 vincere
1269 1476 1508 1520 cupientibus,
1559 1478 1633 1522 jam

248 1538 397 1573 carbasa
430 1540 663 1575 tendebantur
696 1546 729 1576 et
762 1552 932 1577 remorum
959 1541 1061 1576 ductu
1086 1543 1185 1576 navis
1210 1542 1243 1574 in
1271 1541 1375 1575 altum
1402 1542 1633 1587 protraheba-

246 1607 322 1646 tur,
364 1615 493 1648 parvus
522 1605 697 1642 Toxocius
723 1608 899 1653 supplices
924 1618 1045 1642 manus
1072 1606 1238 1642 tendebat
1263 1608 1296 1640 in
1322 1607 1460 1651 littore,
1514 1608 1635 1644 Rufina

246 1672 318 1714 jam
346 1671 487 1714 nubilis,
520 1676 555 1706 ut
578 1682 660 1707 suas
688 1677 908 1718 exspectaret
936 1675 1089 1719 nuptias,
1117 1677 1235 1708 tacens
1263 1673 1400 1708 fletibus
1426 1674 1635 1709 obsecrabat

248 1742 420 1773 et'tanien
448 1738 509 1772 illa
533 1740 645 1772 siccos
671 1739 791 1773 oeulos
826 1739 993 1774 tendebat
1017 1739 1061 1774 ad
1086 1740 1238 1782 coelum,
1288 1742 1451 1785 pietatem
1485 1741 1519 1774 in
1546 1740 1636 1774 tilios

249 1805 380 1848 pietate
406 1806 439 1837 in
466 1804 572 1838 Deum
600 1815 781 1850 superans.
813 1805 1000 1840 Nesciebat
1025 1816 1063 1840 se
1088 1809 1244 1842 matrem,
1271 1810 1307 1839 ut
1333 1805 1462 1840 Christi
1488 1816 1526 1840 se
1553 1817 1635 1851 pro·

249 1869 348 1903 haret
374 1870 555 1912 ancillam3
603 1870 858 1916 torqiwbantin·
884 1873 1019 1906 viscera
1045 1875 1079 1906 et
1100 1873 1201 1917 quasi
1229 1882 1251 1905 a
1278 1872 1350 1905 suis
1377 1870 1538 1906 membris
1565 1871 1635 1906 dis—

250 1934 482 1978 traherentur,
508 1947 582 1971 cum
608 1936 729 1971 dolore
755 1936 946 1983 pugnabat.
1019 1937 1088 1972 lloc
1114 1941 1236 1971 eontra
1255 1938 1338 1982 jura
1363 1940 1508 1971 naturae.
1535 1937 1636 1981 plena

251 1999 335 2034 tides
362 2001 580 2045 patiebatur,
630 2004 730 2036 innno
757 2002 915 2048 gaudens
941 2004 1074 2037 animus
1100 2003 1289 2048 appetebat
1312 2007 1346 2037 et
1372 2013 1521 2037 amorem
1549 2002 1638 2036 lilio-

250 2077 323 2099 rum
352 2067 482 2112 majore
513 2069 546 2101 in
572 2068 678 2102 Deum
705 2078 822 2103 amore
845 2072 1068 2104 contemnens
1095 2071 1127 2103 in
1154 2069 1231 2103 sola
1255 2068 1463 2111 Eustochio,
1490 2079 1579 2114 quae
1604 2073 1638 2104 et

251 2133 423 2176 propositi
451 2138 484 2167 et
509 2135 745 2180 navigationis
772 2135 848 2179 ejus
874 2144 989 2169 comes
1018 2138 1115 2176 erat,
1166 2134 1423 2179 acquiescebat.
1473 2134 1638 2168 Suleabat

251 2198 385 2231 interim
411 2201 511 2232 navis
537 2210 631 2233 mare
654 2204 688 2234 et
713 2201 857 2242 cunetis,
885 2201 943 2244 qui
967 2210 1041 2234 eum
1066 2210 1109 2234 ea
1130 2199 1357 2242 vehebantur,
1380 2200 1499 2233 littora
1524 2201 1637 2244 respi-

250 2262 420 2297 ‹·ientilms
447 2264 507 2298 illa
534 2274 654 2298 versos
683 2265 823 2300 tenebat
848 2265 981 2308 oeulos,
1008 2276 1049 2300 ne
1075 2265 1221 2308 videret,
1248 2264 1340 2310 quod
1365 2266 1439 2299 sine
1460 2259 1637 2300 'tormento

253 2328 369 2363 videre
405 2340 472 2363 non
506 2334 653 2374 poterat.
728 2330 879 2375 Cumque
913 2330 956 2364 ad
978 2331 1069 2364 loca
1102 2335 1216 2366 terrae
1251 2335 1392 2366 sanetae
1428 2332 1580 2366 venisset
1605 2336 1638 2365 et

251 2396 435 2438 proconsul
467 2394 708 2433 Palaestinae,
743 2398 799 2440 qui
829 2396 991 2430 sainiliain
1020 2397 1096 2441 ejus
1123 2399 1251 2442 optime
1276 2400 1443 2439 noverat,
1470 2397 1636 2441 praemis*

252 2462 299 2494 sis
326 2461 588 2506 apparitoribus
607 2462 775 2507 jussisset
799 2463 829 2496 ei
857 2471 982 2507 parare
1009 2464 1233 2507 praetorium,
1264 2462 1545 2509 elegithumilem
1569 2460 1630 2495 cel>

253 2526 368 2560 lutam.
404 2527 500 2566 Quae
526 2531 649 2561 cuncta
672 2528 749 2562 toea
778 2527 904 2562 Christi
933 2529 1157 2573 vestigiorum
1184 2532 1281 2563 tanto
1306 2528 1432 2563 ardore
1458 2536 1498 2561 ac
1524 2525 1638 2560 studio

252 2591 433 2633 circuibat,
461 2596 497 2625 nt
522 2594 587 2626 nisi
615 2593 656 2627 ad
685 2594 820 2639 reliqua
848 2594 1041 2631 festinaret,
1069 2604 1086 2628 a
1113 2596 1232 2640 primis
1260 2605 1324 2629 non
1352 2597 1470 2638 posset
1499 2591 1638 2629 abdiu-i.

357 2738 379 2762 il
403 2736 457 2764 Alii
479 2738 660 2765 'sontum
682 2738 790 2770 lugunt.
