1742 3005
537 114 632 161 Cap,
665 111 707 147 X.
779 110 835 147 De
865 110 1140 147 innocentibus.
1476 114 1528 150 63

141 217 317 258 dientiam,
347 227 408 251 nec
436 217 593 261 proximo
619 226 681 260 per
706 217 924 260 injustitiam,
950 224 1012 249 nec
1041 214 1107 249 sibi
1134 226 1196 260 per
1219 215 1368 260 aliquns
1395 221 1527 261 peccati

141 282 319 316 malitiam.
369 280 412 315 Et
436 280 514 315 ideo
542 281 667 316 dicitur
694 284 725 315 in
753 281 905 326 psalmo:
954 282 1155 316 innocentes
1187 286 1221 316 et
1246 283 1331 316 rec-ti
1357 281 1510 317 adhaese

140 351 218 381 runt
241 345 336 382 mihi.
405 346 609 381 Innocentes
634 348 669 380 in
695 349 767 381 vita
795 352 829 382 et
855 349 938 381 recti
973 349 1008 380 in
1043 347 1119 382 fide.
1195 347 1343 383 Ratione
1380 357 1525 392 poenae*

140 414 302 458 quoniam
328 415 530 450 innocenter
554 422 594 447 ae
620 414 748 458 injuste
775 414 870 457 passi
898 416 996 454 sunt,
1030 412 1119 447 unde
1144 413 1346 457 psalmista:
1397 413 1522 448 effnde

141 482 219 512 runt
243 480 446 524 sanguinem
472 480 700 512 innocentem.
772 477 920 511 Ratione
944 478 1162 511 innocentiae
1188 483 1392 520 assecutae,
1441 490 1527 523 quo-

141 545 232 578 niam
258 545 294 577 in
317 545 395 587 ipso
423 544 578 577 martirio
607 544 760 576 assecuti
786 546 865 576 sunt
896 543 929 585 ¹)
956 541 1197 586 baptismalem
1225 545 1466 587 innocentiam,
1493 546 1526 578 id

140 614 194 644 est
218 608 262 642 ab
294 607 458 653 originali
494 611 638 652 pecca-to
672 606 895 650 munditiam,
943 607 984 642 de
1017 618 1086 653 qua
1113 610 1311 643 innocentia
1345 609 1470 643 dicitur
1495 612 1526 643 in

140 674 294 719 psalmo:
318 673 455 708 custodi
484 674 714 707 innocentiam
741 677 775 707 et
802 672 880 707 vide
907 674 1131 718 aequitatem,
1158 673 1193 707 id
1220 678 1285 715 est,
1313 674 1449 708 custodi
1475 676 1524 709 in*

139 741 333 774 nocentiam
365 739 588 784 baptismatis
623 743 657 773 et
691 738 908 783 postmodum
943 738 1022 773 vide
1056 741 1268 785 aequitatem
1303 739 1416 774 bonae
1443 751 1525 785 ope*

138 807 295 840 rationis.

228 875 266 908 1.
291 870 496 906 Innocentes
523 869 566 904 ab
595 869 730 904 Herode
756 870 961 912 Ascalonita
985 870 1159 905 interfecti
1185 875 1274 904 sunt.
1324 870 1412 905 Tres
1439 874 1526 905 enim

140 937 295 972 Herodes
331 947 433 971 sacra
466 938 639 981 scriptura
671 924 936 978 commemorat,
989 946 1076 981 quos
1111 936 1266 970 famosos
1301 936 1381 970 fecit
1410 948 1525 971 eorum

139 1003 340 1038 crudelitas.
396 1001 530 1036 Primus
554 1001 664 1035 dictus
691 1006 744 1036 est
770 1001 924 1036 Herodes
948 1002 1171 1036 Ascalonita.
1222 1001 1286 1035 sub
1323 1013 1390 1047 quo
1418 1002 1526 1036 domi-

140 1079 204 1103 nus
227 1073 328 1102 natus
356 1072 409 1102 est
436 1072 469 1102 et
497 1076 519 1101 a
544 1078 611 1112 quo
639 1069 736 1112 pueri
763 1069 866 1101 occisi
893 1072 982 1101 sunt.
1041 1067 1221 1101 Secundus
1246 1068 1356 1102 dictus
1384 1073 1435 1103 est
1461 1069 1525 1103 He-

140 1134 243 1169 rodes
267 1135 439 1179 Antipas,
483 1134 541 1179 qui
566 1132 757 1169 Johafflem
784 1133 982 1167 decollavit.
1032 1132 1183 1170 Tertius,
1204 1133 1314 1168 dictus
1339 1138 1392 1167 est
1417 1134 1523 1169 lleross

139 1200 200 1235 des
225 1200 400 1246 Agrippa,
425 1201 484 1245 qui
509 1198 675 1234 Jacobum
706 1199 833 1234 occidit
858 1204 891 1234 et
916 1198 1054 1234 Petrum
1080 1201 1327 1242 incarceravit,
1370 1200 1459 1235 unde
1483 1200 1525 1234 de

137 1265 206 1300 hoc
227 1269 367 1301 exstant
391 1276 534 1301 versus:

358 1332 563 1366 Ascalonita
590 1335 691 1364 necat
715 1341 855 1375 pueros,
881 1332 1011 1376 Antipa
1034 1330 1228 1367 Johannem

353 1396 515 1442 Agrippa
540 1395 719 1438 Jacobum,
748 1396 913 1430 claudens
939 1398 974 1430 in
999 1406 1139 1430 carcere
1165 1394 1314 1430 Petrum.

140 1461 210 1496 Sed
245 1461 346 1506 primi
380 1460 528 1495 Herodis
561 1460 752 1506 lij‘storiam
780 1461 935 1496 breviter
961 1461 1150 1496 videamus.
1222 1462 1408 1506 Antipater
1433 1461 1524 1497 Ydu-

139 1518 277 1569 inacus,
327 1527 420 1560 utin
448 1525 606 1570 hystoria
640 1526 851 1561 scholastica
876 1528 1025 1572 legitur,
1072 1531 1209 1571 neptem
1243 1529 1339 1572 regis
1371 1528 1524 1562 Arabum

138 1592 237 1626 duxit
260 1601 440 1633 uxorem„
469 1601 511 1625 ex
537 1602 605 1636 qna
629 1592 733 1626 filium
760 1592 900 1634 habuit,
943 1604 1041 1638 quem
1074 1594 1213 1627 vocavit
1237 1592 1426 1635 Herodem,
1467 1596 1524 1639 qui

140 1656 324 1702 postmodo
347 1656 552 1693 Ascalonita
577 1657 688 1691 dictus
715 1662 778 1692 est.
852 1658 911 1693 llic
947 1668 969 1692 a
1002 1659 1155 1693 Caesare
1186 1659 1346 1704 Augusto
1382 1670 1524 1704 regumn

138 1722 295 1759 Judaeae
327 1724 462 1767 accepit
494 1727 529 1757 et
557 1727 637 1757 tunc
672 1725 829 1768 primitus
854 1729 1025 1770 sceptrum
1051 1724 1205 1758 ablatum
1231 1728 1285 1759 est
1310 1724 1352 1758 de
1377 1724 1522 1759 judaea.

140 1789 224 1824 Huic
248 1799 311 1824 sex
333 1788 395 1822 tilii
418 1774 491 1822 n⁸ati
516 1793 614 1831 sunt,
640 1789 773 1824 scilicet
796 1791 1002 1835 Antipater,
1029 1789 1250 1831 Alexander,
1286 1790 1522 1829 Aristobulus,

139 1853 354 1896 Archelaus,
402 1853 558 1889 Herodes
585 1855 734 1900 Antipas
759 1860 793 1890 et
816 1855 1008 1900 Philippus
1081 1855 1317 1890 Alexandrum
1350 1860 1464 1890 autem
1492 1862 1525 1891 et

139 1919 377 1955 Aristobulum
412 1930 456 1954 ex
480 1919 600 1955 eadem
627 1925 736 1956 matre
759 1921 895 1957 ,Iudaea
921 1923 1060 1967 genitos
1084 1921 1224 1956 Romam
1252 1923 1345 1955 misit
1367 1922 1524 1957 liberali-

138 1985 204 2020 bus
229 1985 364 2020 artibus
388 1985 609 2021 imbuendos:
637 1990 718 2031 post
742 1986 806 2022 hoc
832 1997 852 2021 a
876 1987 1001 2022 studiis
1028 1986 1205 2022 redierunt
1229 1992 1263 2022 et
1281 1988 1523 2023 cratAlexan-

139 2051 202 2086 der
227 2052 263 2096 ²)
288 2053 532 2098 grammaticus
547 2079 555 2095 ‚
593 2052 815 2088 Aristobulus
840 2057 954 2088 autem
979 2054 1168 2088 acerrimus
1192 2057 1399 2097 perorator,
1431 2054 1523 2098 Jam-

140 2128 206 2163 que
233 2118 268 2162 s)
293 2117 508 2163 frequentius
533 2117 576 2153 de
600 2120 821 2164 susceptione
846 2120 945 2165 regni
968 2128 1043 2152 cum
1062 2122 1162 2164 patre
1178 2118 1432 2163 disceptabant.
1469 2119 1523 2154 Ab

95 2183 108 2195 ’
139 2182 205 2218 hoe
228 2187 330 2228 pater
354 2184 507 2219 offensus
531 2185 748 2230 Antipatrem
773 2185 844 2219 illis
871 2194 1090 2229 praeponere
1122 2184 1331 2231 satagebat,
1380 2194 1523 2230 cumque

141 2248 192 2283 illi
217 2249 259 2284 de
290 2253 400 2284 morte
433 2251 546 2294 patris
579 2254 791 2285 tractassent
817 2255 851 2286 et
880 2250 923 2284 ob
950 2249 1015 2285 hoc
1041 2261 1062 2285 a
1086 2255 1186 2296 patre
1212 2251 1335 2295 rejecti
1362 2249 1521 2291 fuissent,

141 2313 327 2349 Gaesarem
351 2314 480 2349 adeunt
503 2315 545 2351 de
571 2317 682 2360 patris
707 2317 836 2362 injuria
859 2319 1096 2362 conquesturi.
1152 2316 1290 2351 Interea
1324 2317 1415 2360 magi
1439 2315 1523 2350 Jhe-

139 2379 339 2412 rosolimam
361 2381 502 2414 veniunt
525 2385 560 2415 et
583 2381 625 2416 de
651 2385 730 2416 ortu
753 2384 834 2416 novi
860 2384 956 2428 regis
976 2382 1179 2427 diligentius
1192 2382 1431 2416 sciscitantur:
1456 2379 1523 2414 He-

140 2443 244 2478 rodes
269 2443 336 2477 hoc
361 2443 507 2479 audiens
531 2446 756 2489 perturbatur
779 2449 917 2489 timens,
941 2457 984 2480 ne
1010 2447 1052 2481 de
1078 2456 1237 2480 verorum
1260 2455 1381 2490 regum
1393 2455 1523 2490 genere

140 2508 268 2554 aliquis
293 2512 396 2542 natus
421 2513 535 2551 esset,
586 2512 645 2555 qui
670 2521 746 2546 eum
770 2516 946 2556 tamquam
971 2512 1072 2557 regni
1098 2513 1294 2545 invasorem
1321 2509 1521 2555 repelleret.

205 2633 233 2665 1)
252 2632 306 2659 Ed.
325 2632 419 2660 l’rinc.
438 2632 570 2667 pessime
589 2631 676 2664 legit:
695 2633 714 2659 b
724 2632 734 2659 l
744 2642 759 2659 a
769 2641 807 2668 sp
819 2633 836 2659 11
847 2641 862 2659 e
873 2642 901 2659 m
911 2642 927 2659 a
937 2633 946 2659 l
957 2642 1019 2662 em.
1122 2634 1151 2667 2)
1169 2632 1360 2666 Antiquiores
1381 2631 1518 2659 omittunt

140 2677 231 2703 verba
252 2677 527 2709 grammaticus
547 2691 577 2697 -—
597 2680 729 2704 autem.
814 2695 817 2697 -
856 2678 883 2710 3)
902 2671 1050 2712 pro¹voce
1070 2677 1321 2712 frequentius
1341 2676 1520 2704 recentiores

138 2721 250 2749 malunt
269 2721 321 2749 iib
332 2731 347 2746 Ρ
358 2721 389 2749 ri
415 2721 619 2749 licentius.
