1742 3005
427 132 521 180 Cap.
554 130 638 167 ΧΙΙ.
700 129 756 165 De.
788 135 916 165 sancto
949 127 1143 165 Silvestre.
1426 130 1476 166 75

93 245 178 281 ergo
203 235 318 277 alium,
345 244 446 280 quam
472 245 570 280 quem
599 236 699 279 virgo
721 235 892 278 concepit,
922 234 978 278 qui
1006 231 1086 267 selle
1112 236 1165 266 est
1190 231 1340 274 cibatus⁷
1366 236 1475 277 spinis

93 304 301 342 coronatus,
339 301 541 341 crucifixus,
577 303 732 334 mortuus
763 303 796 333 et
821 298 999 343 sepultus.
1028 299 1085 342 qui
1112 299 1262 332 sui-rexit
1289 307 1310 332 a
1334 301 1477 332 mortuis

95 369 129 401 et
153 366 197 400 ad
224 366 342 401 coc-los
371 365 565 401 adscendit.
630 365 727 400 Tunc
751 364 997 400 Constantinus
1023 365 1094 398 ait:
1134 365 1164 397 si
1193 363 1297 398 alium
1324 374 1391 398 non
1416 364 1476 400 de-

95 431 205 473 derit,
233 433 322 466 sciat
345 442 383 467 se
408 435 618 477 superatum.
670 429 769 470 Quod
793 439 867 463 cum
894 428 1010 463 facere
1036 438 1103 462 non
1129 433 1270 473 posset,
1304 429 1359 464 hic
1382 440 1476 465 amo-

95 500 194 531 vetur
213 500 247 532 et
271 498 432 542 quintus,
468 498 526 542 qui
552 500 587 531 et
610 495 741 537 Doeth,
777 494 995 539 producitur,
1039 495 1098 538 qui
1122 495 1190 526 ait:
1225 495 1255 527 si
1283 505 1325 529 ex
1349 498 1478 532 semine

93 562 206 597 David
232 561 391 597 Christus
415 565 516 595 natus
541 565 636 596 esset
660 564 694 595 et
721 559 974 596 sanctificatus,
1018 564 1053 592 ut
1079 557 1214 600 dicitis,
1250 570 1336 605 ergo
1362 560 1477 606 bapti-

95 628 167 661 zari
192 637 259 661 non
285 625 425 668 debuit,
463 627 640 660 utiterum
666 625 953 659 sanctificaretur.
1001 623 1056 658 Ad
1080 633 1179 668 quem
1206 624 1393 661 Silvester:
1431 630 1477 662 si-

93 696 151 726 cut
181 692 395 726 circumcisio
427 692 463 725 in
498 689 628 726 Christi
662 691 923 724 circumcisione
956 689 1055 723 finem
1087 691 1242 734 accepit,
1290 693 1340 725 ita
1362 694 1480 727 no'stei·

93 756 287 802 baptismus
311 757 347 790 in
371 755 501 791 Christi
524 755 736 802 baptismate
763 757 896 789 initium
921 756 1206 791 sanctificationis
1231 756 1374 799 habuit3
1411 768 1478 792 non

94 832 180 869 ergo
205 821 406 877 baptizatus
432 825 562 865 est‚¹ut
587 821 874 863 sanctificaretur,
901 821 963 856 sed
986 825 1023 855 ut
1038 822 1283 858 sanctificaret.
1320 823 1478 864 Quicum

94 891 247 930 taceret,
273 889 324 922 ait
348 887 614 922 Constantinus:
641 898 709 921 non
733 891 867 922 taceret
891 886 1025 929 Doeth,
1060 889 1088 921 si
1118 887 1265 923 haberet
1289 891 1478 930 contraria,

95 947 186 999 ‘quae
210 953 396 998 proferret.
445 952 543 987 Tunc
568 958 708 995 sextus,
735 955 793 998 qui
822 957 856 987 et
883 952 1010 995 Chusi,
1047 955 1116 987 ait:
1156 953 1323 989 vellemus
1348 958 1385 988 ut
1410 955 1479 989 Sil-

95 1022 210 1053 vester
232 1018 291 1053 ille
316 1027 442 1053 causas
465 1017 568 1064 hujus
595 1019 778 1064 virginalis
805 1022 926 1063 partus
951 1017 1052 1052 nobis
1067 1023 1271 1063 exponeret.
1308 1020 1363 1054 Ad
1380 1031 1478 1066 quem

94 1084 280 1120 Silvester:
303 1087 412 1126 terra,
439 1083 482 1119 de
508 1094 578 1130 qua
602 1084 714 1119 Adam
740 1072 908 1118 formatus
935 1088 1000 1125 est,
1026 1086 1229 1129 incorrupta
1252 1089 1329 1120 erat
1353 1090 1386 1120 et
1408 1088 1478 1120 vir-

94 1162 162 1198 go,
200 1151 284 1196 quia
307 1159 370 1184 nee
396 1160 434 1185 se
460 1149 504 1184 ad
526 1149 713 1185 bibendum
750 1149 932 1184 humanum
971 1152 1179 1195 sanguinem
1205 1155 1393 1195 aperuerat
1417 1162 1479 1186 nec

93 1216 367 1252 maledictionem
403 1216 580 1261 spinarum
611 1219 816 1261 acceperat,
860 1225 922 1249 nee
946 1214 1094 1250 hominis
1118 1218 1243 1250 mortui
1267 1217 1479 1262 sepulturam

94 1282 260 1324 habebat,
283 1292 346 1317 nee
362 1284 391 1325 ¹)
416 1283 570 1326 serpenti
597 1282 679 1316 data
705 1281 820 1315 suerat
843 1280 887 1315 ad
913 1280 1092 1316 edendum.
1138 1281 1301 1325 Oportuit
1325 1293 1411 1328 ergo
1439 1295 1479 1318 ex

94 1348 212 1384 Maria
237 1348 373 1393 virgine
396 1357 522 1381 novum
552 1346 663 1382 Adam
690 1347 778 1388 fieri,
803 1350 839 1380 ut
865 1347 954 1380 sicut
977 1357 1122 1391 serpens
1150 1350 1266 1380 natum
1288 1357 1330 1381 ex
1347 1349 1481 1394 virgine

95 1415 248 1456 vicerat,
275 1415 325 1447 sie
350 1423 371 1447 a
396 1417 478 1447 nato
505 1423 548 1447 ex
573 1413 710 1457 virgine
737 1413 944 1454 vinceretur,
970 1415 1004 1446 et
1031 1413 1089 1457 qui
1112 1411 1212 1446 Adae
1236 1414 1349 1448 victor
1373 1416 1481 1448 exsti-

96 1483 136 1514 tit
158 1482 194 1514 in
221 1478 411 1524 paradiso,
444 1478 534 1512 idem
559 1481 714 1512 tentator
739 1476 850 1510 sactus
876 1481 929 1511 est
955 1476 1084 1510 domini
1110 1479 1144 1510 in
1170 1477 1330 1519 deserte,
1363 1482 1398 1512 ut
1424 1482 1479 1524 qui

95 1545 206 1580 Adam
229 1546 361 1578 vicerat
385 1543 668 1583 manducantem,
717 1544 912 1576 vinceretur
938 1552 959 1576 a
987 1541 1124 1576 domino
1148 1544 1343 1587 jeJunante.
1410 1544 1481 1579 Hoc

94 1613 260 1655 superato
286 1610 470 1654 septimus,
505 1609 563 1653 qui
589 1611 622 1642 et
646 1607 844 1652 BenJamin,
871 1609 941 1641 ait:
977 1608 1149 1652 quomodo
1181 1607 1340 1642 Christus
1366 1614 1483 1645 vester

95 1676 185 1710 filius
210 1675 274 1710 Dei
299 1685 377 1709 esse
404 1677 533 1719 potest,
564 1675 622 1719 qui
639 1682 661 1707 a
685 1672 835 1717 dyabolo
863 1674 989 1707 tentari
1015 1675 1141 1718 potuit,
1165 1678 1203 1707 ut
1226 1674 1328 1708 modo
1344 1677 1377 1709 in
1393 1676 1482 1711 fame

95 1751 219 1786 panem
245 1751 288 1775 ex
313 1738 489 1785 lapidibus
517 1739 633 1774 facere
660 1742 862 1784 urgeretur,
906 1739 1007 1773 modo
1038 1741 1070 1772 in
1096 1739 1214 1785 templi
1241 1740 1481 1777 celsitudinem

94 1808 291 1847 levaretur,
336 1804 439 1839 modo
465 1804 510 1839 ad
534 1804 748 1838 adorandum
774 1805 885 1848 ipsum
913 1803 1098 1849 dyabolum
1125 1805 1356 1840 induceretur.
1429 1807 1482 1841 Ad

96 1871 188 1917 quod
213 1871 402 1905 Silvester:
427 1872 458 1904 si
483 1869 669 1915 dyabolum
694 1880 780 1916 ergo
810 1871 911 1905 vicit,
941 1871 1025 1915 quia
1049 1870 1093 1904 ab
1119 1870 1229 1905 Adam
1255 1871 1484 1907 manducante

95 1941 149 1971 est
172 1936 331 1978 auditus,
380 1939 518 1970 constat
541 1935 620 1971 ideo
646 1947 721 1971 eum
748 1946 827 1970 esse
855 1939 1075 1980 superatum,
1114 1938 1197 1982 quia
1219 1942 1273 1972 est
1297 1947 1319 1972 a
1345 1937 1483 1973 Christo

90 2003 273 2048 jejunante
306 2004 509 2036 contemtus.
580 2001 653 2036 Nos
685 2006 800 2037 autem
836 2013 903 2036 non
937 2004 971 2035 in
1005 2007 1169 2047 quantum
1194 2002 1310 2045 Deus,
1361 2003 1422 2038 sed
1450 2006 1483 2038 in

95 2071 259 2113 quantum
284 2067 406 2109 homo,
449 2077 525 2101 eum
548 2071 716 2102 tentatum
742 2078 821 2104 esse
847 2068 1005 2103 fatemur.
1053 2067 1135 2102 Ideo
1161 2072 1275 2103 autem
1299 2068 1485 2113 tripliciter

96 2138 150 2169 est
175 2137 351 2175 tentatus,
394 2137 432 2167 ut
458 2132 600 2167 anobis
626 2143 745 2168 omnes
770 2136 983 2169 tentationes
1008 2133 1227 2175 excluderet,
1279 2137 1313 2168 et
1339 2133 1482 2168 formam

95 2198 255 2234 vincendi
288 2198 399 2233 daret.
473 2197 589 2244 Saepe
618 2209 767 2245 namque
803 2201 837 2233 in
871 2199 1009 2234 homine
1044 2200 1225 2233 victoriam
1250 2198 1484 2234 abstinentiae

95 2266 254 2309 sequitur
284 2266 431 2298 tentatio
466 2263 637 2299 humanae
670 2265 809 2311 gloriae
843 2269 879 2300 et
902 2266 1127 2300 tentationem
1152 2264 1325 2300 humanae
1348 2266 1484 2311 gloriae

95 2330 271 2373 appetitus
296 2328 436 2364 dominii
463 2334 497 2365 et
524 2330 753 2365 excellentiae
778 2332 974 2366 comitatur.
1044 2330 1126 2365 Ideo
1152 2340 1173 2365 a
1199 2330 1339 2366 Christo
1364 2330 1405 2364 de
1430 2329 1484 2364 liis

96 2394 264 2434 vincitur,
315 2398 352 2427 ut
377 2394 538 2429 vincendi
563 2394 664 2430 nohis
685 2396 797 2430 forma
821 2396 978 2431 donetur.
1036 2396 1107 2430 Isto
1133 2399 1299 2440 superato
1326 2398 1483 2435 octavus,

96 2460 153 2504 qui
179 2462 214 2493 et
238 2458 358 2499 Aroel,
385 2460 451 2492 ait:
475 2463 635 2501 constat,
663 2462 746 2505 quia
770 2461 861 2495 Deus
889 2471 1019 2495 summe
1044 2460 1220 2504 perfectus
1246 2463 1317 2502 est,
1346 2464 1380 2494 et
1405 2461 1485 2494 nul-

95 2525 162 2559 lius
199 2523 351 2569 indiget:
401 2523 482 2568 quid
518 2534 604 2569 ergo
630 2526 662 2558 ei
688 2536 776 2570 opus
803 2525 888 2566 suit,
939 2528 975 2559 ut
1010 2528 1214 2560 nasceretur
1249 2527 1280 2559 in
1316 2525 1486 2560 Clu-isto?

94 2588 273 2629 Quomodo
307 2590 429 2623 iterum
462 2588 633 2623 Christum
668 2589 809 2624 verbum
838 2590 1028 2634 appellas?
1099 2590 1168 2625 Sed
1194 2596 1227 2626 et
1247 2591 1312 2625 lioc
1337 2595 1486 2626 constat.

166 2734 192 2766 1)
213 2732 264 2759 Ed.
286 2732 378 2760 Princ.
399 2733 463 2760 loco
485 2733 566 2759 vocis
586 2742 672 2767 §erp
684 2742 698 2757 ν
709 2733 762 2759 nti
784 2732 872 2764 legii:
902 2738 1050 2768 sponte.
