1742 3005
298 115 380 158 734
472 94 568 167 Cap.x
599 113 771 151 CLXlll.
810 111 869 149 De
898 110 1260 148 commemoratione
1290 109 1516 147 animarum.

301 221 438 254 fluvium
464 216 660 255 laberetur,
689 215 781 258 justi
805 224 887 248 vero
915 215 1194 260 securossgressu
1217 212 1262 246 ad
1286 212 1365 248 loca
1387 222 1535 248 amoena
1560 221 1686 256 perve-

300 286 424 318 nirent.
471 280 592 325 Ibique
617 278 811 325 quendam,
839 278 977 315 Petrum
1003 280 1159 320 nomine,
1196 277 1357 313 deorsum
1383 280 1533 323 positum
1559 289 1686 325 magno

301 350 383 384 ferri
418 345 572 392 pondere
607 345 750 391 ligatum
787 355 825 380 se
861 345 991 379 vidisse
1033 345 1208 387 asseruit,
1257 345 1314 390 qui
1362 343 1442 378 dum
1480 347 1687 390 requireret,

299 425 360 449 cur
386 413 466 447 illuc
492 415 604 452 esset,
637 411 764 445 dictum
792 415 846 445 est
875 412 926 446 ei:
962 410 1029 445 hoe
1054 410 1186 445 idcirco
1211 411 1362 455 patitur,
1400 411 1501 455 quia,
1539 411 1570 444 si
1605 409 1687 455 quid

300 483 333 515 ei
367 490 429 525 pro
465 476 629 512 facienda
663 477 794 512 ultione
823 476 1033 522 jubebatur,
1071 476 1117 511 ad
1152 475 1355 511 inferendas
1391 475 1517 521 plagas
1543 475 1621 519 plus
1648 486 1689 510 ex

299 545 520 581 crudelitatis
555 542 732 577 desiderio
767 553 869 588 quam
905 542 1107 577 obedientia
1131 541 1320 577 serviebat.
1368 540 1421 577 Ibi
1454 542 1556 576 etiam
1582 552 1689 586 quen-

302 613 377 646 dam
415 610 637 655 peregrinum
674 618 712 642 se
737 608 869 643 vidisse
902 608 1099 649 fatebatur,
1133 610 1190 653 qui
1222 607 1265 642 ad
1300 607 1517 653 praedictum
1551 612 1690 652 pontem

304 678 446 712 veniens
471 679 569 709 tanta
594 684 668 708 eum
694 676 904 709 auctoritate
928 675 1103 715 transivit,
1130 677 1260 718 quanta
1285 673 1340 708 hic
1366 675 1567 708 sinceritate
1594 673 1690 708 vixit.

303 743 403 778 Alter
435 751 537 781 vero,
572 738 772 783 Stephanus
807 740 966 779 nomine,
1004 739 1082 773 dum
1116 740 1269 774 transire
1295 739 1485 781 voluisset,
1527 740 1604 784 ejus
1629 749 1692 783 pes

303 809 424 853 lapsus
460 810 513 841 est
545 815 587 839 ex
622 803 735 838 medio
771 814 920 848 corpore
954 807 987 837 et
1014 805 1087 849 Jam
1124 808 1225 838 extra
1260 809 1398 848 pontem
1431 805 1590 849 dejectus
1625 808 1691 840 est.

304 873 405 908 Tunc
435 882 455 906 a
481 869 689 917 quibusdam
715 870 904 904 teterrimis
933 871 1014 903 viris
1042 879 1084 904 ex
1104 869 1240 903 flumine
1261 869 1487 915 surgentibus
1503 880 1567 914 per
1584 880 1692 904 coxas

304 939 467 974 deorsum
503 940 607 981 atque
641 945 662 969 a
695 934 901 980 quibusdam
937 935 1066 970 albatis
1103 939 1137 970 et
1162 936 1437 980 speciosissimis
1468 936 1550 970 viris
1577 937 1694 980 coepit

305 1016 368 1051 per
399 1003 546 1038 brachia
576 1001 668 1035 trahi
705 1011 861 1043 sursum,
900 1011 1045 1045 cumque
1079 1000 1168 1035 baec
1203 1001 1348 1036 luctatio
1385 1000 1503 1044 fieret,
1545 1003 1593 1044 is,
1636 1003 1695 1046 qui

307 1069 471 1111 videbat,
498 1067 542 1102 ad
568 1077 694 1111 corpus
721 1066 872 1109 redibat,
901 1070 935 1101 et
967 1068 1043 1112 quis
1070 1068 1102 1100 in
1130 1067 1190 1100 illo
1218 1067 1345 1101 occulti
1371 1068 1508 1102 arbitrii
1535 1069 1693 1102 exanime

305 1136 515 1174 obtinuerit,
551 1134 640 1167 scire
676 1143 743 1166 non
770 1132 889 1166 valuit.
939 1132 1069 1177 Inque
1097 1132 1200 1166 datur
1234 1132 1401 1178 intelligi,
1437 1132 1531 1178 quod
1565 1135 1599 1168 in
1635 1134 1696 1168 ille

305 1201 397 1236 mala
431 1200 547 1234 carnis
582 1209 658 1233 cum
700 1197 966 1232 elemosinarum
1005 1198 1195 1244 largitione
1228 1198 1421 1233 certabant.
1472 1198 1572 1239 Quod
1607 1201 1695 1234 enim

306 1279 369 1312 per
411 1275 518 1300 coxas
557 1264 737 1305 deorsum,
790 1274 854 1308 per
905 1263 1052 1298 brachia
1100 1262 1346 1298 attrahebatur
1393 1274 1549 1307 sursum,
1601 1269 1698 1310 patet

306 1334 484 1373 nimirum,
535 1332 616 1376 quia
647 1334 681 1365 et
713 1330 924 1365 elemosinas
964 1333 1143 1363 amaverat
1179 1333 1213 1363 et
1248 1330 1364 1363 earnis
1408 1331 1501 1364 vitiis
1539 1330 1697 1375 perfecte

305 1409 374 1433 non
405 1399 596 1432 restiterat.
647 1396 747 1436 Quod
778 1400 892 1430 autem
926 1397 1065 1430 tertium
1108 1405 1220 1441 genus
1254 1394 1521 1441 suffragiorum,
1563 1396 1699 1432 scilieet

307 1474 430 1498 sacrae
465 1462 604 1496 hostiae
635 1462 845 1503 immolatio,
892 1461 1074 1506 plurimum
1114 1461 1288 1496 defunctis
1329 1462 1462 1506 prosit,
1502 1471 1544 1495 ex
1581 1461 1697 1496 multis

308 1530 476 1574 exemplis
502 1531 662 1573 apparet.
710 1527 832 1563 Refert
857 1529 965 1573 igitur
991 1526 1182 1573 Gregorius
1210 1528 1243 1562 in
1267 1526 1433 1563 1V.1ibr0
1456 1525 1696 1573 dyalogorum,

307 1596 422 1643 quod,
459 1605 531 1629 cum
568 1593 708 1639 quidam
742 1593 932 1628 monachus
959 1604 1062 1635 suus,
1095 1594 1232 1628 nomine
1256 1592 1399 1636 Justus,
1434 1592 1479 1627 ad
1507 1598 1693 1628 extremum

307 1664 450 1698 veniens
482 1665 555 1694 tres
591 1669 629 1693 se
663 1659 820 1693 occultos
847 1669 973 1694 aureos
1001 1659 1195 1694 indicasset
1219 1658 1351 1694 habere
1377 1663 1412 1694 et
1438 1659 1482 1694 de
1507 1658 1574 1694 hoc
1597 1661 1698 1706 inge-

307 1730 456 1763 miscens
483 1729 639 1760 mortuus
664 1724 811 1767 fuisset,
847 1727 1029 1770 praecepit
1054 1724 1248 1771 Gregorius
1284 1725 1474 1768 fratribus,
1507 1729 1543 1759 ut
1570 1735 1696 1770 eorpus

308 1796 385 1840 ejus
417 1803 491 1827 cum
525 1790 638 1826 tribus
663 1792 781 1826 aureis
813 1792 844 1825 iu
870 1791 1093 1836 sterquilinio
1124 1790 1317 1836 sepelirent
1342 1791 1517 1826 diceutes:
1548 1791 1697 1834 pecunia

306 1863 367 1893 tua
393 1862 505 1892 tecum
531 1859 577 1891 sit
603 1858 637 1890 in
662 1857 872 1901 perditione.
923 1857 1078 1891 Tandem
1105 1856 1239 1890 cuidam
1267 1866 1285 1889 e
1313 1855 1480 1889 fratribus
1505 1854 1696 1901 Gregorius

307 1924 501 1970 praecepit,
531 1926 693 1966 utusque
713 1922 756 1955 ad
776 1921 877 1955 XXX
896 1921 971 1956 dies
992 1922 1083 1955 omni
1100 1921 1157 1955 die
1172 1931 1236 1965 pro
1256 1931 1298 1956 eo
1317 1920 1466 1955 hostiam
1488 1920 1694 1955 immolaret.

308 1991 373 2030 Qui
390 1999 464 2023 cum
480 1989 584 2033 jussa
604 1988 825 2032 complesset,
850 1989 892 2028 is,
921 1988 980 2031 qui
1000 1986 1182 2021 defunctus
1214 1986 1340 2028 fuerat,
1373 1987 1406 2020 iu
1437 1985 1492 2020 die
1521 1987 1697 2021 tricesima

308 2055 442 2090 cuidam
462 2054 562 2087 fratri
583 2054 758 2097 apparuit.
810 2052 916 2097 Quem
938 2052 1048 2086 frater
1066 2053 1252 2096 requisivit
1270 2052 1410 2087 dicens:
1433 2052 1607 2097 quomodo
1628 2062 1666 2087 es
1680 2054 1697 2088 ἶ)

307 2121 370 2155 (lui
396 2120 455 2153 illc
487 2118 686 2163 respondit:
713 2128 801 2152 nunc
826 2128 937 2162 usque
963 2117 1051 2152 male
1081 2117 1147 2161 fui,
1177 2118 1240 2153 sed
1262 2119 1335 2163 jam
1363 2117 1465 2153 modo
1492 2118 1582 2153 bene
1609 2128 1695 2160 suin,

306 2189 389 2233 quia
422 2185 525 2219 hodie
559 2185 830 2218 communionem
865 2185 995 2228 recepi.
1050 2183 1143 2219 Haec
1181 2187 1295 2219 autem
1330 2183 1469 2219 hostiae
1503 2183 1695 2218 iunuolatio

306 2264 375 2287 non
406 2251 517 2286 solum
551 2252 716 2289 mortuis,
757 2249 819 2285 sed
865 2251 968 2285 etiam
1005 2251 1091 2285 vivis
1127 2250 1308 2294 plurimum
1344 2250 1522 2294 profuisse
1557 2250 1697 2284 inventa

306 2322 370 2354 est.
420 2316 567 2357 Quidam
601 2325 768 2360 namque,
812 2326 886 2350 cum
928 2317 963 2350 iu
1005 2315 1154 2361 quadam
1187 2326 1271 2360 rupe
1307 2318 1489 2362 argeutum
1522 2314 1696 2358 foderent,

305 2384 423 2419 subito
464 2392 569 2427 rupes
612 2381 739 2416 cecidit
775 2385 809 2415 et
854 2381 1010 2416 funditus
1046 2386 1188 2415 cunctos
1227 2381 1404 2416 exstinxit.
1453 2379 1548 2415 Unus
1581 2384 1694 2416 autem

307 2459 425 2484 eorum
458 2448 582 2482 subtus
616 2449 650 2482 in
683 2446 832 2492 quodam
866 2449 943 2482 sinu
980 2449 1090 2492 ipsius
1125 2449 1222 2492 rupis
1257 2451 1401 2483 mortem
1441 2449 1575 2490 evasit,
1614 2445 1695 2480 iude

306 2519 419 2550 tamen
446 2515 543 2549 exire
568 2525 635 2548 non
663 2514 783 2547 valuit.
832 2513 925 2548 Uxor
949 2518 1062 2549 autem
1091 2514 1205 2556 illius,
1239 2524 1315 2549 eum
1350 2513 1545 2549 defunctum
1571 2512 1692 2546 existi—

307 2590 423 2622 maus,
459 2582 548 2614 omui
584 2581 641 2614 die
679 2591 741 2624 pro
769 2590 810 2613 eo
837 2580 976 2614 missam
1006 2580 1176 2615 celebrari
1206 2579 1359 2614 faciebat
1386 2583 1420 2614 et
1444 2587 1565 2623 panem
1594 2588 1693 2611 uuum

307 2649 341 2678 et
366 2657 503 2680 urceum
532 2647 600 2680 vini
626 2657 699 2680 eum
727 2646 874 2680 eainlela
901 2645 1058 2691 quotidie
1084 2645 1267 2681 offerebat.
1318 2644 1380 2679 Cui
1405 2642 1577 2688 dyabolus
1606 2644 1693 2677 imi-

307 2711 391 2746 dens
427 2722 489 2754 per
521 2716 591 2746 tres
622 2712 698 2747 dies
732 2713 918 2746 rmilinuos
951 2711 1062 2747 eidem
1090 2714 1124 2746 in
1152 2712 1261 2746 formu
1289 2710 1437 2744 humana
1462 2711 1626 2754 apparuit
1662 2714 1693 2744 et
