1742 3005
334 82 429 131 Cap.
458 80 596 118 XCIX.
658 80 716 117 De
754 87 883 117 sancto
919 79 1061 116 Jacobo
1093 79 1248 129 majore.
1404 76 1486 115 429

98 186 282 221 liberatus.
330 185 414 221 Cum
446 186 554 227 enim,
588 183 680 230 quod
716 183 931 225 monebatis,
969 183 1086 219 facere
1119 183 1263 225 vellem,
1297 183 1486 239 daemones

98 251 143 285 ad
169 261 221 285 me
247 255 412 286 venerunt
437 261 490 285 nie
515 255 582 284 tam
609 252 767 297 graviter
792 252 1093 294 constringentes,
1120 254 1155 284 ut
1180 249 1289 290 nihil,
1324 249 1416 295 quod
1442 248 1486 283 ad

98 316 244 351 salutem
269 318 405 351 animae
430 318 642 361 pertineret,
678 317 899 361 aliquatenus
933 316 1028 360 loqui
1062 326 1212 360 possem.
1262 315 1333 349 Vos
1359 316 1488 360 quippe

96 381 294 420 audiebam,
322 382 384 417 sed
402 392 546 427 prorsus
565 382 779 427 respondere
795 393 862 416 non
879 386 1046 425 poteram.
1095 380 1191 415 Nunc
1215 385 1328 414 autem
1345 385 1487 414 sanctus

95 447 248 483 Jacohus
272 447 340 483 huc
373 450 515 483 intravit
539 448 654 482 ferens
681 449 714 481 in
739 449 884 481 sinistra
909 456 1009 480 manu
1034 446 1210 480 sacculum
1243 446 1419 486 mulieris,
1453 446 1487 479 in

96 514 243 549 dextera
277 513 438 548 haculum
471 514 658 558 pauperiS,
700 522 788 557 quos
823 513 855 545 in
897 513 953 546 via
985 511 1206 557 adjuveram,
1251 513 1301 545 ita
1334 515 1371 544 ut
1404 510 1486 544 bur-

96 579 218 614 donem
237 589 301 624 pro
320 579 442 612 lancea
466 581 500 612 et
524 577 698 612 sacculum
725 588 787 621 pro
814 582 913 611 scuto
940 576 1098 619 haberet,
1125 581 1159 611 et
1175 577 1362 611 daemones
1384 577 1487 621 quasi

96 646 205 678 iratus
245 643 458 689 aggrediens
504 642 640 677 elevato
678 643 803 677 baculo
848 645 973 677 terruit
1007 647 1041 677 et
1072 644 1104 677 in
1147 642 1263 688 sugam
1301 643 1484 676 convertit.

95 709 189 743 Nunc
223 719 309 755 ergo
335 718 416 743 ecce
442 707 538 743 beati
562 708 686 743 Jacohi
710 710 827 755 gratia
851 719 903 743 me
928 707 1093 742 liberavit
1126 713 1159 742 et
1182 709 1357 754 loquelam
1383 710 1486 743 resti-

95 775 171 809 tuit.
219 773 354 809 Vocate
381 784 466 821 ergo
493 774 712 809 sacerdotem
737 774 781 808 ad
816 784 888 816 me,
925 775 1007 819 quia
1041 774 1098 807 diu
1133 776 1165 807 in
1200 773 1265 808 hac
1300 776 1372 808 vita
1405 785 1485 809 esse

94 851 161 874 non
196 850 348 885 possum.
396 839 441 874 Et
474 850 663 874 conversus
695 841 752 873 uni
787 850 906 874 eorum
941 839 1045 872 dixit:
1086 841 1212 878 amice,
1255 840 1325 874 noli
1360 839 1485 874 amodo

94 906 233 940 domino
258 909 317 939 tuo
343 905 509 946 militare,
543 907 625 950 quia
650 906 824 939 veraciter
847 909 901 939 est
926 905 1107 939 damnatus
1142 909 1176 939 et
1200 905 1291 938 mala
1315 910 1425 940 morte
1452 907 1485 938 in

95 973 251 1016 proximo
272 972 480 1005 moriturus:
507 970 645 1015 sepulto
661 974 773 1004 autem
791 972 889 1003 socio
905 980 979 1004 cum
1000 970 1059 1005 ille
1076 970 1213 1004 domino
1236 981 1299 1004 suo
1323 970 1484 1013 dixisset,

95 1037 154 1072 ille
179 1048 240 1082 pro
266 1036 374 1070 nihilo
401 1035 466 1070 hoc
492 1035 611 1070 dicens
638 1040 671 1070 et
696 1046 733 1070 se
760 1035 944 1070 emendare
968 1040 1190 1070 contemnens
1216 1040 1296 1081 post
1316 1036 1484 1070 modicum

94 1103 218 1136 lancea
251 1103 283 1135 in
316 1101 410 1137 hello
446 1102 630 1136 confossus
661 1103 803 1136 interiit.
830 1122 873 1126 -—
898 1122 940 1128 —
965 1122 1009 1127 —
1045 1106 1114 1139 11.
1142 1101 1223 1135 Cum
1249 1102 1383 1136 cuidam
1409 1103 1485 1135 viro

95 1167 138 1202 de
162 1167 370 1210 Vilizilaco,
404 1172 442 1202 ut
475 1169 524 1201 ait
550 1167 707 1202 Galixtus
733 1177 850 1212 papa,
883 1166 927 1201 ad
960 1172 1116 1201 sanctum
1148 1167 1318 1203 ‚Iacobum
1353 1178 1483 1212 prope-

95 1234 186 1267 ranti
211 1234 361 1278 pecunia
387 1232 578 1267 defecisset
602 1238 636 1268 et
661 1233 720 1267 ille
746 1233 944 1268 mendicare
970 1232 1210 1268 erubesceret:
1244 1233 1308 1266 sub
1335 1233 1485 1278 quadam

94 1298 222 1332 arbore
248 1299 475 1343 requiescens
502 1298 710 1340 somniabat,
741 1298 834 1344 quod
860 1303 1001 1333 sanctus
1025 1298 1179 1333 Jacobus
1205 1309 1280 1334 eum
1304 1299 1484 1343 pasc-ebat.

94 1361 277 1409 Evigilans
310 1364 420 1409 igitur
449 1363 718 1398 subcinericium
752 1374 875 1409 panem
911 1364 954 1398 ad
998 1368 1102 1409 caput
1144 1366 1297 1409 reperit,
1340 1364 1383 1398 de
1416 1374 1484 1409 quo

94 1428 158 1463 XV
190 1428 313 1463 dIebus
349 1430 452 1471 vixit,
492 1440 673 1474 quousque
715 1430 759 1464 ad
789 1431 934 1474 propria
964 1430 1153 1464 remeabat.
1204 1430 1360 1477 Singulis
1395 1432 1485 1464 enim

95 1494 219 1529 diebus
245 1494 464 1529 sufficienter
488 1494 541 1528 bis
568 1495 610 1529 de
638 1505 678 1529 eo
706 1495 890 1529 comedens
916 1497 1074 1540 sequenti
1092 1494 1147 1529 die
1166 1496 1276 1539 ipsum
1293 1497 1325 1528 in
1343 1495 1484 1529 sacculo

94 1561 266 1606 integrum
292 1560 503 1595 inveniebat.
533 1580 570 1585 -
597 1580 639 1585 —-
663 1581 707 1584 —
730 1564 804 1598 12.
830 1560 950 1595 Refert
976 1561 1134 1595 Calixtus
1157 1571 1261 1605 papa,
1287 1560 1379 1605 quod
1398 1562 1486 1595 civis

95 1624 234 1670 quidam
267 1624 489 1660 Barcillonae
521 1625 621 1659 urbis
653 1627 748 1660 circa
779 1636 903 1661 annum
931 1626 1059 1660 domini
1084 1626 1148 1661 Mc
1175 1626 1221 1660 ad
1245 1631 1398 1660 sanctum
1424 1626 1486 1661 Ja-

95 1691 218 1724 cobum
253 1691 396 1725 veniens
430 1689 498 1726 hoc
533 1690 642 1725 solum
677 1692 877 1736 postulasse
910 1692 1053 1733 dicitur,
1086 1703 1129 1726 ne
1156 1692 1321 1737 deinceps
1348 1694 1391 1727 ab
1418 1693 1485 1726 ali-

95 1755 221 1801 quibus
255 1755 416 1790 hostibus
451 1760 647 1802 caperetur.
697 1756 849 1793 Rediens
883 1760 992 1804 igitur
1023 1768 1087 1803 per
1111 1758 1268 1792 Siciliam
1294 1760 1328 1792 in
1353 1759 1439 1791 mari
1466 1768 1487 1792 a

94 1821 282 1856 Saracenis
309 1822 446 1866 capitur
471 1826 505 1857 et
528 1822 662 1867 pluries
687 1823 731 1857 ab
758 1825 801 1857 iis
826 1834 890 1871 per
915 1823 1086 1858 nundinas
1118 1824 1299 1865 venditur,
1336 1823 1398 1858 sed
1431 1828 1486 1858 ta-

93 1897 170 1922 men
206 1897 345 1931 semper
387 1888 553 1930 catenae‚
594 1888 720 1934 quibus
764 1889 896 1935 ligatus
938 1889 1072 1932 suerat,
1093 1889 1352 1926 solvebantur.
1403 1890 1485 1923 Cum

93 1956 209 1986 autem
242 1953 316 1996 jam
349 1952 430 1987 XIII
465 1953 599 1987 vicibus
634 1954 793 1988 venditus
830 1954 958 1988 suisset
982 1959 1015 1989 et
1040 1955 1239 1999 duplicibus
1264 1956 1397 1989 catenis
1423 1954 1485 1988 ad-

94 2018 236 2051 strictus
273 2021 369 2051 esset
403 2021 438 2051 et
469 2017 528 2052 ille
561 2018 700 2052 beatum
731 2019 898 2053 Jacobum
931 2012 1130 2061 invocaret,
1165 2025 1306 2053 sanctus
1330 2019 1487 2054 Jacobus

94 2082 205 2117 eidem
227 2082 391 2126 apparuit
411 2080 548 2115 dicens:
567 2084 729 2127 quoniam
751 2085 785 2117 in
807 2084 958 2118 ecclesia
975 2094 1050 2118 mea
1068 2085 1266 2119 consistens
1285 2084 1486 2127 postposita

95 2147 208 2182 salute
234 2148 369 2181 animae
395 2146 639 2182 liberationem
664 2152 778 2182 tamen
807 2150 967 2193 corporis
992 2149 1200 2193 postulasti,
1233 2148 1314 2182 idco
1339 2150 1375 2182 in
1399 2148 1486 2183 haec

93 2212 252 2257 pericula
283 2212 458 2254 incidisti,
489 2212 552 2247 sed
584 2214 667 2258 quia
699 2213 858 2248 dominus
892 2215 1093 2248 misericors
1119 2218 1191 2255 est,
1226 2216 1319 2248 misit
1342 2224 1416 2256 me,
1450 2218 1487 2248 ut

93 2281 129 2311 te
153 2276 329 2312 redimam.
377 2277 570 2323 Statimque
604 2280 716 2323 ruptis
752 2281 885 2314 catenis
920 2290 983 2324 per
1006 2285 1119 2314 terras
1147 2284 1181 2314 et
1204 2279 1353 2314 castella
1378 2280 1485 2313 Sara-

94 2351 256 2376 cenorum
290 2346 422 2385 partem
456 2343 625 2388 quandam
660 2349 806 2380 catenae
837 2334 875 2378 ‘in
908 2346 1143 2380 testimonium
1178 2344 1282 2390 hujus
1327 2344 1485 2378 miraculi

95 2405 211 2441 ferens
237 2405 281 2440 ad
306 2411 434 2440 terram
461 2417 558 2441 suam
581 2411 712 2444 cunetis
741 2409 939 2447 videntibus
957 2414 992 2444 et
1007 2411 1230 2454 stupentibus
1250 2409 1366 2444 rediit.
1402 2408 1484 2444 Cum

94 2481 171 2506 eum
195 2471 324 2516 aliquis
349 2481 476 2516 capere
500 2472 660 2515 volebat,
693 2475 771 2509 visa
803 2479 930 2509 eatena
952 2476 1097 2509 territus
1126 2475 1286 2519 protInus
1311 2474 1483 2521 fugiebat,

94 2535 158 2571 sed
198 2545 274 2573 cum
307 2536 429 2571 leones
463 2536 625 2582 aliaeque
656 2537 753 2573 serae
791 2540 825 2574 in
857 2550 932 2574 eum
977 2549 1041 2583 per
1082 2538 1225 2573 deserta
1265 2539 1482 2586 gradientem

94 2599 223 2635 vellent
245 2601 443 2647 insurgere,
468 2612 547 2636 mox
572 2603 650 2636 visa
673 2607 799 2639 catena
815 2603 1105 2639 concutiebantur
1122 2608 1257 2640 terrore
1274 2606 1379 2639 nimio
1396 2609 1430 2640 et
1448 2607 1483 2639 in

93 2664 212 2710 sugam
232 2667 391 2710 protinus
417 2666 651 2702 vertebantur.
672 2686 716 2693 —
734 2687 778 2694 —
797 2689 839 2695 -
863 2672 941 2707 13.
966 2668 1067 2704 Anno
1093 2668 1222 2704 domini
1247 2669 1483 2706 CCXXXVllI
