1742 3005
256 111 333 147 292
470 114 562 159 t'up.
600 109 710 145 LXV.
776 110 829 146 De
864 116 994 145 sancto
1026 108 1204 158 Philippo
1237 107 1424 157 apostolo.

725 331 851 394 eAP.
886 331 1006 393 va.
1044 331 1168 394 (62.)

445 435 545 477 De
580 434 801 478 sancto
833 430 1136 487 Philippo
1166 428 1468 485 apostolo.

348 543 530 588 Philippus
564 542 692 576 dicitur
726 553 764 576 es
800 542 975 587 lampadis
1014 541 1067 575 vel
1105 552 1144 575 os
1178 550 1357 575 manuum,
1392 539 1443 572 vel
1484 538 1610 571 dieitur
1635 547 1656 571 a

262 610 398 654 philoS,
437 608 529 654 quod
566 612 619 641 est
654 618 769 649 amor,
806 612 841 641 et
863 618 969 652 yper,
1009 607 1102 652 quod
1139 611 1193 640 est
1219 617 1348 650 super,
1387 605 1488 650 quasi
1523 607 1657 636 amator

261 685 500 719 supernorum.
550 673 686 707 Dicitur
719 675 827 718 igitur
862 684 901 706 os
936 672 1108 716 lampadis
1147 676 1291 716 propter
1323 680 1419 704 suam
1447 670 1656 703 luculentam

263 740 582 784 praedicationem,
609 749 648 770 os
676 748 833 771 munuum
862 741 1007 781 propter
1034 737 1212 770 assiduum
1239 737 1498 780 operationem,
1525 738 1659 768 amator

263 815 493 849 supernorum
520 807 665 847 propter
690 802 877 836 coelestem
904 801 1243 845 contemplatiouem.

354 869 537 913 Philippus
571 868 754 912 apostolus
792 878 864 901 eum
898 867 962 900 XX
1003 869 1102 901 amris
1137 878 1198 911 pei¹
1225 865 1372 900 Sithiam
1401 864 1657 909 praedicasset.

266 947 287 970 a
307 936 455 981 paganis
475 938 614 967 tenetur
638 933 734 967 etad
760 932 1004 967 immolandum
1026 937 1163 967 statuae
1189 931 1315 966 Martis
1344 930 1387 964 ab
1415 929 1538 964 iisdem
1567 940 1659 962 eom-

266 1001 418 1046 pellitur.
469 999 569 1033 Tune
595 999 711 1032 subito
738 998 842 1032 draco
869 998 1008 1043 quidam
1032 999 1157 1042 iugens
1187 996 1296 1032 desub
1321 996 1409 1030 base
1440 997 1563 1037 exivit,
1602 997 1658 1039 qui

267 1067 370 1100 tilium
398 1065 584 1109 pontilicis,
612 1066 668 1109 qui
697 1066 810 1109 iguem
839 1063 1071 1104 ministrabat,
1100 1065 1132 1097 in
1159 1064 1333 1097 sacrificio
1361 1062 1536 1096 interfecit
1554 1061 1659 1095 duos-

267 1142 333 1177 que
358 1130 538 1166 tribunos,
568 1140 712 1174 quorum
738 1130 887 1162 ministri
915 1129 1109 1173 Philippum
1137 1131 1169 1163 iu
1195 1129 1317 1163 vinetis
1347 1128 1570 1169 detinebant,
1599 1137 1659 1161 ex-

268 1198 390 1232 stinxit
413 1199 643 1239 caeterosque
671 1194 760 1228 adeo
785 1195 840 1228 sui
866 1194 968 1228 ssatus
993 1194 1128 1229 foetore
1161 1195 1300 1236 infecit,
1341 1198 1377 1228 ut
1411 1204 1529 1227 omues
1567 1203 1658 1226 mor-

267 1262 341 1296 bidi
370 1261 608 1296 redderentur.
658 1260 824 1305 Dixitque
852 1260 1053 1304 Philippus:
1080 1260 1213 1294 credite
1239 1259 1320 1293 mihi
1344 1264 1377 1293 et
1395 1263 1543 1293 statuam
1559 1260 1659 1292 istam

270 1327 482 1371 confringite
508 1327 602 1360 et,iu
629 1326 707 1359 loco
738 1327 816 1371 ejus
843 1336 978 1360 erucem
1004 1326 1132 1359 domiui
1159 1326 1320 1367 adorate?
1346 1329 1384 1358 ut
1407 1324 1529 1358 infirmi
1556 1324 1662 1358 vestri

269 1397 435 1427 sanentur
461 1396 495 1426 et
521 1393 645 1425 mortui
673 1393 894 1426 suscitentur.
944 1391 991 1426 At
1015 1391 1064 1433 hi,
1092 1393 1149 1437 qui
1167 1392 1423 1432 eruciabantur,
1445 1389 1662 1424 clamabant:

268 1463 401 1493 tautum
436 1458 511 1499 fac⁷
554 1461 589 1491 ut
624 1444 804 1500 sanemur,
845 1463 879 1492 et
913 1458 1002 1492 huuc
1028 1458 1177 1493 Martem
1208 1459 1365 1502 protinus
1390 1456 1664 1501 confringemus.

272 1523 370 1558 Tuuc
396 1523 575 1567 Philippus
603 1523 747 1557 draconi
774 1526 973 1569 praecepit⁷
1009 1529 1045 1558 ut
1074 1526 1106 1557 iu
1134 1523 1244 1556 locum
1271 1523 1446 1557 desertum
1472 1521 1664 1556 descende-

273 1593 346 1630 ret,
375 1590 421 1622 ita
446 1592 482 1621 ut
508 1588 592 1621 nulli
619 1590 756 1622 omuino
785 1596 939 1632 noceret,
968 1591 1026 1634 qui
1053 1590 1168 1623 statim
1196 1590 1342 1623 recessit
1367 1594 1400 1623 et
1426 1590 1572 1623 ulterius
1598 1599 1665 1622 nou

273 1655 478 1698 comparuit.
528 1653 628 1686 Tune
660 1653 840 1697 Philippus
876 1665 994 1689 omues
1032 1656 1170 1688 sanavit
1204 1658 1237 1689 et
1272 1655 1340 1688 illis
1372 1655 1485 1689 tribus
1522 1644 1666 1688 mortuis

272 1722 365 1754 vitae
392 1718 596 1753 beneficium
623 1720 821 1763 impetravit
846 1721 966 1764 sieque
992 1721 1166 1753 universis
1203 1721 1427 1755 credentibus
1453 1733 1516 1766 per
1542 1731 1666 1755 aunum

274 1796 374 1819 unum
400 1786 444 1818 iis
471 1783 585 1818 adhuc
611 1785 828 1828 praedicavit
862 1789 894 1818 et
931 1786 964 1818 in
992 1786 1034 1817 iis
1062 1784 1278 1828 presbiteros
1306 1792 1339 1820 et
1364 1787 1542 1830 dyacouos
1570 1786 1666 1819 ordi-

274 1861 361 1885 nans
390 1852 423 1883 in
449 1850 568 1884 Asiam
596 1851 771 1884 civitatem
794 1850 994 1895 llierupoliu
1029 1853 1144 1888 venit,
1183 1851 1300 1896 ibique
1337 1852 1498 1886 haeresin
1532 1851 1666 1885 Hebro>-

276 1917 446 1956 nitarum‚
478 1917 537 1960 qui
572 1915 746 1949 Christum
782 1926 919 1950 carnem
954 1916 1207 1960 phantasticam
1245 1919 1457 1951 assumsisse
1494 1917 1663 1961 dogmati-

277 1981 422 2021 zabant,
461 1982 638 2014 exstinxit.
688 1980 796 2015 Erunt
831 1986 945 2015 autem
981 1982 1028 2015 ibi
1067 1982 1155 2016 duae
1198 1984 1459 2017 sacratissimae
1502 1983 1667 2026 virgines,

275 2057 339 2091 per
363 2055 449 2091 quas
477 2045 635 2079 dominus
662 2046 788 2080 multos
815 2047 986 2081 adtidem
1016 2049 1206 2088 convertit,
1242 2047 1422 2092 Philippus
1450 2053 1562 2083 autem
1590 2052 1670 2082 aute

278 2110 337 2146 vn
364 2111 439 2146 dies
465 2110 582 2145 obitus
608 2113 663 2145 sui
688 2113 874 2157 episcopos
901 2117 934 2147 et
958 2112 1175 2157 presbiteros
1203 2115 1410 2147 convocavit
1435 2115 1548 2159 iisque
1565 2114 1669 2148 dixit:

277 2177 343 2211 hos
375 2176 435 2211 Vll
471 2176 546 2210 dies
578 2181 722 2222 propter
759 2178 1031 2213 admonitionem
1080 2183 1230 2213 vestram
1264 2177 1345 2211 mihi
1391 2178 1550 2212 domiuus
1586 2189 1669 2213 eou—

280 2243 398 2276 cessit.
448 2240 532 2275 Erat
567 2247 681 2276 autem
713 2254 802 2277 anuo
834 2243 1039 2277 LXXXVII.
1087 2243 1171 2277 Post
1196 2242 1261 2276 hoc
1292 2242 1452 2277 infideles
1481 2245 1593 2289 ipsum
1617 2248 1670 2279 te-

280 2310 429 2341 nuerunt
449 2310 483 2340 et
501 2308 595 2340 cruci
621 2306 664 2339 ad
693 2308 804 2341 instar
824 2309 981 2353 magistri
1003 2309 1069 2349 sui,
1096 2319 1195 2353 quem
1219 2308 1462 2352 praedicabat⁷
1487 2310 1674 2345 affixerunt

283 2377 317 2407 et
341 2373 390 2406 sie
416 2371 461 2406 ad
485 2371 659 2406 dominum
684 2373 849 2417 migravit
871 2377 905 2407 et
933 2372 1083 2407 feliciter
1107 2374 1209 2408 vitam
1236 2375 1432 2419 complevit.
1480 2375 1586 2410 ,Juxta
1612 2386 1673 2409 au·

284 2443 348 2473 tem
387 2448 462 2472 eum
498 2437 587 2471 duae
623 2436 715 2471 filiae
753 2438 848 2482 ojus,
883 2448 952 2472 uua
987 2448 1008 2472 a
1045 2438 1178 2473 dextris
1214 2444 1247 2473 et
1273 2440 1344 2474 alia
1370 2450 1391 2474 a
1414 2442 1567 2475 sinistris
1595 2444 1673 2474 suut

284 2504 453 2547 sepultae.
501 2503 551 2538 De
587 2504 654 2537 isto
681 2502 844 2547 Philippo
878 2505 928 2537 sie
965 2503 1051 2538 dicit
1084 2504 1253 2539 Ysidorus
1296 2507 1330 2540 iu
1356 2505 1448 2539 libro
1475 2505 1518 2540 de
1546 2505 1614 2538 vita
1641 2509 1674 2538 et

284 2573 361 2601 ortu
387 2573 421 2603 ct
443 2568 542 2603 obitu
568 2573 785 2603 sanctorum:
810 2568 992 2613 Philippus
1020 2568 1140 2604 Gallus
1165 2570 1350 2615 praedicat
1379 2569 1562 2610 Christum,
1590 2570 1673 2603 bar-⁴

284 2631 388 2665 haras
414 2638 537 2677 gentes
565 2635 769 2679 vicinasque
805 2633 969 2669 tenebras
999 2638 1033 2669 et
1061 2636 1203 2669 tumenti
1229 2634 1367 2669 Oceano
1395 2634 1601 2678 conjunctus
1628 2635 1673 2669 ad

281 2698 450 2732 scientiae
490 2697 603 2733 lumen
652 2697 802 2743 fideique
847 2703 983 2744 portum
1023 2699 1180 2740 deducit3
1229 2698 1363 2734 demum
1406 2700 1440 2733 iu
1478 2699 1672 2745 Hierapoli,
