1742 3005
463 74 558 120 Cap.
590 71 656 106 111.
714 71 772 107 De
803 80 934 106 sancto
964 71 1140 108 Nicolao.
1435 75 1484 111 23

99 179 234 220 copiam
269 184 338 210 non
371 175 416 209 ad
450 175 588 210 laudem
620 174 802 209 humanam
827 173 890 209 sed
917 174 962 209 ad
986 175 1052 210 Dei
1077 176 1226 221 gloriam
1252 177 1483 222 dispensaret.

100 240 196 275 Tunc
223 240 363 286 quidam
390 241 424 284 ¹)
457 241 713 274 contermlneus
740 250 824 276 suus
851 242 939 277 satis
964 240 1092 275 nobilis
1117 245 1188 276 tres
1214 242 1304 276 lilias
1330 244 1484 288 vii-glues

100 306 144 340 ob
165 308 318 351 inopiam
343 307 554 352 prostituere
579 307 729 351 cogitur,
756 309 791 339 ut
816 306 866 340 sle
892 305 1012 340 infami
1037 316 1156 340 eornm
1180 309 1384 342 commercio
1411 309 1479 343 ale-

100 375 206 407 retur.
246 371 346 412 Quod
372 371 432 405 ubi
456 376 596 406 sanctus
621 372 801 416 comperit,
827 371 941 405 scelus
969 370 1151 407 abhorruit
1174 377 1209 407 et
1234 383 1384 408 massam
1409 377 1486 409 auri

99 448 213 482 panno
244 437 434 472 involutam
460 438 494 471 in
529 436 664 470 domum
698 437 773 480 ejus
808 446 872 481 per
896 436 1083 470 fenestram
1107 441 1209 472 nocte
1233 438 1320 473 clam
1341 441 1428 485 Jecit
1452 446 1486 475 et

99 503 187 537 clam
211 505 369 538 recessit.
438 501 542 536 Mane
578 505 691 535 autem
717 511 865 545 surgens
892 500 994 536 homo
1020 511 1169 535 massam
1193 505 1270 536 auri
1296 507 1426 549 reperit
1452 511 1486 540 et

100 570 171 603 Deo
206 569 356 614 gratiam
390 576 499 612 agens
535 567 787 612 primogenitae
822 567 962 611 nuptias
995 566 1196 602 celebravit.
1269 569 1345 603 Non
1379 572 1485 606 multo

98 638 178 678 post
209 637 365 678 tempore
396 632 459 668 Dei
492 632 639 667 samnius
671 632 782 667 simile
814 633 953 678 peregit
985 643 1086 677 opus.
1153 633 1253 686 Qu'od
1281 645 1401 670 rursus
1426 637 1485 671 ille

99 700 278 744 reperiens
311 703 346 733 et
377 700 412 732 iu
444 697 567 733 laudes
604 700 788 732 immensas
825 708 1053 743 prorumpens
1091 698 1133 733 de
1169 704 1309 734 caetero
1336 702 1485 748 vigilare

99 766 294 810 proposuit,
322 768 359 799 ut
381 766 499 806 sciret,
527 765 604 810 quis
631 767 738 806 esset,
766 765 823 808 qni
845 774 931 798 suae
956 765 1095 808 inopiae
1121 764 1353 802 subvenisset.
1402 767 1486 803 Post

99 840 229 875 paucos
269 831 373 865 etiam
414 829 489 865 dies
523 829 735 874 duplicatam
768 831 844 864 auri
878 838 1028 863 massam
1066 832 1101 864 in
1140 830 1277 866 domum
1321 835 1483 879 projecit,

98 896 143 931 ad
168 898 266 942 cujus
302 898 451 931 sonitum
487 896 544 930 ille
578 896 749 929 excitatur
781 900 815 931 et
853 895 1032 930 Nicolaum
1067 895 1257 942 fugientem
1291 899 1486 944 insequitur

98 963 230 1008 talique
258 972 341 997 voce
368 961 578 1007 alloquitur:
625 962 711 996 siste
743 961 890 1007 gradum
916 966 1020 1006 teque
1046 964 1203 1006 aspectui
1230 973 1273 998 ne
1294 963 1483 1000 subtrahas

98 1039 195 1070 meo,
222 1030 342 1073 sicque
367 1038 552 1062 accurrens
581 1028 734 1062 velocius
761 1027 940 1062 Nicolaum
968 1027 1057 1061 hunc
1080 1038 1158 1062 esse
1184 1031 1369 1074 cog110vi13
1405 1042 1481 1065 mox

59 1125 66 1129 .
98 1094 189 1129 humi
214 1097 411 1139 prostratus
436 1094 588 1128 osculari
617 1093 757 1127 volebat
781 1093 889 1139 pedes
914 1095 1004 1138 ejus,
1030 1093 1122 1138 quod
1139 1094 1197 1128 ille
1215 1095 1250 1137 ²)
1267 1095 1424 1130 refutans
1439 1097 1483 1131 ab

98 1172 140 1195 eo
166 1161 306 1206 exegit,
329 1170 372 1195 ne
397 1171 472 1195 eum
499 1159 663 1205 quamdiu
690 1161 843 1201 viveret,
868 1159 1075 1205 publicaret.
1100 1180 1143 1185 -
1168 1179 1212 1185 ——
1243 1163 1284 1197 2.
1311 1160 1395 1195 Post
1420 1145 1484 1196 hor

98 1226 233 1262 M'rreae
257 1227 409 1260 civitatis
434 1225 596 1260 defuncto
623 1227 788 1271 episcopo
815 1229 1052 1260 convenerunt
1076 1227 1255 1270 episcopi,
1292 1226 1342 1260 illi
1370 1229 1476 1263 ecclc-

97 1294 171 1327 siae
197 1292 239 1327 de
266 1293 431 1337 episcopo
458 1293 645 1337 provisuri.
688 1291 821 1325 Aderat
845 1296 961 1326 autem
981 1292 1149 1324 intereos
1175 1291 1313 1336 quidam
1334 1302 1482 1338 magnae

96 1359 317 1393 auctoritatis
332 1358 531 1402 episcopus,
558 1357 602 1391 ad
623 1358 721 1402 quus
747 1356 950 1391 electionem
983 1357 1132 1389 omnium
1151 1358 1326 1391 sententia
1349 1357 1476 1402 depena

98 1423 215 1458 debat.
264 1423 347 1458 Cum
372 1424 481 1467 igitur
503 1426 644 1457 cunctos
665 1423 812 1467 jejuniis
841 1425 874 1455 et
900 1420 1118 1455 orationibus
1142 1423 1305 1457 insistere
1330 1426 1477 1457 monuis-

97 1494 172 1531 set,
199 1492 299 1523 nocte
323 1488 385 1522 illa
405 1498 522 1522 vocem
551 1487 685 1522 audivit
709 1488 877 1522 dicentem
903 1486 991 1528 sibi,
1025 1492 1061 1521 ut
1086 1486 1175 1521 hora
1198 1489 1367 1522 matutina
1390 1488 1483 1523 fores

95 1555 267 1590 ecclesiae
303 1553 511 1588 observaret
544 1557 579 1588 et
613 1563 714 1599 quem
754 1554 898 1597 primum
931 1552 976 1586 ad
1003 1552 1208 1594 ecclesiam,
1256 1554 1355 1598 quus
1382 1556 1483 1588 etiam

98 1631 222 1655 nomen
246 1623 342 1655 esset
366 1619 544 1660 Nicolaus‚
571 1620 689 1654 venire
714 1620 952 1663 conspiceret,
978 1620 1090 1664 ipsum
1116 1619 1150 1652 in
1175 1620 1376 1664 episcopum
1402 1630 1481 1654 confi

96 1690 263 1722 secr-aret.
333 1684 404 1720 Hoc
438 1695 524 1731 ergo
559 1685 638 1719 aliis
664 1684 826 1720 revelans
852 1686 1029 1730 episcopis
1055 1684 1254 1725 admonuit,
1303 1689 1339 1719 ut
1365 1696 1483 1721 omues

97 1751 315 1787 orationibus
339 1753 541 1785 insisterent
565 1755 599 1786 et
622 1753 698 1796 ipse
724 1761 787 1795 pro
814 1750 947 1785 foribus
975 1750 1176 1785 excubaret.
1210 1750 1338 1786 Mirum
1363 1752 1485 1785 inmo-

98 1819 177 1853 dum
211 1819 246 1852 in
270 1817 359 1852 hora
381 1817 577 1851 matutinali
610 1818 710 1862 quasi
735 1827 757 1851 a
783 1817 855 1851 Deo
889 1818 1015 1851 missus
1042 1821 1122 1851 ante
1147 1827 1266 1852 omnes
1292 1827 1330 1852 se
1356 1817 1488 1863 agebat

98 1884 284 1926 Nicolaus,
320 1893 419 1929 quem
448 1882 716 1928 apprehendens
742 1884 929 1928 episcopus
954 1882 1041 1916 dixit
1066 1883 1117 1917 ei:
1153 1882 1247 1928 quod
1273 1884 1336 1918 tibi
1362 1894 1484 1918 nomen

99 1952 180 1985 est?
205 1949 268 1984 Ille
285 1953 322 1983 ut
336 1953 412 1984 erat
426 1948 623 1983 columbina
636 1948 860 1993 simplicitate
871 1949 1007 1993 plenus,
1037 1948 1202 1982 inclinato
1222 1950 1353 1994 capite:
1380 1949 1485 1983 Nico-

97 2018 188 2059 laus,
212 2016 336 2061 inquit,
360 2018 499 2049 vestrae
526 2016 723 2048 sanctitatis
745 2025 880 2049 servus.
916 2014 1022 2054 Quem
1047 2015 1080 2047 in
1109 2014 1292 2048 ecclesiam
1319 2014 1485 2049 ducentes

98 2084 179 2117 licet
206 2082 241 2127 ³)
264 2081 446 2126 plurimum
470 2081 674 2114 renitentem
699 2081 733 2114 in
757 2079 959 2115 cathedram
983 2080 1200 2114 collocarunt
1266 2080 1345 2126 Ipse
1371 2085 1484 2115 autem

98 2149 264 2188 eandem,
293 2156 395 2192 quam
421 2147 540 2191 prius,
567 2145 794 2180 humilitatem
820 2150 855 2180 et
880 2156 1010 2180 merum
1033 2147 1243 2192 gravitatem
1267 2148 1303 2181 iu
1328 2148 1486 2181 omuibus

100 2213 321 2256 sectabatur,
368 2214 402 2246 in
428 2213 586 2246 oratione
614 2211 872 2257 pei-vigilabat,
898 2223 1025 2258 corpus
1052 2212 1272 2255 macerabat,
1307 2213 1486 2248 mulierum

100 2280 278 2313 consortia
302 2278 474 2324 fugiebat,
500 2277 638 2312 humilis
664 2282 741 2312 erat
766 2280 800 2312 in
826 2288 944 2313 omnes
971 2277 1206 2324 suspiciendo,
1232 2278 1357 2312 eslicax
1381 2280 1415 2311 in
1432 2278 1484 2311 lo-

101 2343 250 2389 quendo,
277 2343 394 2377 alacer
418 2345 453 2378 in
479 2342 710 2385 exhortando,
737 2355 881 2378 severus
906 2346 940 2378 in
954 2343 1184 2388 corripiendo.
1202 2363 1302 2368 ---—-
1331 2346 1374 2380 3.
1400 2342 1483 2377 Fer—

100 2414 155 2443 tur
179 2418 330 2453 quinque,
356 2410 445 2442 sieut
469 2408 598 2453 legitur
623 2410 658 2443 in
684 2408 833 2444 Cronica
860 2409 1022 2455 quadam,
1046 2407 1227 2442 Nicolaum
1251 2407 1404 2441 Nicaeno
1431 2409 1483 2442 iu·-

99 2474 264 2509 tersuisse
288 2473 448 2508 concilio.
506 2473 662 2513 Quadam
697 2479 811 2510 autem
838 2474 894 2509 die
920 2473 998 2508 dum
1025 2472 1164 2519 quidam
1188 2476 1315 2508 nautae
1343 2473 1478 2518 peric-li-

183 2642 210 2673 l)
228 2638 420 2667 nocentiores
441 2638 558 2670 legiuu2
589 2647 629 2664 co
641 2648 657 2664 n
672 2648 686 2663 v
698 2639 706 2664 i
717 2648 756 2664 ca
767 2648 783 2664 11
796 2648 810 2662 υ
823 2648 836 2664 ιι
852 2648 871 2663 ³.
979 2640 1005 2671 2)
1027 2638 1232 2665 ltvcentiores:
1262 2638 1343 2666 refu
1355 2648 1368 2672 g
1381 2650 1389 2667 1
1400 2649 1413 2667 e
1424 2650 1441 2667 n
1452 2649 1479 2667 5.

97 2684 178 2719 qnod
196 2684 306 2712 rectius
325 2683 455 2711 videtur.
560 2684 590 2716 3)
608 2682 801 2716 Antiquior-es
819 2683 965 2718 pessime:
992 2682 1181 2718 populum
1200 2682 1312 2715 legunt⁴
