1742 3005
165 49 262 98 Cap.
288 46 421 83 cxlx.
479 46 537 84 De
566 47 799 83 assumtione
829 52 981 82 sanctae
1012 44 1156 82 Mariae
1186 45 1350 95 virginis.
1409 45 1490 84 507

107 151 238 192 Quales
256 155 370 185 autem
395 153 585 196 exsequiae
611 151 739 185 ibidem
765 150 965 185 celebratae
990 152 1072 193 sint,
1098 161 1140 185 ex
1161 149 1340 195 praedicto
1358 149 1491 191 libello,

107 218 165 262 qui
189 215 343 252 Johanni
367 216 593 257 adscribitur,
621 216 798 251 edocetur.
848 216 933 251 Nam
959 218 1035 261 ipse
1060 217 1159 261 prior
1182 215 1287 250 Jesus
1314 214 1494 268 inchoavit

106 286 140 316 et
164 281 272 315 dixit:
299 282 397 323 veni,
434 282 546 316 electa
571 293 668 324 mea,
701 287 735 317 et
771 292 894 326 ponam
926 286 960 316 te
996 284 1030 315 in
1062 280 1224 315 thronum
1249 287 1378 322 meum,
1411 281 1494 326 quia

105 348 291 392 concupivi
322 348 471 392 speciem
509 352 614 383 tuam.
662 347 707 382 Et
746 348 822 381 illa:
864 351 1024 391 paratum
1065 356 1127 380 cor
1165 357 1295 389 meum,
1342 346 1491 387 domine,

106 417 264 456 paratum
290 422 352 446 cor
374 424 496 447 meum.
546 413 644 447 Tunc
670 422 809 453 omneS,
837 413 894 456 qui
920 422 994 445 cum
1019 410 1105 445 Jesu
1134 416 1314 453 venerant,
1342 411 1493 446 dulciter

105 479 265 512 intonant
289 478 462 513 dicentes:
488 477 574 511 haec
599 481 673 518 est,
706 487 794 522 quae
820 478 969 511 nescivit
992 480 1104 510 torum
1131 477 1164 510 in
1191 476 1349 517 delictis,
1384 475 1493 510 habe-

106 544 156 578 bit
200 544 344 578 fructum
387 544 421 576 in
462 543 655 577 refectione
686 543 876 576 animarum
908 545 1116 576 sanctarum.
1173 541 1255 586 Ipsa
1287 546 1401 575 autem
1434 540 1493 576 die

106 610 298 653 semetipsa
330 609 457 642 cecinit
489 607 630 642 dicens:
671 607 810 642 beatam
843 617 895 642 me
927 607 1043 642 dicent
1077 617 1196 642 omnes
1229 608 1492 653 generationes,

105 676 185 720 quia
217 673 302 708 fecit
326 673 410 708 mihi
441 683 591 719 magna,
627 674 686 719 qui
720 678 844 718 potens
878 677 951 714 est,
989 677 1023 707 et
1053 677 1209 708 sanctum
1247 683 1371 707 nomen
1404 673 1492 717 eJus.

104 739 206 774 Tunc
230 743 353 774 cantor
377 739 537 774 omnibus
563 741 737 773 intonavit
762 739 880 774 dicens
907 739 1152 774 excellentius:
1179 739 1258 773 veni
1282 739 1325 772 (le
1342 737 1492 779 Libano,

104 814 256 850 sponsa,
289 806 371 840 veni
399 805 441 840 dc
473 805 632 847 Libano,
668 804 908 839 coronaberis.
957 803 1001 839 Et
1034 804 1114 838 illa:
1147 814 1229 839 ecce
1253 805 1376 845 venio,
1412 804 1494 847 quia

103 872 139 904 in
164 872 279 916 eapite
303 871 385 905 libri
414 873 580 916 scriptum
609 875 662 906 est
694 871 737 905 de
771 881 845 912 me,
879 874 916 904 ut
948 869 1099 904 facerem
1139 869 1352 903 voluntatem
1386 873 1492 910 tuam,

103 935 219 979 Deus,
253 938 336 982 quia
369 937 558 972 exsultavit
583 934 727 982 spiritus
762 946 858 970 meus
887 937 920 969 in
947 939 980 970 te
1008 935 1081 970 Deo
1107 935 1255 969 salutari
1281 945 1368 969 meo.
1418 935 1494 969 Sic-

104 1011 172 1046 que
197 1001 334 1037 Mariae
359 1003 474 1036 anima
498 1002 541 1037 de
565 1012 713 1047 corpore
738 1001 919 1048 egreditur
951 1006 986 1036 et
1016 1003 1051 1035 in
1083 1001 1182 1035 ulnas
1219 1001 1282 1035 filii
1315 1000 1494 1035 advolavit

104 1066 238 1112 fuitque
261 1071 332 1101 tam
358 1077 380 1102 a
406 1067 528 1103 dolore
558 1070 674 1103 carnis
709 1073 898 1109 extranea,
936 1077 1037 1113 quam
1070 1077 1091 1101 a
1126 1069 1350 1111 corruptione
1382 1067 1491 1101 exsti-

101 1136 194 1167 terat
219 1132 356 1176 aliena,
385 1133 542 1179 dixitque
571 1134 745 1179 apostolis
772 1134 951 1168 dominus:
984 1143 1110 1177 corpus
1140 1133 1286 1178 virginis
1312 1133 1431 1166 matris
1460 1133 1494 1166 iu

103 1197 229 1233 vallem
255 1198 429 1244 Josaphat
453 1200 588 1235 deferte
614 1204 647 1235 et
674 1202 707 1234 in
733 1204 951 1234 monumento
978 1210 1088 1241 novo,
1125 1198 1217 1244 quod
1245 1197 1372 1232 ibidem
1397 1199 1493 1232 inve-

102 1264 226 1306 nietis,
260 1264 347 1299 illud
373 1266 553 1301 recondite
580 1271 615 1301 et
639 1277 692 1301 me
718 1266 848 1300 ibidem
874 1265 1012 1307 triduo,
1041 1264 1153 1300 donec
1177 1264 1221 1298 ad
1250 1274 1311 1298 vos
1340 1263 1492 1305 redeam,

102 1334 321 1374 exspectate.
370 1331 562 1376 Statimque
601 1342 675 1366 eam
712 1331 1014 1366 circumdederunt
1053 1330 1158 1365 flores
1195 1340 1352 1364 rosarum
1387 1330 1493 1371 rosei,

102 1395 236 1431 scilicet
259 1401 381 1431 coetus
409 1399 600 1439 martirum,
621 1402 655 1432 et
676 1397 751 1432 lilia
771 1396 991 1438 convallium,
1019 1397 1160 1442 agmina
1184 1395 1322 1430 scilicet
1347 1395 1496 1441 angelo-

104 1471 198 1503 rum,
241 1461 481 1497 confessorum
516 1467 550 1498 et
582 1464 766 1509 virginum.
815 1462 900 1497 Post
933 1471 1008 1495 eam
1045 1461 1198 1505 apostoli
1229 1461 1407 1494 clamitant
1440 1461 1493 1494 di-

107 1530 244 1562 ceutes:
268 1528 368 1573 virgo
391 1528 678 1575 prudentissima,
706 1539 773 1573 quo
802 1526 1056 1572 progrederis?
1103 1525 1186 1560 Esto
1214 1528 1324 1559 nostri
1352 1536 1494 1567 memor,

105 1602 126 1626 ο
152 1591 301 1628 domina.
352 1593 452 1628 Tunc
477 1593 522 1628 ad
547 1598 751 1628 concentum
779 1592 1062 1627 adscendentium
1096 1595 1239 1633 coetus,
1275 1593 1332 1636 qui
1357 1601 1496 1626 reman-

105 1663 236 1701 serant,
274 1658 435 1693 admirati
471 1660 606 1694 concite
645 1659 784 1694 obviam
827 1662 1076 1703 processerunt
1111 1657 1340 1702 videntesque
1376 1667 1495 1702 regem

103 1733 202 1757 suum
227 1723 377 1759 feminae
402 1725 550 1759 animam
574 1726 610 1759 in
635 1725 726 1761 ulnis
758 1725 912 1770 propriis
945 1723 1159 1769 bajulantem
1190 1722 1356 1768 illamque
1390 1732 1497 1767 super

101 1788 197 1823 illum
229 1791 381 1824 innixam
416 1790 654 1836 obstupefacti
690 1791 844 1825 clamare
878 1793 1070 1833 coeperunt
1106 1789 1283 1824 dicentes:
1320 1798 1411 1834 quae
1443 1792 1496 1823 est

103 1855 191 1896 ista,
227 1865 318 1900 quae
349 1855 535 1891 adscendit
567 1856 610 1891 de
642 1856 784 1891 deserto
821 1855 958 1890 deliciis
990 1855 1139 1889 affluens
1165 1856 1285 1889 innixa
1309 1865 1416 1899 super
1443 1853 1495 1888 di-

103 1919 228 1954 lectum
265 1923 392 1956 suum?
439 1921 573 1961 Quibus
608 1923 882 1956 concomitantes
914 1920 1094 1956 dixerunt:
1133 1922 1204 1955 ista
1240 1924 1294 1955 est
1329 1921 1497 1965 speciosa

103 1986 197 2020 inter
227 1984 318 2019 filias
347 1985 566 2029 Jerusalem,
608 1989 698 2021 sieut
741 1986 880 2020 vidistis
914 1996 989 2020 eam
1022 1987 1161 2030 plenam
1196 1987 1344 2020 caritate
1376 1990 1411 2020 et
1443 1986 1496 2018 di-

106 2049 269 2084 lectione.
319 2049 448 2095 Sicque
472 2052 507 2084 in
533 2051 666 2085 coelum
692 2050 853 2096 gaudens
879 2052 1070 2095 suscipitur
1105 2054 1140 2085 et
1170 2060 1192 2084 a
1217 2050 1349 2084 dextris
1374 2049 1437 2083 filii
1462 2051 1496 2084 in

106 2114 233 2149 throno
268 2114 407 2160 gloriae
444 2115 658 2157 collocatur,
699 2115 854 2160 apostoli
889 2118 1004 2149 autem
1040 2114 1203 2149 viderunt
1238 2115 1314 2159 eJus
1348 2115 1496 2148 animam

105 2181 194 2214 tanti
220 2190 300 2215 esse
324 2180 512 2224 candoris,
544 2184 582 2215 ut
606 2180 703 2215 nulla
726 2180 923 2215 mortalium
949 2180 1070 2226 lingua
1094 2183 1217 2225 posset
1244 2179 1356 2214 effari.
1406 2179 1496 2214 Tres

108 2249 222 2280 autem
247 2247 424 2292 virgines,
450 2256 540 2291 quae
564 2245 692 2280 ibidem
719 2249 837 2288 erant,
862 2256 937 2280 cum
963 2255 1091 2290 corpus
1117 2246 1194 2291 eJus
1217 2244 1358 2279 lavandi
1380 2247 1497 2291 gratia

107 2311 390 2356 exspoliassent,
425 2315 524 2345 tanta
556 2312 672 2346 statim
703 2321 831 2357 corpus
865 2312 1025 2346 claritate
1060 2310 1297 2355 resplenduit,
1331 2315 1369 2345 ut
1397 2311 1497 2356 tangi

108 2376 247 2421 quidem
267 2375 313 2410 ad
330 2376 514 2411 lavandum
532 2380 667 2421 posset,
691 2376 804 2412 videri
823 2381 938 2411 autem
964 2387 1034 2410 non
1060 2380 1202 2422 posset:
1228 2375 1360 2410 tamdiu
1383 2379 1497 2410 autem

108 2441 168 2476 lux
193 2441 255 2475 illa
287 2441 416 2477 ibidem
440 2442 675 2487 resplenduit,
714 2441 826 2477 donec
856 2452 984 2486 corpus
1009 2451 1030 2475 a
1056 2440 1252 2487 virginibus
1277 2440 1386 2476 lotum
1419 2440 1498 2476 fuit.

108 2506 274 2552 Apostoli
299 2512 414 2543 autem
442 2518 569 2553 corpus
595 2508 671 2551 ejus
697 2511 900 2542 reverenter
935 2510 1101 2551 ceperunt
1136 2511 1170 2541 et
1202 2516 1309 2551 super
1334 2506 1497 2541 feretrum

108 2576 302 2616 posuerunt
336 2572 495 2619 dixitque
527 2572 707 2608 Johannes
742 2572 866 2608 Petro:
904 2571 992 2606 lianc
1024 2571 1172 2617 palmam
1207 2578 1288 2606 ante
1320 2571 1497 2612 feretrum,

108 2636 230 2679 Petre,
267 2638 447 2684 portabis,
484 2639 565 2684 quia
592 2638 750 2673 domiuus
780 2637 882 2673 nobis
907 2641 941 2673 te
966 2637 1133 2683 praetulit
1161 2640 1196 2673 ct
1220 2647 1358 2673 suarum
1385 2638 1498 2672 ovium
