1742 3005
319 130 414 180 Cap.
445 129 542 166 LIV.
601 129 660 165 De
693 127 970 165 resurrectione
1002 127 1159 166 domini.
1350 125 1430 165 239

43 236 138 269 misit
160 235 196 267 in
219 233 390 279 praemio,
413 237 451 268 ut
475 234 565 268 sieut
590 243 708 268 omnes
729 234 841 277 ipsum
867 233 1107 267 resurrexisse
1131 231 1252 267 fideles
1277 241 1429 278 cognos-

43 303 179 342 cerent,
213 300 262 333 ita
287 300 322 332 in
348 309 386 334 se
413 300 501 344 ipsis
534 300 569 333 in
596 298 662 334 fine
688 298 803 332 mundi
831 299 987 343 praemia
1009 299 1279 333 resurrectionis
1307 307 1430 343 spera-

43 368 130 400 rent.
176 363 290 399 Idem:
316 375 383 399 non
409 365 488 410 plus
520 375 623 410 quam
646 364 841 398 triduanam
876 373 955 398 esse
981 368 1124 398 mortem
1152 364 1281 405 voluit,
1308 374 1370 401 ne,
1400 365 1431 397 si

43 431 78 464 in
103 430 165 464 illo
198 431 408 465 resurreetio
435 430 655 473 differretur,
686 431 720 463 in
747 429 847 463 nobis
875 430 1011 462 omnino
1040 429 1299 472 desperaretur.
1348 429 1431 464 Ideo

44 492 212 530 habemus
255 506 350 540 spem
392 497 659 531 resurrectionis
705 499 848 528 nostrae
891 494 1115 528 considerata
1154 495 1269 539 gloria
1303 497 1430 539 eapitis

44 564 166 596 nostri.
223 562 323 595 Circa
344 563 509 605 quintum,
537 561 670 594 seilicet
696 564 841 604 propter
873 559 955 603 quid
982 562 1187 594 resurrexit.
1232 560 1430 603 Sciendum,

46 627 139 673 quod
164 630 309 672 propter
332 630 482 670 quatuor
508 635 654 671 magnas
679 626 850 659 utilitates
877 629 1016 659 nostras
1045 627 1209 663 surrexit,
1257 625 1318 660 Est
1344 629 1433 661 enim

46 694 122 738 ejus
147 692 357 727 resurreetio
392 701 544 735 operans
575 691 860 736 justificationem
895 695 1135 735 peecatorum,
1171 692 1299 726 doeens
1333 695 1434 726 novi-

45 762 150 792 tatem
190 767 344 798 morum,
377 766 552 801 generans
583 767 679 801 spem
719 756 761 791 de
803 758 1002 801 receptione
1038 758 1365 792 remunerandorum
1401 763 1435 792 et

44 832 194 858 causans
217 823 508 856 resurrectionem
535 824 696 856 omnium.
744 822 794 856 De
820 824 929 866 primo
955 822 1096 857 Roman.
1122 823 1183 857 IV:
1208 824 1356 857 traditus
1382 828 1436 859 est

45 892 191 934 propter
205 887 333 922 delicta
348 891 470 921 nostra
484 892 517 922 et
535 889 728 922 resurrexit
753 892 898 931 propter
929 888 1251 931 ¹)justitieationem
1268 894 1433 923 nostram.

47 954 96 989 De
130 952 282 988 seeundo
316 951 456 986 Roman.
493 953 556 988 vl:
596 955 683 987 sieut
719 952 876 985 (Ilii-istus
909 954 1103 986 resurrexit
1135 963 1155 987 a
1190 956 1334 987 mortuis
1373 966 1436 999 per

47 1020 196 1066 gloriam
221 1020 354 1063 patris,
393 1020 443 1052 ita
468 1023 503 1053 et
529 1029 591 1052 nos
616 1020 650 1052 in
678 1020 834 1052 novitate
861 1019 953 1051 vitae
980 1017 1204 1053 ambulemus.
1254 1019 1304 1054 Ile
1331 1022 1435 1055 tertio

47 1085 73 1121 I.
99 1084 190 1120 Petr.
223 1083 270 1120 ll:
311 1085 368 1130 qui
400 1088 545 1131 propter
578 1095 737 1131 magnam
777 1083 1048 1119 misericordiam
1083 1095 1179 1119 suam
1213 1088 1438 1121 resuscitavit

48 1162 111 1186 nos
134 1152 169 1185 in
196 1161 292 1196 spem
320 1153 413 1187 vitae
439 1163 502 1197 per
526 1153 814 1187 resurrectionem
837 1150 966 1185 Christi
992 1162 1011 1185 a
1029 1152 1186 1185 mortuis.
1236 1152 1285 1186 De
1312 1156 1436 1197 quarto

47 1216 73 1252 1.
100 1216 178 1251 Cor.
205 1216 288 1252 xV:
321 1217 482 1252 Christus
514 1219 671 1252 dominus
704 1219 897 1252 resurrexit
931 1228 951 1251 a
977 1219 1121 1251 mortuis
1152 1218 1326 1262 primitiae
1355 1218 1437 1252 dor-

49 1283 245 1324 mientium,
281 1285 441 1328 quoniam
467 1284 604 1330 quidem
631 1295 693 1329 per
717 1283 887 1318 hominem
915 1294 1006 1317 mors
1035 1288 1067 1318 et
1094 1295 1157 1328 per
1184 1285 1353 1319 hominem
1383 1294 1438 1319 re-

50 1349 220 1382 surreetio
245 1353 469 1384 mortuorum.
518 1348 561 1383 Et
585 1349 771 1383 notandum
798 1349 903 1393 quod,
930 1351 1019 1382 sieut
1035 1354 1131 1393 patet
1156 1361 1220 1394 per
1243 1349 1438 1394 praedicta,

51 1412 210 1448 Christus
237 1414 271 1447 in
296 1424 360 1448 sua
384 1416 638 1449 resurreetione
665 1419 813 1459 quatuor
846 1413 967 1447 habuit
994 1416 1149 1459 propria.
1198 1414 1345 1449 Primum
1373 1418 1439 1456 est,

52 1478 146 1524 quod
172 1483 293 1513 nostra
320 1481 531 1514 resurrectio
556 1490 667 1525 usque
692 1481 726 1513 in
742 1480 839 1513 linem
860 1479 1030 1521 differtur,
1058 1490 1120 1514 sua
1148 1491 1230 1515 vero
1257 1480 1313 1515 die
1335 1482 1441 1515 tertia

51 1543 230 1578 celebrata
256 1548 319 1578 est.
370 1544 562 1579 Secundum
589 1547 670 1590 quia
695 1555 758 1578 nos
786 1556 849 1589 per
875 1545 970 1578 illum
1000 1547 1216 1590 resurgimus
1234 1574 1241 1587 ‚
1271 1546 1328 1580 ille
1355 1556 1439 1580 vero

52 1620 115 1655 per
142 1620 192 1644 se.
244 1608 340 1644 Unde
365 1609 587 1644 Ambrosius:
614 1610 787 1656 quomodo
821 1612 933 1655 potuit
959 1610 1168 1655 adjutorium
1204 1613 1257 1646 sui
1282 1612 1441 1656 eorporis

53 1685 222 1721 quaerere
250 1675 455 1718 suscitandi,
482 1678 539 1721 qui
566 1677 654 1710 alios
681 1677 895 1710 suscitavit?
922 1676 1076 1710 Tertium
1104 1682 1169 1718 est,
1197 1679 1279 1722 quia
1307 1687 1371 1711 nos
1388 1678 1440 1710 in-

52 1742 259 1784 cineramur,
284 1740 346 1776 sed
371 1751 498 1786 eorpus
521 1742 597 1786 ejus
614 1742 880 1776 incinerarinon
902 1743 1026 1787 potuit.
1077 1742 1241 1782 Quartum
1266 1746 1331 1784 est,
1360 1743 1443 1787 quia

53 1818 118 1843 sua
144 1808 355 1843 resurreetio
381 1811 434 1842 est
459 1811 601 1841 nostrae
620 1809 888 1841 resurrectionis
913 1818 1021 1842 eausa
1034 1807 1202 1850 efficiens,
1230 1808 1442 1853 exemplaris

53 1878 87 1910 et
111 1873 386 1908 sacramentalis.
443 1872 494 1907 De
527 1874 639 1917 prima
675 1882 783 1906 eausa
818 1872 942 1907 Glossa
971 1884 1078 1918 super
1110 1873 1258 1909 Psalm.:
1292 1873 1336 1907 ad
1364 1884 1443 1907 ves-

55 1952 172 1987 perum
199 1938 438 1976 demorabitur
456 1938 557 1973 fletus
573 1943 636 1974 etc.
670 1938 893 1973 Resurrectio
919 1938 1047 1973 Clu-isti
1075 1944 1129 1974 est
1154 1950 1262 1974 causa
1287 1939 1443 1974 efficiens

54 2006 322 2041 resurrectionis
358 2005 493 2038 animae
527 2006 562 2038 in
596 2006 776 2049 praesenti
811 2008 845 2039 et
875 2007 1034 2049 eorporis
1071 2006 1104 2039 in
1134 2005 1261 2040 futuro.
1311 2004 1362 2039 De
1386 2014 1444 2038 se·-

54 2071 167 2106 cunda
187 2070 213 2105 Ι.
239 2070 318 2105 Cor.
343 2068 425 2104 XV:
451 2070 483 2103 si
509 2068 668 2103 Christus
691 2071 883 2104 resurrexit
909 2074 974 2104 etc.
1030 2070 1080 2105 De
1104 2072 1211 2105 tertia
1235 2070 1379 2104 Roman.
1398 2068 1445 2103 Vl

54 2141 91 2172 ut
116 2135 289 2182 quomodo
315 2134 474 2169 Christus
493 2138 558 2169 ete.
610 2134 712 2168 Circa
737 2139 882 2177 sextum,
910 2135 1044 2169 seilicet
1068 2136 1230 2180 quotiens
1256 2143 1445 2180 resurgens

55 2203 278 2247 apparuerit,
315 2199 502 2234 notandum
537 2203 610 2242 est,
647 2199 738 2245 quod
771 2200 851 2244 ipsa
888 2200 944 2235 die
979 2201 1248 2234 resurrectionis
1282 2200 1447 2244 apparuit

0 2258 2 2304 J
56 2268 209 2312 quinque
241 2266 376 2300 vicibus
405 2268 487 2309 ²)et
521 2266 601 2300 aliis
636 2264 761 2300 diebus
798 2264 1027 2311 sequentihus
1061 2266 1164 2299 etiam
1203 2266 1355 2311 quinque
1394 2266 1445 2300 ri-

3 2328 5 2330 ’
55 2331 167 2366 cibus.
222 2330 337 2365 Primo
372 2333 462 2366 enim
495 2332 660 2377 apparuit
684 2330 823 2366 Mariae
848 2330 1098 2377 Magdalenae.
1145 2330 1224 2366 Joh.
1247 2329 1337 2371 XX,
1365 2331 1446 2363 item

56 2396 170 2432 Marci
206 2395 292 2430 ult.:
326 2405 475 2441 surgens
514 2396 618 2432 Jesus
659 2406 758 2431 mane
800 2398 912 2441 prima
947 2395 1089 2430 sabbati
1129 2396 1296 2440 apparuit
1335 2395 1446 2438 primo

55 2461 193 2498 Mariae
218 2459 454 2506 Magdalenae
487 2464 575 2504 etc.,
611 2471 699 2506 quae
734 2466 851 2506 typum
883 2462 977 2505 gerit
1009 2461 1274 2504 poenitentium.
1328 2458 1448 2493 Voluit

56 2530 171 2562 autem
212 2527 324 2571 primo
372 2535 544 2570 apparere
582 2525 720 2561 Mariae
759 2525 998 2570 Magdalenae
1041 2526 1194 2570 quinque
1236 2523 1279 2559 de
1316 2525 1445 2558 causis.

13 2619 15 2621 .
55 2591 170 2626 Primo
195 2592 279 2638 quia
304 2591 485 2626 ardentius
511 2590 703 2637 diligebat,
749 2590 834 2625 Luc.
861 2589 940 2624 Vll:
972 2588 1118 2623 dimissa
1142 2593 1222 2624 sunt
1246 2591 1278 2624 ei
1301 2594 1447 2634 peecata

123 2736 152 2768 1)
170 2733 224 2762 Ed.
243 2737 286 2762 Pr.
305 2733 376 2768 legit
393 2732 603 2769 justitiam.
701 2733 730 2766 2)
747 2731 846 2760 Verba
866 2735 901 2759 et
921 2745 952 2752 —
971 2730 1130 2759 vicibus
1149 2729 1260 2759 omittit
1278 2729 1332 2757 Ed.
1351 2733 1395 2759 l'r.
