1742 3005
331 124 425 174 Cap.
457 123 552 160 LlV.
612 125 669 161 De
699 124 974 161 resurrectione
1006 122 1163 160 domini.
1362 120 1442 161 235

53 226 122 262 Sed
163 225 380 270 postmodum
413 226 582 262 Tiberius
618 226 785 269 audiens,
836 227 987 274 qualiter
1022 227 1196 263 Christum
1239 225 1441 269 occidisset,

53 292 164 335 ipsum
190 291 233 326 de
261 292 367 326 exilio
397 292 499 327 educi
524 298 558 328 et
584 293 628 328 ad
657 304 696 328 se
712 293 852 328 Romam
877 293 1004 328 adduci
1028 293 1124 328 fecit.
1171 291 1345 328 Eusebius
1377 302 1439 327 au-

50 360 118 391 tem
146 360 180 391 et
202 356 301 392 Beda
326 359 361 392 in
386 360 460 393 suis
485 359 660 394 chronicis
685 371 754 394 non
780 359 895 393 dicunt
921 360 1031 403 ipsum
1059 360 1092 393 in
1120 359 1224 394 exilio
1250 358 1443 404 relegatum

51 421 115 456 sed
146 427 303 465 tantum,
342 424 436 471 quod
473 427 507 459 in
531 426 656 460 multas
682 425 900 459 calamitates
927 424 1084 458 incidens
1108 426 1251 469 propria
1276 435 1379 459 manu
1403 435 1443 459 sc

51 490 209 532 peremit.
835 508 845 525 l

103 588 162 622 De
195 587 566 628 festivitatibus,
601 597 713 632 quae
750 590 1002 629 occurrunt
1037 585 1160 621 infra
1193 591 1371 633 tempus

528 652 964 687 reconciliationis,

139 729 240 763 DIcto
266 728 309 763 de
327 728 590 771 festivitatibus,
619 739 709 774 quae
734 733 917 762 occurrunt
942 728 1033 762 infra
1056 732 1192 773 tempus
1219 728 1442 768 deviationis,

50 793 142 839 qnod
167 795 296 839 incepit
322 794 365 828 ab
392 794 503 830 Adam
543 800 577 830 et
601 795 740 829 duravit
775 805 885 839 usque
913 793 957 827 ad
984 794 1152 839 Moysen:
1188 794 1279 840 quod
1305 799 1442 840 tempus

49 863 292 904 repraesentat
325 860 475 894 ecclesia
506 870 526 894 a
561 861 823 905 septuagesima
859 870 968 904 usque
1010 859 1053 893 ad
1088 859 1238 904 pascha,
1283 863 1445 905 sequitur

49 924 168 960 videre
196 925 238 960 de
267 925 530 966 festivitatibus,
554 936 643 971 qnae
668 927 830 960 eveniunt
857 925 949 958 infra
973 928 1107 968 tempus
1134 926 1445 969 reconciliationis,

50 990 142 1036 quod
166 996 300 1035 tempus
322 995 567 1036 repraesentat
593 991 743 1026 ccclesia
770 1000 791 1024 a
819 989 952 1035 pascha
974 1000 1083 1035 usque
1108 990 1152 1024 ad
1177 995 1336 1025 octavam
1359 1002 1443 1036 pen-

49 1061 212 1091 tecostcs.

521 1323 646 1384 CAR
676 1323 782 1384 ΠΥ.
822 1322 959 1385 (52).

294 1423 394 1466 De
421 1420 898 1466 resurrectione
930 1419 1194 1466 dunfini.

140 1530 362 1566 Resurrectio
391 1531 519 1566 Christi
545 1534 651 1566 tertia
676 1532 732 1566 die
760 1542 781 1565 a
807 1532 972 1576 passione
992 1532 1103 1575 ipsius
1132 1531 1225 1565 facta
1245 1535 1308 1566 cst.
1346 1532 1446 1567 Circa

52 1600 166 1632 autem
183 1598 295 1641 ipsam
318 1599 607 1632 resurrectionem
627 1597 831 1632 dominicam
849 1601 982 1641 septem
1002 1607 1066 1640 per
1086 1596 1241 1630 ordinem
1264 1601 1343 1631 sunt
1363 1608 1446 1632 con-

52 1661 252 1697 sideranda.
299 1662 449 1697 Primum
474 1664 626 1709 qualiter
651 1673 768 1698 verum
787 1665 843 1703 sit,
871 1662 964 1707 qnod
990 1661 1101 1695 tribus
1128 1661 1252 1697 diebus
1278 1667 1313 1697 et
1333 1664 1446 1698 tribus

51 1728 211 1762 noctibus
238 1729 274 1762 in
309 1728 495 1773 sepulchro
523 1730 637 1774 Jacuit
667 1734 701 1763 et
735 1731 769 1763 in
803 1729 859 1763 die
896 1729 1002 1762 tertia
1036 1730 1237 1763 resurrexit.
1287 1729 1445 1763 Sec-undo

53 1803 161 1839 quare
184 1804 253 1828 non
277 1795 394 1827 statim
419 1798 457 1828 ut
481 1798 636 1829 mortuus
658 1799 723 1837 est,
750 1796 956 1837 resurrexit,
983 1794 1045 1829 sed
1069 1805 1179 1840 usque
1203 1795 1237 1828 in
1262 1794 1351 1829 diem
1375 1800 1446 1830 ter-

50 1860 134 1892 tium
161 1860 392 1904 exspectavit.
442 1859 587 1902 Terti0,
634 1860 785 1906 qualiter
821 1862 1032 1895 resurrexit:
1070 1864 1218 1905 quarto,
1255 1871 1363 1906 quare
1390 1873 1446 1896 re-

52 1925 300 1959 surrectionem
328 1934 425 1959 suam
449 1925 662 1960 acceleravit
687 1936 750 1960 nec
776 1936 887 1971 usque
913 1924 956 1959 ad
985 1926 1186 1971 generalem
1215 1929 1445 1961 resurrectio-

52 1999 128 2023 nem
148 1989 301 2023 distulit:
327 1991 460 2034 quinto,
475 1995 620 2036 propter
635 1991 718 2037 quid
734 1993 947 2026 resurrexit:
970 1995 1084 2034 sexto,
1100 2002 1289 2037 resurgens
1305 1993 1338 2037 ¹)
1357 2004 1445 2037 quo-

51 2055 119 2088 ties
145 2056 330 2098 apparuit:
358 2057 518 2100 septimo,
546 2057 697 2102 qualiter
722 2061 863 2090 sanctos
889 2062 1032 2101 patres,
1059 2058 1118 2101 qui
1143 2061 1243 2091 erant
1267 2059 1301 2090 in
1325 2058 1445 2098 limbo,

52 2118 133 2153 inde
151 2119 272 2153 eduxit
295 2123 329 2154 et
355 2120 435 2165 quid
456 2121 506 2155 ibi
524 2123 607 2166 egit.
647 2122 749 2156 Circa
768 2123 913 2166 primum
940 2121 1142 2163 notandum,
1169 2121 1261 2166 quod
1287 2121 1445 2156 Christus

52 2184 165 2218 trihus
191 2184 314 2219 diebus
341 2191 376 2220 et
398 2185 510 2220 tribus
535 2187 694 2221 noctibus
729 2188 764 2221 in
790 2187 977 2231 sepulchro
1004 2187 1114 2221 fuisse
1139 2186 1286 2228 dicitur,
1321 2197 1446 2221 secun-

53 2249 132 2283 dum
155 2250 386 2296 Augustinum
418 2262 483 2297 per
506 2252 747 2297 synecdochen
762 2253 818 2297 2),
856 2257 893 2287 ut
918 2254 1029 2297 prima
1061 2251 1136 2286 dies
1170 2254 1364 2297 accipiatur
1389 2264 1445 2288 se-

53 2313 200 2348 cundum
227 2320 360 2359 partem
386 2319 440 2352 sui
463 2322 652 2354 extremam
668 2347 675 2361 ‚
713 2319 868 2354 secunda
892 2319 967 2353 dies
1001 2318 1188 2353 secundum
1215 2329 1252 2353 se
1279 2322 1386 2352 totam
1412 2322 1446 2352 et

54 2383 188 2424 partem
215 2381 270 2414 sui
303 2382 498 2427 integram,
532 2386 640 2418 tertia
662 2384 850 2419 secundum
884 2388 1018 2428 partem
1053 2385 1105 2418 sui
1135 2385 1299 2428 primam:
1337 2386 1371 2417 et
1395 2383 1445 2416 sic-

54 2448 156 2479 erunt
178 2448 251 2479 tres
278 2444 353 2480 dies
379 2450 414 2481 et
436 2447 583 2491 quilibet
604 2449 728 2483 horum
752 2449 885 2484 dierum
914 2459 1011 2483 suam
1035 2452 1169 2482 noctem
1193 2447 1316 2481 habuit
1341 2458 1444 2491 prae-

55 2509 245 2545 cedentem.
301 2510 400 2545 Tunc
433 2513 523 2546 enim
549 2514 737 2548 secundum
772 2514 902 2548 Bedam
937 2517 1088 2547 mutatus
1123 2516 1177 2546 est
1209 2512 1265 2546 hic
1297 2513 1383 2547 ordo
1411 2517 1445 2548 et

53 2586 176 2611 cursus
201 2576 334 2612 dierum
361 2587 402 2612 ac
426 2579 598 2621 noc-tium,
635 2582 740 2613 antea
764 2580 852 2613 enini
879 2578 954 2613 dies
982 2576 1240 2622 praecedebant
1265 2581 1299 2612 et
1323 2582 1444 2613 noctes

124 2730 152 2764 1)
171 2731 302 2759 Verbum
321 2740 528 2764 resurgens
549 2732 585 2761 ul.
607 2731 755 2759 omittunt.
809 2733 837 2764 2)
858 2731 910 2757 Ed.
927 2735 969 2759 I'r.
984 2731 1060 2759 male
1079 2731 1164 2763 legit:
1189 2732 1244 2759 sin
1257 2732 1442 2758 udochen.
