1742 3005
257 99 353 160 Cap.
385 98 571 138 CLXXX.
631 101 687 139 De
719 103 855 139 sanctis
887 103 1063 141 Barlaam
1096 111 1133 141 et
1160 104 1354 155 Josaphat.
1413 105 1495 144 817

116 204 268 248 amicos,
305 214 379 240 cum
419 205 543 251 quibus
579 216 631 242 me
667 207 772 243 bodie
806 208 932 243 laetari
967 211 1123 253 oportet,
1169 219 1256 254 quos
1298 216 1333 246 et
1365 215 1496 249 amicos

115 270 241 304 amodo
273 271 482 315 possidebo,
521 272 676 316 praebeo
706 277 821 308 tamen
852 274 915 308 tibi
951 274 1018 308 duo
1054 274 1230 317 ciliciola,
1274 281 1311 311 ut
1350 278 1496 323 babeas,

115 336 241 381 quibus
267 336 388 371 valeas
416 338 559 381 operiri.
610 337 782 373 Confusus
811 341 919 384 igitur
944 340 985 373 ad
1015 340 1200 374 sec-undum
1228 344 1321 377 venit
1349 349 1382 379 et
1400 348 1496 380 simi-

114 400 196 435 liter
226 402 302 446 ejus
336 402 502 435 auxilium
538 403 740 447 postulavit.
799 404 860 438 Cui
900 404 977 437 ille:
1019 415 1084 438 non
1122 411 1223 439 vacat
1261 408 1343 442 mibi
1386 416 1496 447 terum

115 466 233 501 subire
269 477 437 512 agonem3
481 470 574 502 euris
610 470 734 502 etenim
771 469 885 502 multis
923 470 1140 511 circumdor,
1178 471 1346 507 modicum
1385 480 1498 512 tamen

114 541 226 577 usque
245 533 289 566 ad
313 534 436 567 ostium
457 534 578 578 palatii
603 538 636 567 te
663 533 809 567 sociabo
830 538 862 567 et
881 535 995 567 statim
1017 534 1151 568 domum
1171 541 1328 571 revertar
1346 544 1498 585 propriis

114 606 243 631 vacans
264 600 428 642 negotiis.
479 598 609 632 Tristis
630 600 738 643 igitur
757 603 790 632 et
810 599 1003 643 desperans
1024 599 1068 633 ad
1089 602 1226 635 tertium
1247 605 1391 638 amicum
1420 618 1499 651 per-

114 666 205 697 rexit
225 663 363 707 sibique
384 663 473 698 facie
492 663 645 697 demissa
667 663 774 697 dixit:
802 675 869 697 nou
889 664 1004 698 liabeo
1032 676 1070 699 os
1097 665 1259 711 loquendi
1281 669 1322 703 ad
1341 675 1385 711 te,
1412 684 1501 717 quo-

112 729 202 762 niam
233 738 312 769 non,
339 732 376 761 ut
401 727 519 770 debui,
547 731 660 763 amavi
684 733 731 767 te,
759 729 819 763 sed
848 731 881 763 in
906 729 1135 764 tribulatione
1154 733 1385 770 circumdatus
1403 744 1436 772 et
1455 740 1498 773 ab

113 794 232 827 amicis
258 793 446 828 destitutus
471 805 578 839 rogo,
604 799 642 828 ut
668 795 749 828 mibi
776 796 940 828 auxilium
972 795 1064 829 seras
1093 800 1125 830 et
1144 798 1225 831 mibi
1244 802 1375 836 veniam
1395 815 1498 847 prae-

113 858 212 894 beas.
261 858 303 893 Et
337 859 396 894 ille
430 859 534 893 hilari
571 860 664 894 vultu
700 860 806 893 dixit:
844 865 937 894 certe
973 863 1115 894 amicum
1143 865 1358 900 carissimmn
1386 869 1500 904 fateor

112 929 147 958 te
175 934 255 959 esse
283 927 316 959 et
344 927 415 967 tui,
452 925 533 959 licet
559 925 703 966 modici,
739 924 899 959 beneficii
935 936 1000 958 non
1029 927 1205 960 immemor
1230 933 1438 972 praecedam
1465 942 1498 971 1(-

112 994 147 1024 et
173 989 265 1034 apud
296 1001 412 1035 regem
441 992 664 1024 interveniam
692 1001 754 1034 pro
781 994 833 1031 tc,
867 1001 910 1024 ne
940 991 970 1023 iu
1000 991 1156 1026 manibus
1183 998 1216 1028 te
1242 997 1358 1032 tradat
1384 1001 1497 1035 inimi—

111 1066 240 1090 corum.
288 1056 422 1090 Primus
452 1058 558 1101 igitur
583 1057 713 1089 amicus
742 1060 795 1090 est
820 1056 1017 1089 divitiarum
1048 1061 1249 1101 possessio,
1282 1072 1344 1105 pro
1371 1066 1497 1109 quibus

112 1121 215 1155 bomo
242 1122 357 1156 multis
384 1122 548 1167 periculis
575 1121 754 1165 subjacet,
789 1122 946 1156 veniente
980 1133 1062 1156 vero
1094 1125 1215 1158 mertis
1241 1130 1385 1162 termino
1412 1132 1497 1168 nibil

113 1197 154 1222 ex
180 1186 339 1221 omnibus
365 1189 432 1222 nisi
461 1188 546 1222 viles
577 1189 702 1231 accipit
722 1187 763 1220 ad
786 1187 1024 1231 sepeliendum
1048 1190 1266 1233 panniculos.
1316 1194 1498 1231 Secundus

111 1254 244 1287 amic-us
271 1258 325 1287 est
349 1264 457 1295 uxor,
487 1253 547 1287 fuit
574 1258 607 1286 et
633 1257 818 1297 parentes,
852 1254 910 1297 qui
936 1258 1065 1287 tantum
1092 1266 1202 1300 usque
1229 1256 1271 1290 ad
1299 1269 1495 1297 monumen-

111 1323 180 1352 tum
209 1329 323 1353 secum
351 1323 540 1364 pergentes
567 1319 724 1363 protinus
753 1323 971 1352 revertuntur
996 1321 1067 1353 suis
1096 1326 1257 1357 vacantes
1282 1327 1394 1365 ‹·uris;
1427 1333 1496 1362 ter-

110 1386 180 1418 tius
206 1386 337 1418 amicus
364 1389 417 1419 est
443 1384 550 1424 futes,
578 1394 659 1428 spes
689 1389 721 1418 et
747 1386 876 1418 caritas
903 1389 937 1418 et
964 1385 1154 1420 elemosina
1181 1392 1213 1421 et
1239 1394 1377 1425 caetera
1406 1393 1498 1428 bona

110 1460 239 1495 opera,
277 1460 367 1495 quae
394 1460 479 1490 nos,
517 1460 589 1484 eum
618 1451 750 1484 eximus
778 1450 819 1484 de
845 1460 1014 1495 corpore,
1051 1458 1197 1495 possunt
1227 1457 1438 1497 praecedere
1464 1465 1497 1493 et

110 1526 174 1560 pro
210 1515 311 1549 nohis
347 1516 439 1560 apud
476 1515 581 1549 Deum
616 1517 827 1550 intervenire
864 1520 898 1550 et
931 1516 974 1550 ab
1005 1518 1151 1550 inimicis
1179 1518 1406 1555 daemonibus
1432 1535 1496 1557 nos

108 1582 273 1618 liberare.
322 1581 393 1615 Hoc
427 1583 571 1626 insuper
607 1581 743 1614 addidit
778 1581 910 1615 dicens.
961 1580 997 1615 ln
1031 1582 1177 1626 quadam
1205 1594 1331 1630 magna
1357 1589 1497 1624 civitate

110 1649 327 1685 consuetudo
362 1648 446 1688 suit,
485 1647 578 1692 quod
614 1646 784 1681 bominem
811 1652 1011 1681 extraneum
1048 1652 1080 1681 et
1108 1649 1261 1693 ignotum
1290 1654 1377 1686 omni
1404 1663 1496 1688 anno

109 1717 144 1750 in
171 1717 362 1761 principem
389 1712 589 1759 eligebant,
619 1714 674 1746 cui
701 1714 790 1746 omui
818 1717 995 1757 potestate
1022 1718 1178 1758 accepta,
1206 1716 1372 1761 quidquid
1400 1720 1496 1755 vote-

109 1781 170 1816 bat
198 1781 334 1822 faeere,
365 1779 493 1813 licitum
530 1782 606 1812 erat
631 1782 664 1812 ct
690 1780 765 1812 sine
791 1780 880 1812 omni
907 1780 1157 1814 constitutione
1184 1784 1310 1816 terram
1337 1785 1496 1830 regebat,

109 1845 173 1881 ltto
207 1847 316 1892 igitur
346 1846 380 1878 in
413 1844 572 1878 omnibus
607 1844 745 1878 deliciis
779 1850 1002 1889 permanente
1029 1850 1061 1879 et
1086 1856 1224 1890 semper
1246 1848 1314 1881 sibi
1341 1851 1392 1884 sic
1417 1862 1496 1887 esse

111 1913 354 1953 existimante,
384 1914 527 1955 repente
553 1902 647 1945 cives
673 1912 706 1944 in
734 1921 808 1945 eum
835 1912 1066 1956 insurgebant
1094 1916 1127 1945 et
1153 1922 1216 1956 per
1242 1917 1348 1948 totam
1373 1917 1498 1951 civita-

109 1983 178 2013 tem
210 1977 337 2012 nudum
371 1975 552 2010 trahentes
588 1977 621 2010 in
656 1981 820 2010 remotam
848 1977 994 2011 insulam
1023 1977 1175 2011 exsulem
1202 1981 1496 2022 transmittebant,

109 2042 171 2076 ubi
202 2053 266 2076 nec
301 2041 412 2075 cibum
444 2050 507 2074 nec
541 2043 779 2075 vestimentum
815 2043 995 2075 inveniens
1033 2042 1122 2076 same
1163 2047 1196 2076 et
1229 2043 1363 2089 frigore
1388 2057 1494 2091 urge-

110 2107 228 2144 batur,
275 2104 433 2140 Tandem
470 2105 608 2148 quidam
642 2105 731 2138 alius
766 2106 973 2139 sublimatus
1007 2107 1040 2139 in
1076 2117 1206 2151 regno,
1248 2118 1322 2142 cum
1359 2110 1496 2145 illorum

109 2174 235 2208 civium
275 2169 560 2206 consuetudinem
595 2168 796 2210 didicisset,
845 2170 998 2204 infinitos
1039 2170 1224 2206 thesauros
1266 2172 1310 2206 ad
1349 2175 1494 2209 insulam

111 2239 206 2273 illam
234 2238 433 2283 praemisit,
460 2235 519 2269 ubi
546 2238 625 2279 post
650 2245 772 2269 annum
801 2237 833 2269 iu
859 2236 1017 2270 exsilium
1037 2237 1216 2282 relegatus
1236 2241 1386 2274 caeteris
1406 2240 1496 2276 fame

112 2303 354 2339 deficientibus
381 2301 440 2336 ille
467 2302 643 2336 immensis
670 2301 805 2336 deliciis
827 2301 1043 2337 abundabat.
1093 2303 1224 2338 Civitas
1245 2303 1333 2339 haec
1351 2307 1496 2340 mundus

112 2372 181 2404 iste
206 2373 278 2410 est;
303 2370 398 2402 cives
423 2367 645 2402 tenebrarum
673 2369 872 2413 principes,
899 2369 957 2413 qui
985 2379 1048 2402 nos
1077 2368 1169 2402 falsa
1197 2368 1314 2403 muudi
1341 2369 1496 2405 delecta-

112 2420 208 2469 tioise
234 2434 409 2473 alliciunt,
434 2434 608 2478 nobisque
633 2433 893 2478 insperantibus
920 2444 1011 2468 mors
1037 2436 1239 2478 supervenit
1266 2439 1299 2468 et
1326 2436 1360 2469 in
1384 2435 1497 2470 locum

110 2500 332 2541 tenebrarum
359 2498 610 2544 demergimur3
637 2498 835 2533 divitiarum
859 2509 943 2533 vero
971 2499 1016 2533 ad
1042 2504 1218 2534 aeternum
1252 2500 1364 2534 locum
1393 2512 1497 2545 prae-

112 2567 234 2600 missio
261 2564 479 2599 inmanibus
506 2575 706 2610 egenorum.
753 2563 865 2610 Igitur
897 2575 971 2598 cuin
1006 2564 1165 2598 Barlaani
1202 2565 1359 2608 perfecte
1394 2565 1498 2602 tilium
1527 2598 1535 2603 s

113 2633 209 2676 regis
245 2630 426 2665 docuisset
461 2634 495 2664 et
530 2631 607 2675 ipse
639 2640 713 2664 eum
743 2630 815 2674 jam
849 2629 970 2663 relicto
998 2634 1098 2674 patre
1123 2632 1223 2676 sequi
1247 2630 1373 2673 vellet,
1410 2631 1500 2667 dixit

112 2695 294 2731 Barlaam:
321 2698 349 2731 si
377 2695 442 2730 hoc
469 2695 607 2738 l'eeeris,
634 2695 767 2729 cuidam
788 2696 909 2740 juveni
936 2695 1059 2731 similis
1085 2697 1167 2739 eris,
1193 2698 1263 2741 qui,
1289 2706 1362 2731 cum
1390 2708 1499 2743 quan-

1176 2762 1220 2796 52
