1742 3005
270 124 352 164 638
438 125 538 175 Cap.
564 124 733 161 CXLlll.
791 124 850 161 De
882 126 1021 161 sanctis
1053 125 1192 162 Cosma
1223 133 1259 163 et
1290 125 1490 162 Damiano.

274 231 470 276 praecepit,
503 228 567 262 sed
600 231 714 262 tamen
749 237 811 262 eos
847 228 895 262 nil
933 227 1056 270 laesit,
1092 230 1176 274 quin
1203 230 1320 273 potius
1344 230 1482 265 flamma
1508 231 1661 276 prosiliit

273 298 380 341 longe
405 298 439 330 et
463 292 589 328 multos
616 293 660 329 de
685 293 908 328 adstantibus
928 294 1114 328 interemit.
1162 293 1334 329 Jubentur
1351 305 1437 340 ergo
1460 297 1495 330 in
1513 296 1661 342 equuleo

272 359 461 406 suspendi,
497 360 559 394 sed
592 359 636 394 ab
672 359 801 405 angelo
836 361 935 404 ipsos
966 358 1186 394 custodiente
1224 359 1384 406 fatigatis
1419 360 1602 396 admodum
1628 362 1662 395 in

273 425 456 461 caedendo
482 427 650 460 ministris
679 429 760 460 ante
786 424 986 470 praesidem
1012 424 1234 469 deponuntur
1263 425 1391 460 illaesi.
1440 425 1530 460 Tres
1556 428 1664 472 igitur

273 493 401 527 fratres
434 493 468 525 in
495 501 670 526 carcerem
697 491 781 526 fecit
806 491 939 525 recludi
970 495 1005 526 et
1030 491 1190 526 Cosmam
1218 495 1253 526 et
1279 491 1482 526 Damianum
1505 491 1664 537 cruciligi

273 563 308 594 et
340 568 362 593 a
393 557 524 603 populo
559 557 733 602 lapidari,
770 556 836 591 sed
868 558 902 591 in
936 567 1020 591 suos
1057 556 1195 602 lapides
1233 556 1396 592 redibant
1429 561 1592 592 auctores
1630 560 1666 592 et

274 625 547 671 quamplurimos
582 622 824 658 vulnerabant.
876 622 977 657 Tunc
1007 633 1154 667 praeses
1189 622 1308 658 surore
1339 622 1495 668 repletus
1530 622 1664 657 eductis

272 690 385 726 tribus
413 689 580 723 fratribus
607 693 642 723 et
672 688 847 723 stantibus
868 690 971 733 juxta
995 699 1132 724 crucem
1155 690 1265 734 jiissit
1289 689 1448 723 Cosmam
1475 692 1509 723 et
1525 688 1665 724 Damia-

274 765 353 789 num
382 757 532 798 ¹)supra
556 764 692 788 crucem
719 755 802 798 poni
823 757 857 787 ct
876 763 897 786 a
917 758 1065 798 quatuor
1089 754 1258 788 militibus
1288 755 1475 799 sagittari,
1509 756 1665 800 sagittae

274 831 358 856 vero
392 829 586 854 conversae
619 819 789 864 plurimos
823 818 1076 861 vulnerabant,
1120 819 1183 852 sed
1218 823 1359 853 sanctos
1398 821 1560 854 martires
1597 830 1665 854 non
1710 858 1713 859 ⁷

274 886 477 922 laedebant.
524 884 658 920 Videns
684 888 798 919 autem
827 893 973 928 praeses
1000 885 1033 917 in
1058 883 1217 918 omnibus
1249 895 1287 918 sc
1321 884 1521 926 confusum,
1554 895 1666 930 usque

275 952 321 987 ad
353 955 497 986 mortem
531 952 693 985 anxiatus
728 960 847 984 omnes
878 951 1030 995 quinque
1067 949 1196 985 iratres
1232 949 1314 984 fecit
1347 959 1446 984 mane
1481 950 1663 985 decollari.

275 1018 450 1054 Memores
475 1021 588 1052 autem
615 1016 797 1050 christiani
823 1016 939 1058 verbi,
972 1016 1066 1060 quod
1105 1015 1243 1051 dixerat
1267 1019 1408 1050 sauctus
1437 1015 1597 1058 Gosmas,
1625 1026 1667 1051 ne

276 1087 311 1118 in
340 1083 442 1118 unum
471 1083 722 1127 sepelirentur,
757 1081 985 1127 cogitabant,
1020 1081 1193 1126 quomodo
1221 1082 1351 1116 vellent
1376 1083 1536 1116 martires
1561 1092 1666 1126 sepe-

276 1151 352 1192 liri,
389 1152 424 1183 et
456 1158 537 1183 ecce
570 1147 688 1182 subito
719 1147 872 1182 camelus
907 1147 1049 1181 advenit
1081 1147 1232 1182 humana
1267 1158 1350 1182 voce
1384 1148 1608 1192 proclamans
1635 1150 1669 1182 et

278 1219 420 1250 sanctos
442 1216 476 1248 in
494 1224 561 1248 uno
581 1213 658 1247 loco
684 1212 831 1257 sepeliri
852 1215 1044 1257 praecepit.
1077 1216 1111 1256 ²)
1123 1214 1224 1248 Passi
1243 1217 1322 1247 sunt
1349 1213 1412 1248 sub
1429 1214 1668 1258 Dyocletiano,

278 1283 337 1328 qui
353 1282 470 1326 coepit
487 1281 580 1314 circa
599 1289 709 1313 annos
729 1278 859 1312 domini
880 1277 1142 1314 CCLXXXVlI.
1165 1298 1201 1305 —
1221 1297 1261 1304 —-
1283 1299 1317 1305 -
1347 1283 1393 1317 z.
1412 1279 1574 1314 Rusticus
1591 1280 1668 1324 qui-

279 1347 359 1382 dam
385 1357 458 1381 cum
485 1350 565 1391 post
592 1344 748 1379 lahorem
774 1346 899 1379 messis
926 1346 960 1379 in
986 1354 1106 1389 campo
1135 1349 1257 1389 aperto
1283 1356 1345 1379 ore
1370 1345 1557 1387 dormiret,
1592 1356 1668 1380 ser-

279 1424 365 1459 pens
387 1414 422 1446 in
441 1413 516 1458 ejus
538 1416 570 1456 3)
582 1422 642 1446 ore
660 1413 844 1457 ingressus
864 1414 929 1446 est.
978 1409 1160 1457 Evigilaus
1181 1415 1294 1445 autem
1313 1421 1387 1445 cum
1408 1410 1494 1444 niliil
1512 1412 1669 1453 sentiret,

279 1479 415 1513 domum
450 1477 555 1512 rediit
587 1481 622 1512 et
656 1487 736 1512 sero
770 1477 862 1511 sacto
897 1478 1107 1523 gravissime
1143 1478 1302 1522 torqueri
1337 1487 1375 1511 se
1403 1477 1532 1518 sensit;
1565 1487 1669 1512 voces

279 1546 388 1590 igitur
414 1543 633 1578 miserabiles
668 1543 850 1578 emittebat
887 1547 922 1577 et
955 1547 1097 1578 sanctos
1133 1542 1198 1577 Dei
1224 1543 1383 1577 Cosmam
1409 1547 1443 1578 et
1467 1542 1669 1578 Damianum

280 1612 314 1644 in
348 1611 400 1643 sui
433 1610 598 1642 auxilium
637 1609 842 1651 invocabat,
880 1609 942 1643 sed
970 1619 1044 1643 cum
1070 1609 1172 1643 dolor
1197 1619 1336 1653 semper
1359 1611 1592 1651 incresceret,
1625 1608 1670 1643 ad

280 1676 463 1712 ecclesiam
488 1678 687 1708 sanctorum
712 1676 890 1708 martirum
914 1675 1073 1720 confugit
1105 1679 1139 1710 et
1172 1674 1324 1717 ibidem,
1360 1685 1402 1710 eo
1435 1675 1554 1710 subito
1587 1675 1670 1710 dor-

281 1742 427 1783 miente,
466 1750 631 1784 serpens,
677 1741 766 1773 sicut
799 1741 1013 1782 intraverat,
1059 1751 1122 1785 per
1156 1751 1195 1774 os
1233 1742 1310 1785 ejus
1344 1742 1462 1776 exivit.
1489 1761 1534 1766 —-
1559 1759 1601 1766 -
1629 1760 1670 1766 --

281 1811 328 1845 3.
354 1806 417 1842 Vn·
441 1805 580 1852 quidam
606 1805 711 1851 longe
738 1804 960 1849 profecturus
987 1806 1118 1839 sanetis
1146 1807 1346 1840 martiribus
1374 1806 1522 1841 Cosniae
1546 1811 1580 1841 et
1600 1807 1669 1841 Da-

282 1874 395 1906 miano
420 1882 564 1906 uxorem
590 1882 685 1905 suam
712 1870 982 1910 commendarit,
1011 1870 1096 1905 daus
1125 1871 1156 1904 ei
1181 1871 1319 1915 signum
1344 1872 1481 1912 crucis,
1509 1873 1563 1905 cui
1589 1883 1670 1916 pro-

281 1939 372 1972 tinus
399 1937 544 1971 deberet
568 1946 742 1979 annuere,
776 1937 806 1970 si
831 1935 1020 1981 aliquando
1048 1946 1121 1969 eain
1149 1941 1302 1971 vocaret.
1351 1935 1436 1970 Post
1462 1936 1530 1971 hoc
1556 1941 1670 1972 autem

281 2005 396 2038 sciens
422 2004 557 2047 signum
587 2002 780 2047 dyabolus,
815 2001 907 2046 quod
933 2003 965 2035 ei
998 2003 1142 2035 maritus
1173 2002 1339 2044 dederat,
1374 2012 1413 2036 se
1439 2003 1473 2036 in
1498 2002 1670 2037 hominem

281 2068 545 2113 transfiguravit
572 2072 606 2102 et
630 2069 767 2113 signum
794 2068 858 2110 viri
886 2066 1037 2102 afferens
1065 2067 1171 2101 dixit:
1200 2068 1250 2101 vir
1276 2071 1355 2101 tuus
1381 2067 1424 2100 ab
1452 2067 1513 2101 illa
1530 2069 1670 2103 civitate

280 2135 374 2168 misit
406 2134 451 2167 ad
487 2138 540 2175 te,
577 2137 614 2167 ut
649 2133 772 2166 ducam
805 2137 839 2167 te
868 2132 913 2167 ad
948 2144 1035 2168 euin.
1085 2134 1131 2168 At
1164 2132 1224 2167 illa
1257 2132 1371 2166 adhuc
1399 2134 1450 2168 ire
1477 2132 1670 2168 formidans

280 2201 348 2234 ait:
384 2201 520 2245 signnm
547 2198 684 2244 quidem
715 2209 893 2244 agnosco,
930 2199 992 2234 sed
1027 2200 1109 2244 quia
1133 2200 1266 2233 sanctis
1292 2199 1493 2233 martiribus
1524 2199 1670 2234 Cosmae

281 2270 316 2300 et
340 2265 506 2299 Damiano
531 2265 771 2299 commendata
797 2275 869 2298 sum
885 2292 893 2307 ,
920 2274 1028 2309 super
1053 2275 1171 2299 eorum
1199 2265 1312 2300 altare
1338 2264 1420 2299 inibi
1441 2267 1542 2310 jura,
1577 2264 1670 2309 quod

279 2341 436 2366 securam
457 2333 509 2364 me
534 2330 653 2371 duces,
685 2335 717 2364 et
734 2335 812 2364 tnnc
833 2331 993 2375 protinus
1014 2329 1230 2374 proficiscar.
1278 2330 1340 2366 Ille
1359 2334 1473 2365 autem
1492 2331 1670 2373 continuo,

280 2400 317 2431 ut
341 2396 490 2437 dixerat,
518 2396 586 2430 sibi
607 2397 754 2441 juravit.
802 2396 931 2430 Secuta
957 2408 1043 2443 ergo
1072 2408 1160 2440 eum,
1187 2408 1262 2432 cum
1288 2396 1332 2431 ad
1360 2395 1531 2442 quendam
1558 2396 1667 2430 locum

280 2466 452 2498 secretum
478 2463 655 2496 venissent
673 2490 681 2505 ,
715 2462 827 2496 voluit
855 2472 929 2497 eain
964 2463 1007 2498 de
1041 2464 1198 2508 jumento
1225 2462 1396 2507 dyabolus
1422 2462 1668 2507 praecipitare,

280 2532 317 2562 ut
340 2538 415 2563 eam
442 2526 633 2563 occideret.
683 2527 783 2567 Quod
809 2528 872 2562 illa
904 2531 1059 2564 sentiens
1093 2529 1321 2564 exclamavit:
1353 2528 1448 2563 Deus
1472 2529 1668 2561 sanctorum

348 2649 375 2679 1)
395 2648 448 2675 lid.
467 2652 510 2674 Pr.
530 2649 635 2681 juxta
657 2647 737 2677 lonii.
825 2650 854 2682 2)
873 2649 987 2675 vurlm:
1008 2650 1113 2677 vassi
1133 2653 1188 2676 ele.
1209 2649 1256 2675 hic
1276 2646 1386 2675 omittit
1406 2645 1458 2671 Ed.
1478 2648 1522 2672 I'r.
1542 2649 1568 2670 vl
1590 2646 1668 2671 male

281 2691 317 2716 ml
340 2691 424 2717 finoni
446 2693 531 2725 liujus
551 2702 615 2727 cap.
636 2693 729 2721 addit.
750 2693 824 2720 strui
845 2698 873 2720 vl
895 2693 999 2727 reliqui
1022 2693 1105 2722 libri.
1126 2694 1177 2720 nbi
1204 2698 1300 2720 tamen
1323 2692 1507 2717 CCLxxx
1528 2689 1668 2717 olli-runi.

280 2735 308 2761 ,Ὢ
330 2734 386 2760 Atii
407 2744 463 2761 non
483 2736 574 2762 mulo:
607 2747 617 2762 t
636 2748 650 2762 ι·
662 2748 677 2763 n
691 2742 697 2762 l
711 2747 745 2762 '¹¹
758 2748 794 2765 m.
