1742 3005
153 86 249 135 Cap.
284 84 420 121 CXlX.
470 84 527 122 De
557 84 789 120 assumtione
820 87 973 119 sanctae
1004 81 1145 119 Mariae
1178 81 1340 134 virginis,
1398 80 1476 121 521

97 188 224 224 culeris
257 191 292 223 et
326 187 498 223 Christum
531 199 575 223 ex
608 198 651 223 ea
683 190 914 233 propagatum
939 186 1004 221 Dei
1032 185 1137 220 tilium
1164 196 1242 222 esse
1267 185 1480 222 confitearis.

96 252 194 294 Quod
222 264 297 288 cum
323 254 489 297 fecisset,
516 264 657 297 manus,
683 254 773 288 unde
799 254 943 288 avulsae
971 253 1129 294 fuerant,
1161 252 1288 287 cubitis
1313 257 1393 288 sunt
1416 253 1482 288 ad-

89 320 234 364 junctae
271 321 521 365 accipiensque
556 320 678 354 Petrus
712 330 814 353 unum
850 319 1019 363 dactylum
1059 329 1100 352 ex
1134 318 1250 363 palma
1294 318 1390 353 dedit
1432 319 1483 353 illi

95 385 230 420 dicens:
266 385 375 428 vade,
408 385 596 431 ingredere
631 387 806 419 civitatem
842 388 875 419 et
910 394 1000 428 pone
1034 393 1141 427 super
1172 383 1326 418 infirmos
1352 388 1386 419 et
1410 395 1482 419 0¹11-

95 461 180 493 nes,
222 452 280 496 qni
321 451 555 491 crediderint,
609 450 790 493 recipient‘
818 451 1013 483 sanitatem.
1081 447 1329 483 Pervenientes
1374 452 1484 495 igitur

95 517 250 561 apostoli
275 516 318 551 ad
344 515 523 560 praedium
550 514 793 555 Gethsemane,
820 516 1026 549 invenerunt
1053 513 1100 547 ibi
1121 513 1344 559 sepulchrum
1371 516 1483 551 simile

96 582 229 616 Christi
265 581 451 626 sepulchro
488 579 645 621 vivifico,
680 579 739 613 ubi
773 590 900 624 corpus
941 589 1015 614 cum
1052 580 1160 614 multa
1194 582 1396 615 reverentia
1420 592 1484 626 po-

95 651 257 688 suerunt,
291 646 378 680 illud
411 645 695 680 sublimissimum
726 645 791 680 Dei
829 656 891 680 vas
916 650 1064 692 tangere
1100 657 1169 680 non
1195 645 1387 689 audentes,
1421 647 1484 682 sed

94 713 174 747 hinc
200 711 281 746 inde
306 711 528 756 apprehensa
546 711 694 745 sindone
714 710 940 755 deponentes.
991 711 1065 751 Quo
1084 714 1213 746 munito
1237 712 1314 746 dum
1332 713 1486 758 apostoli

96 782 131 813 et
155 778 319 823 discipuli
345 777 475 812 domini
506 778 609 822 juxta
643 775 842 810 mandatum
868 776 997 811 domini
1031 779 1124 812 circa
1157 778 1377 823 sepulchrum
1411 783 1484 812 sta-

95 848 184 886 rent,
215 845 321 878 tertio
347 843 404 878 die
433 843 543 878 nubes
570 842 855 887 splendidissima
873 843 1096 886 sepulchrum
1114 843 1352 886 circumdedit,
1380 854 1484 878 voces

95 896 278 955 ansgelicae
303 913 489 952 resonant,
536 907 726 943 ineffabilis
765 907 855 941 odor
887 910 1051 951 sentitur,
1092 909 1130 943 fit
1163 909 1322 943 omnibus
1363 914 1487 954 stupor

96 977 305 1017 immensus,
351 975 429 1010 dum
475 975 648 1009 dominum
683 974 765 1008 illuc
803 979 985 1009 cernerent
1018 974 1249 1010 descendisse
1284 979 1318 1010 et
1356 985 1485 1019 corpus

96 1042 245 1087 virginis
286 1051 360 1075 cum
401 1041 519 1087 gloria
558 1044 627 1075 tam
670 1041 838 1074 immensa
868 1040 1076 1078 transferre.
1134 1040 1344 1075 Osculantes
1379 1042 1487 1086 igitur

96 1107 250 1152 apostoli
275 1105 497 1151 sepulchrum
525 1107 560 1140 in
588 1105 723 1140 domum
751 1106 994 1152 evangelistae
1030 1110 1064 1140 et
1098 1105 1259 1151 theologi
1287 1107 1399 1140 sancti
1424 1105 1487 1140 Jo-

96 1173 220 1207 hannis
247 1174 381 1211 reversi
407 1176 497 1214 sunt,
525 1176 645 1206 tantae
675 1173 823 1217 virginis
851 1171 1030 1205 custodem
1056 1171 1251 1207 laudantes.
1302 1171 1396 1206 Unus
1422 1182 1485 1206 au-

95 1242 162 1274 tem
188 1249 232 1273 ex
257 1238 430 1283 apostolis
457 1238 651 1272 sollemniis
680 1237 813 1279 defuit,
848 1238 906 1282 qui
939 1241 1036 1272 tanta
1070 1237 1246 1272 mirabilia
1282 1237 1427 1272 audiens
1454 1241 1490 1272 et.

96 1304 274 1340 admirans
301 1303 521 1348 sepulchrum
548 1303 616 1337 sihi
641 1304 773 1347 aperiri
807 1304 993 1337 instantius
1026 1303 1249 1348 postulabat,
1292 1307 1330 1337 ut
1366 1304 1487 1338 horum

98 1372 246 1405 omnium
265 1373 499 1415 cognosceret
516 1370 707 1403 veritatem.
759 1368 859 1408 Quod
879 1379 953 1403 cum
979 1369 1134 1413 apostoli
1160 1373 1359 1410 renuerent,
1387 1369 1486 1403 sufii-

98 1446 178 1470 cere
203 1436 272 1470 sibi
298 1438 472 1468 tantorum
499 1436 701 1468 testimonia
726 1439 949 1477 asserentes,
979 1446 1021 1469 ne
1047 1435 1150 1476 sorte,
1178 1436 1208 1468 si
1232 1434 1300 1468 hoe
1326 1433 1488 1469 infideles

99 1501 360 1546 intelligerent,
399 1510 526 1545 corpus
560 1500 652 1534 furto
687 1500 859 1534 sublatum
897 1510 977 1534 esse
1009 1499 1270 1544 praedicarent,
1312 1499 1372 1534 ille
1404 1509 1488 1534 con-

98 1568 259 1601 tristatus
286 1566 442 1601 dicebat:
480 1576 541 1600 cur
575 1576 628 1600 me
662 1566 808 1600 similem
840 1565 940 1599 vohis
968 1566 1156 1599 communis
1191 1566 1303 1599 nostri
1330 1565 1489 1600 thesauri

99 1634 261 1678 portione
288 1631 489 1667 fraudatis?
538 1630 697 1665 Tandem
722 1630 942 1675 sepulchrum
968 1632 1169 1675 aperientes
1196 1641 1324 1675 corpus
1350 1632 1489 1666 minime

99 1700 323 1740 invenerunt,
367 1697 430 1732 sed
467 1701 599 1732 tantum
640 1697 850 1732 vestimenta
895 1700 929 1731 et
961 1696 1142 1731 sindonem
1178 1701 1394 1742 repererunt.
1451 1696 1489 1731 In

103 1763 365 1807 ¹)Euthimiata
396 1774 535 1809 quoque
572 1762 748 1808 hystoria,
782 1762 874 1796 libro
910 1761 964 1796 Ill.
1000 1772 1076 1807 cap.
1102 1762 1197 1805 XL.,
1234 1767 1376 1798 sanctus
1402 1762 1490 1798 Ger-

99 1839 219 1863 manus
272 1828 682 1874 constantinopolitanus
730 1827 1022 1873 archiepiscopus
1074 1838 1112 1863 se
1161 1830 1340 1873 reperisse
1390 1828 1489 1871 dicit,

100 1894 194 1940 quod
226 1898 261 1930 et
292 1903 441 1940 magnus
482 1895 720 1929 Damascenus
760 1894 922 1928 similiter
961 1898 1168 1936 attestatur,
1211 1894 1306 1940 quod
1348 1899 1490 1929 sanctae

101 1962 288 1996 memoriae
312 1959 547 2005 pulcherrima
562 1961 742 2006 Augusta,
772 1970 847 1993 cum
873 1959 967 2004 apud
998 1959 1338 2004 Constantinopolim
1365 1959 1490 1994 multas

103 2025 270 2060 eeclesias
308 2025 499 2066 erexisset,
543 2025 635 2059 inter
680 2029 841 2059 caeteras
874 2024 968 2069 apud
1001 2024 1213 2059 Balthernas
1249 2024 1490 2059 admirabilem

104 2090 289 2125 ecclesiam
339 2092 497 2132 tempore
540 2088 744 2123 Martiniani
790 2091 1014 2134 imperatoris
1067 2089 1114 2123 ad
1158 2089 1325 2123 honorem
1368 2098 1492 2123 sacrae

103 2156 250 2201 virginis
276 2153 497 2195 aedificavit,
525 2157 559 2188 et
582 2163 780 2202 convocans
804 2153 1001 2188 Iuvenalem
1028 2153 1330 2199 archiepiscopum
1366 2153 1490 2188 Hiero-

103 2221 345 2266 solymitanum
374 2223 408 2253 et
433 2218 523 2253 alios
547 2218 770 2254 Palaestinae
800 2221 1001 2264 episcopos,
1028 2221 1086 2264 qui
1112 2224 1195 2253 tunc
1220 2221 1254 2253 in
1279 2218 1366 2254 urbe
1390 2220 1493 2264 regia

104 2286 331 2321 morabantur
354 2289 501 2329 propter
526 2283 714 2329 synodum,
751 2295 838 2330 quae
874 2285 970 2320 facta
1002 2289 1056 2319 est
1089 2284 1370 2326 Chalcedoniae,
1405 2283 1494 2318 dixit

105 2353 170 2386 iis:
196 2351 391 2385 audivimus
418 2360 545 2395 corpus
570 2352 812 2386 sanctissimae
837 2352 985 2396 virginis
1020 2351 1056 2384 in
1088 2350 1233 2394 praedio
1259 2349 1493 2385 Gethsemane

105 2417 329 2458 tumulatum,
365 2416 523 2450 volumus
558 2416 669 2461 igitur
697 2415 742 2449 ad
777 2416 972 2450 custodiam
998 2415 1104 2460 hujus
1128 2415 1227 2449 urhis
1254 2425 1381 2460 corpus
1408 2415 1492 2449 illud

107 2494 182 2518 cum
207 2482 327 2517 debita
351 2482 548 2516 reverentia
574 2480 641 2515 huc
666 2481 871 2516 transferre.
922 2481 984 2515 Cui
1010 2480 1317 2526 quumrJuvenalis
1344 2491 1492 2526 respon-

107 2549 238 2590 disset,
272 2558 398 2593 corpus
432 2546 537 2589 illud,
581 2548 673 2581 sicut
707 2558 748 2582 ex
782 2548 934 2592 antiquis
970 2546 1137 2592 hystoriis
1177 2549 1415 2591 compererat,
1460 2547 1495 2581 in

108 2614 257 2659 gloriam
282 2623 360 2648 esse
385 2612 594 2646 translatum
621 2616 654 2647 et
680 2612 758 2648 sola
782 2613 990 2648 vestimenta
1014 2614 1048 2646 in
1075 2615 1294 2647 monumento
1319 2622 1393 2647 cum
1421 2613 1493 2648 sin-

123 2667 652 2679 ῥ--μ-ᾷ,

180 2691 564 2726 1)Alii2Euthuui-11a,
