1742 3005
266 68 346 107 [St
495 70 590 120 Cap.
624 70 738 106 XLV.
798 68 856 107 De
887 77 1016 107 sancto
1047 69 1190 108 Mathia
1219 68 1410 122 apostolo.

269 178 380 210 ortum
407 179 442 209 et
468 176 639 220 originem
672 175 786 220 ipsius
820 173 934 211 Judae
956 173 1112 210 breviter
1136 176 1327 212 videamus.
1397 177 1546 223 Legitur
1571 180 1658 213 enim

267 242 303 274 in
328 239 477 285 quadam
501 237 660 283 hystoria
683 238 765 274 licet
788 237 1012 284 apocrypha,
1048 240 1141 284 quod
1166 241 1231 275 fuit
1254 242 1392 287 quidam
1419 244 1473 277 vir
1496 244 1530 277 in
1555 243 1657 278 Jeru-

268 305 376 339 salem
409 304 547 338 nomine
581 303 724 345 Ruben,
774 305 832 349 qui
864 303 934 337 alio
967 305 1104 338 nomine
1129 305 1241 340 dictus
1267 311 1321 341 est
1345 307 1470 352 Symon
1496 307 1538 342 de
1563 307 1658 342 tribu

267 370 355 411 Dan,
383 368 438 403 vel
464 367 651 403 secundum
675 368 916 414 Hieronymum
943 367 986 403 de
1010 369 1103 403 tribu
1130 369 1316 413 Ysaschar‚
1342 373 1401 416 qui
1424 372 1546 406 habuit
1569 383 1657 407 uxo-

269 445 363 476 rem,
409 443 498 479 quae
524 433 684 478 Cyborea
708 439 906 479 nuncupata
933 438 997 469 est.
1047 434 1203 475 Quadam
1227 437 1337 481 igitur
1361 440 1462 472 nocte
1487 447 1563 471 cum
1588 437 1655 472 sibi

270 503 386 533 mutuo
413 498 565 533 debitum
598 499 853 541 exsolvissent,
903 498 1064 544 (lyborea
1098 499 1320 536 obdormiens
1356 503 1525 535 somnium
1559 502 1659 545 vidit,

271 564 362 610 quod
388 566 576 609 perterrita
607 574 682 598 cum
716 564 903 609 gemitibus
932 568 966 599 et
992 566 1154 610 suspiriis
1189 567 1264 600 viro
1290 576 1353 600 suo
1379 566 1498 601 retulit
1522 566 1661 601 diceus:

270 630 456 665 videbatur
479 629 582 672 mihi,
619 629 711 675 quod
740 629 845 663 filium
864 630 1076 675 flagitiosum
1101 640 1282 675 parerem,
1326 633 1384 676 qui
1411 633 1518 665 totius
1544 633 1662 677 gentis

272 700 415 730 nostrae
450 704 558 729 causa
593 694 800 738 perditionis
835 696 1032 729 exsisteret.
1106 696 1167 730 Cui
1193 695 1332 730 Rubeu:
1379 696 1551 730 nefariam
1575 706 1660 739 rem,

271 762 402 804 inquit,
439 770 502 793 nec
526 758 640 792 relatu
664 758 803 803 dignam
830 759 983 803 prosaris
1010 763 1044 793 et
1066 761 1209 804 spiritu,
1253 770 1316 794 eeu
1340 764 1443 804 puto,
1485 761 1663 805 phitonico

273 825 421 869 raperis.
449 824 510 858 Cui
538 823 619 857 illa:
646 824 677 856 si
702 834 754 858 me
780 824 984 868 concepisse
1009 834 1153 858 sensero
1179 828 1213 858 et
1238 824 1342 858 filium
1368 835 1553 870 peperere,
1580 824 1662 860 abs-

274 900 340 934 que
366 888 472 923 dubio
497 899 566 922 non
588 889 732 934 spiritus
758 888 956 934 phitonicus
983 890 1137 931 exstitit,
1180 888 1244 923 sed
1268 890 1437 924 revelatio
1463 895 1559 925 certa
1587 891 1663 927 suit.

273 954 488 989 Procedente
521 955 629 999 igitur
661 958 817 999 tempore
853 964 927 987 cum
960 953 1065 988 filium
1100 955 1317 999 peperisset,
1365 960 1529 1000 parentes
1555 956 1665 1001 pluri-

275 1030 363 1054 mum
387 1020 586 1061 timuerunt,
612 1023 646 1054 et
671 1019 753 1064 quid
778 1019 820 1054 dc
849 1029 890 1054 eo
917 1019 1083 1061 facerent,
1109 1021 1268 1065 cogitare
1293 1024 1494 1065 coeperunt,
1519 1032 1663 1067 eumque

276 1086 380 1119 filium
407 1084 638 1119 abhorrerent
664 1084 844 1126 occidere,
897 1094 960 1119 nee
998 1084 1128 1118 vellent
1161 1083 1411 1120 destructorem
1445 1087 1499 1119 sui
1523 1087 1664 1131 generis

277 1152 442 1192 enutrire,
469 1151 581 1195 ipsum
607 1151 642 1183 in
665 1149 798 1184 fiscella
823 1151 972 1194 positum
997 1151 1084 1183 mari
1112 1154 1301 1194 exponunt,
1329 1160 1427 1194 quem
1453 1152 1577 1185 marini
1601 1151 1666 1186 flu-

276 1220 351 1251 etus
381 1216 426 1250 ad
450 1216 596 1250 insulam
622 1215 872 1259 propulerunt,
909 1225 998 1260 quae
1026 1213 1187 1249 Scarioth
1212 1215 1347 1250 dicitur.
1394 1215 1448 1250 Ab
1473 1215 1535 1249 illa
1559 1217 1669 1262 igitur

276 1282 392 1316 insula
415 1281 525 1317 Judas
552 1281 729 1314 Scariotes
755 1280 954 1325 appellatus
981 1283 1056 1321 est,
1104 1281 1228 1325 regina
1252 1284 1364 1315 autem
1384 1280 1476 1316 illius
1505 1280 1574 1314 loci
1607 1290 1666 1315 ca—

279 1358 360 1381 rens
383 1347 504 1380 liberis
528 1345 573 1379 ad
602 1345 697 1378 littus
725 1345 830 1378 maris
864 1355 973 1379 causa
996 1345 1174 1390 spatiandi
1199 1347 1372 1390 processit
1398 1350 1432 1379 et
1456 1345 1620 1380 fiscellam
1647 1356 1670 1379 a

279 1413 422 1446 marinis
446 1410 606 1445 fluctibus
627 1411 758 1455 Jactari
787 1410 930 1453 videns,
972 1412 1084 1456 ipsam
1111 1412 1241 1455 aperiri
1267 1411 1448 1455 praecepit
1472 1411 1669 1445 inveniens-

281 1487 346 1521 que
371 1476 420 1510 ibi
444 1487 587 1521 puerum
612 1476 785 1522 elegantis
812 1476 944 1511 formae
971 1478 1152 1522 suspirans
1180 1477 1247 1509 ait:
1283 1486 1303 1509 ο
1333 1477 1363 1509 si
1389 1475 1525 1510 solatiis
1552 1479 1670 1510 tantae

281 1541 486 1576 sublevarer
510 1541 643 1575 sobolis
658 1570 665 1583 ‚
701 1552 743 1576 ne
767 1543 868 1588 regni
892 1543 957 1576 mei
985 1543 1146 1586 privarer
1168 1551 1381 1575 successore.
1430 1541 1576 1575 Puerum
1601 1542 1670 1586 igi-

280 1610 338 1640 tur
362 1609 497 1641 secreto
523 1607 647 1639 nutriri
672 1606 753 1640 fecit
778 1611 812 1641 et
836 1617 874 1641 se
900 1606 1084 1652 gravidam
1109 1606 1304 1648 simulavit,
1336 1604 1474 1640 tandem
1500 1616 1539 1640 se
1564 1606 1669 1639 lilium

282 1673 463 1716 peperisse
494 1672 656 1705 mentitur
690 1675 724 1705 et
757 1682 820 1716 per
849 1675 958 1704 totum
986 1682 1128 1716 regnum
1155 1671 1248 1705 sama
1272 1670 1359 1705 baec
1383 1671 1530 1706 celebris
1558 1670 1670 1706 divul-

283 1740 398 1782 gatur.
470 1735 636 1781 Princeps
671 1747 734 1781 pro
768 1739 931 1780 suscepta
967 1735 1089 1770 sobole
1123 1736 1344 1770 vehementer
1381 1736 1534 1770 exsultat
1559 1740 1593 1770 et
1619 1738 1671 1770 in-

284 1803 381 1848 genti
403 1801 533 1847 gaudio
558 1800 657 1846 plebs
683 1801 846 1835 laetatur.
893 1800 1007 1845 Ipsum
1036 1802 1145 1846 igitur
1169 1800 1355 1835 secundum
1379 1800 1670 1845 magnificentiam

285 1869 418 1913 regiam
453 1867 595 1902 educari
629 1866 727 1908 fecit,
775 1876 843 1900 non
880 1870 961 1910 post
993 1866 1132 1899 multum
1166 1876 1249 1899 vero
1286 1867 1451 1910 temporis
1478 1867 1601 1911 regina
1628 1865 1670 1900 de

286 1943 370 1978 rege
397 1934 557 1976 concepit
580 1935 613 1966 et
639 1942 702 1966 suo
728 1935 884 1976 tempore
908 1932 1012 1964 lilium
1038 1932 1234 1975 parturivit.
1308 1931 1389 1964 Cum
1425 1934 1537 1964 autem
1572 1932 1671 1974 pueri

286 1997 537 2042 aliquantulum
558 1998 632 2042 jam
657 1999 862 2039 crevissent,
891 1996 1097 2030 adinvicem
1122 1997 1264 2040 saepius
1292 1994 1515 2029 colludebant
1540 1998 1574 2028 et
1587 2005 1672 2039 pue-

287 2073 362 2096 rum
387 2064 520 2108 regium
545 2062 655 2098 Judas
680 2061 814 2096 crebris
840 2061 1009 2096 molestiis
1035 2065 1070 2095 et
1095 2062 1232 2106 injuriis
1256 2059 1466 2094 molestabat
1492 2063 1527 2094 et
1551 2059 1595 2093 ad
1612 2060 1673 2094 sse-

286 2132 357 2162 tum
382 2130 526 2173 saepius
553 2127 782 2173 provocabat,
809 2117 932 2173 regina
959 2130 1072 2160 autem
1094 2126 1159 2160 hoe
1185 2125 1331 2160 moleste
1357 2125 1472 2160 serens
1496 2128 1529 2159 et
1548 2124 1672 2160 Judam

288 2193 331 2227 ad
356 2204 393 2227 se
419 2204 486 2227 nou
511 2195 685 2237 pertinere
713 2195 827 2227 sciens
861 2194 972 2237 ipsum
998 2191 1154 2225 crebrius
1179 2189 1389 2225 verberavit.
1438 2189 1508 2224 Sed
1536 2200 1598 2224 nec
1624 2190 1674 2223 sic

289 2269 309 2292 a
335 2259 496 2293 molestia
528 2259 627 2302 pueri
663 2257 868 2291 desistebat.
939 2256 1094 2290 Tandem
1130 2266 1185 2290 res
1210 2255 1374 2300 panditur
1405 2259 1439 2290 et
1473 2254 1583 2291 Judas
1608 2265 1674 2288 nou

288 2335 392 2359 verus
417 2325 562 2370 reginae
592 2323 701 2363 lilius,
729 2322 789 2357 sed
817 2309 976 2356 inretitus
1001 2322 1166 2365 aperitur.
1217 2321 1316 2361 Quod
1341 2320 1450 2356 Judas
1478 2325 1514 2354 ut
1537 2330 1674 2365 compe-

290 2391 355 2430 rit,
393 2388 612 2423 vehementer
636 2387 774 2422 erubuit
799 2391 832 2421 et
859 2387 998 2421 fratrem
1027 2398 1124 2421 suum
1152 2388 1342 2431 putativum
1369 2387 1471 2420 lilium
1501 2387 1596 2431 regis
1624 2385 1674 2418 la-

290 2458 403 2489 tenter
429 2454 564 2488 occidit.
626 2452 677 2487 Ob
703 2452 767 2486 boc
794 2452 978 2497 capitalem
1004 2454 1211 2487 sententiam
1237 2453 1359 2486 timens
1383 2462 1456 2486 cum
1483 2450 1677 2485 tributariis

291 2521 323 2553 in
349 2520 542 2555 Jerusalem
568 2518 707 2564 aufugit
732 2528 839 2563 seque
866 2519 983 2552 curiae
1000 2517 1124 2562 P51ati,
1151 2521 1231 2551 tune
1256 2517 1444 2563 praesidis,
1471 2515 1679 2558 mancipavit

290 2585 344 2627 (et
370 2587 530 2629 quoniam
558 2594 613 2618 res
640 2583 769 2617 similes
795 2582 862 2617 sibi
890 2587 970 2617 sunt
1001 2582 1154 2626 habiles)
1185 2582 1326 2627 Pylatus
1349 2580 1471 2616 Judam
1508 2582 1580 2614 suis
1605 2591 1678 2614 mo-

292 2649 386 2683 ribus
421 2651 550 2683 invenit
583 2659 777 2695 congruere
810 2653 845 2683 et
879 2648 958 2683 ideo
992 2649 1109 2692 coepit
1131 2649 1242 2691 ipsum
1268 2645 1369 2680 valde
1393 2655 1510 2680 carum
1535 2645 1677 2680 habere.
