<?xml version="1.0" encoding="UTF-8"?>
<!DOCTYPE html PUBLIC "-//W3C//DTD XHTML 1.0 Transitional//EN"
    "http://www.w3.org/TR/xhtml1/DTD/xhtml1-transitional.dtd">
<html xmlns="http://www.w3.org/1999/xhtml" xml:lang="en" lang="en">
 <head>
  <title>
</title>
<meta http-equiv="Content-Type" content="text/html;charset=utf-8" />
  <meta name='ocr-system' content='tesseract 3.04.00' />
  <meta name='ocr-capabilities' content='ocr_page ocr_carea ocr_par ocr_line ocrx_word'/>
</head>
<body>
  <div class='ocr_page' id='page_1' title='image "./legendaaureavulg00jacouoft_0812.png"; bbox 0 0 1742 3005; ppageno 0'>
   <div class='ocr_carea' id='block_1_1' title="bbox 257 95 1344 146">
    <p class='ocr_par' dir='ltr' id='par_1_1' title="bbox 257 95 1344 146">
     <span class='ocr_line' id='line_1_1' title="bbox 257 95 1344 146; baseline -0.006 -7"><span class='ocrx_word' id='word_1_1' title='bbox 257 100 334 139; x_wconf 79' lang='lat'>772</span> <span class='ocrx_word' id='word_1_2' title='bbox 555 98 651 146; x_wconf 78' lang='lat' dir='ltr'>Cap,</span> <span class='ocrx_word' id='word_1_3' title='bbox 683 95 852 132; x_wconf 78' lang='lat' dir='ltr'>CLXIX.</span> <span class='ocrx_word' id='word_1_4' title='bbox 911 95 971 131; x_wconf 87' lang='lat' dir='ltr'>De</span> <span class='ocrx_word' id='word_1_5' title='bbox 1004 100 1132 131; x_wconf 76' lang='lat' dir='ltr'>sancta</span> <span class='ocrx_word' id='word_1_6' title='bbox 1162 95 1344 133; x_wconf 81' lang='lat' dir='ltr'>Caecilia.</span> 
     </span>
    </p>
   </div>
   <div class='ocr_carea' id='block_1_2' title="bbox 256 199 1650 2741">
    <p class='ocr_par' dir='ltr' id='par_1_2' title="bbox 256 199 1650 2741">
     <span class='ocr_line' id='line_1_2' title="bbox 258 199 1642 242; baseline -0.007 -2"><span class='ocrx_word' id='word_1_7' title='bbox 258 203 471 241; x_wconf 71' lang='lat' dir='ltr'>decantabat</span> <span class='ocrx_word' id='word_1_8' title='bbox 496 201 634 235; x_wconf 86' lang='lat' dir='ltr'>dicens:</span> <span class='ocrx_word' id='word_1_9' title='bbox 673 200 749 242; x_wconf 86' lang='lat' dir='ltr'>fiat,</span> <span class='ocrx_word' id='word_1_10' title='bbox 786 199 946 241; x_wconf 87' lang='lat' dir='ltr'>domine,</span> <span class='ocrx_word' id='word_1_11' title='bbox 980 207 1040 232; x_wconf 83' lang='lat' dir='ltr'>cor</span> <span class='ocrx_word' id='word_1_12' title='bbox 1074 206 1186 231; x_wconf 80' lang='lat' dir='ltr'>meum</span> <span class='ocrx_word' id='word_1_13' title='bbox 1221 200 1256 231; x_wconf 87' lang='lat' dir='ltr'>et</span> <span class='ocrx_word' id='word_1_14' title='bbox 1285 207 1411 242; x_wconf 87' lang='lat' dir='ltr'>eorpus</span> <span class='ocrx_word' id='word_1_15' title='bbox 1444 208 1552 233; x_wconf 90' lang='lat' dir='ltr'>meum</span> <span class='ocrx_word' id='word_1_16' title='bbox 1581 199 1642 231; x_wconf 86' lang='lat' dir='ltr'>im-</span> 
     </span>
     <span class='ocr_line' id='line_1_3' title="bbox 258 262 1642 309; baseline -0.005 -5"><span class='ocrx_word' id='word_1_17' title='bbox 258 269 490 308; x_wconf 84' lang='lat' dir='ltr'>maculatum,</span> <span class='ocrx_word' id='word_1_18' title='bbox 533 269 571 300; x_wconf 87' lang='lat' dir='ltr'>ut</span> <span class='ocrx_word' id='word_1_19' title='bbox 605 277 675 300; x_wconf 90' lang='lat' dir='ltr'>non</span> <span class='ocrx_word' id='word_1_20' title='bbox 711 263 924 306; x_wconf 76' lang='lat' dir='ltr'>confundar,</span> <span class='ocrx_word' id='word_1_21' title='bbox 963 267 998 298; x_wconf 88' lang='lat' dir='ltr'>et</span> <span class='ocrx_word' id='word_1_22' title='bbox 1028 262 1191 297; x_wconf 83' lang='lat' dir='ltr'>biduanis</span> <span class='ocrx_word' id='word_1_23' title='bbox 1230 265 1264 296; x_wconf 85' lang='lat' dir='ltr'>et</span> <span class='ocrx_word' id='word_1_24' title='bbox 1294 262 1465 297; x_wconf 82' lang='lat' dir='ltr'>triduanis</span> <span class='ocrx_word' id='word_1_25' title='bbox 1492 264 1642 309; x_wconf 86' lang='lat' dir='ltr'>jejuniis</span> 
     </span>
     <span class='ocr_line' id='line_1_4' title="bbox 260 327 1642 375; baseline -0.004 -6"><span class='ocrx_word' id='word_1_26' title='bbox 260 345 365 369; x_wconf 83' lang='lat' dir='ltr'>orans</span> <span class='ocrx_word' id='word_1_27' title='bbox 400 331 664 367; x_wconf 79' lang='lat' dir='ltr'>commendabat</span> <span class='ocrx_word' id='word_1_28' title='bbox 697 331 855 373; x_wconf 86' lang='lat' dir='ltr'>domino,</span> <span class='ocrx_word' id='word_1_29' title='bbox 889 329 980 375; x_wconf 87' lang='lat' dir='ltr'>quod</span> <span class='ocrx_word' id='word_1_30' title='bbox 1015 329 1170 363; x_wconf 82' lang='lat' dir='ltr'>timebat.</span> <span class='ocrx_word' id='word_1_31' title='bbox 1218 327 1322 362; x_wconf 82' lang='lat' dir='ltr'>Venit</span> <span class='ocrx_word' id='word_1_32' title='bbox 1347 332 1460 363; x_wconf 85' lang='lat' dir='ltr'>autem</span> <span class='ocrx_word' id='word_1_33' title='bbox 1486 341 1573 373; x_wconf 88' lang='lat' dir='ltr'>nox,</span> <span class='ocrx_word' id='word_1_34' title='bbox 1610 331 1642 364; x_wconf 86' lang='lat' dir='ltr'>iu</span> 
     </span>
     <span class='ocr_line' id='line_1_5' title="bbox 259 393 1644 446; baseline -0.003 -12"><span class='ocrx_word' id='word_1_35' title='bbox 259 410 329 446; x_wconf 85' lang='lat' dir='ltr'>qua</span> <span class='ocrx_word' id='word_1_36' title='bbox 353 400 510 444; x_wconf 76' lang='lat' dir='ltr'><strong>suscepit</strong></span> <span class='ocrx_word' id='word_1_37' title='bbox 533 407 601 432; x_wconf 91' lang='lat' dir='ltr'>una</span> <span class='ocrx_word' id='word_1_38' title='bbox 628 407 701 431; x_wconf 88' lang='lat' dir='ltr'>cum</span> <span class='ocrx_word' id='word_1_39' title='bbox 729 406 860 441; x_wconf 90' lang='lat' dir='ltr'>sponso</span> <span class='ocrx_word' id='word_1_40' title='bbox 887 405 951 429; x_wconf 90' lang='lat' dir='ltr'>suo</span> <span class='ocrx_word' id='word_1_41' title='bbox 984 394 1132 429; x_wconf 79' lang='lat' dir='ltr'>cubiculi</span> <span class='ocrx_word' id='word_1_42' title='bbox 1159 397 1299 428; x_wconf 75' lang='lat' dir='ltr'>secreta</span> <span class='ocrx_word' id='word_1_43' title='bbox 1330 393 1494 437; x_wconf 79' lang='lat' dir='ltr'>silentia,</span> <span class='ocrx_word' id='word_1_44' title='bbox 1529 399 1563 429; x_wconf 86' lang='lat' dir='ltr'>et</span> <span class='ocrx_word' id='word_1_45' title='bbox 1595 397 1644 430; x_wconf 81' lang='lat' dir='ltr'>ita</span> 
     </span>
     <span class='ocr_line' id='line_1_6' title="bbox 257 460 1643 510; baseline -0.004 -9"><span class='ocrx_word' id='word_1_46' title='bbox 257 477 334 502; x_wconf 88' lang='lat' dir='ltr'>eum</span> <span class='ocrx_word' id='word_1_47' title='bbox 359 465 568 510; x_wconf 78' lang='lat' dir='ltr'>alloquitur:</span> <span class='ocrx_word' id='word_1_48' title='bbox 595 473 615 497; x_wconf 93' lang='grc' dir='ltr'><strong>ο</strong></span> <span class='ocrx_word' id='word_1_49' title='bbox 641 462 845 496; x_wconf 83' lang='lat' dir='ltr'>dulcissime</span> <span class='ocrx_word' id='word_1_50' title='bbox 870 466 975 506; x_wconf 85' lang='lat' dir='ltr'>atque</span> <span class='ocrx_word' id='word_1_51' title='bbox 1001 460 1240 494; x_wconf 82' lang='lat' dir='ltr'>amantissime</span> <span class='ocrx_word' id='word_1_52' title='bbox 1261 460 1415 504; x_wconf 69' lang='grc' dir='ltr'>Ιῇιινωιίε,</span> <span class='ocrx_word' id='word_1_53' title='bbox 1442 464 1496 494; x_wconf 87' lang='lat' dir='ltr'>est</span> <span class='ocrx_word' id='word_1_54' title='bbox 1516 465 1643 505; x_wconf 63' lang='lat' dir='ltr'>myste-</span> 
     </span>
     <span class='ocr_line' id='line_1_7' title="bbox 257 526 1644 576; baseline -0.004 -10"><span class='ocrx_word' id='word_1_55' title='bbox 257 534 365 574; x_wconf 87' lang='lat' dir='ltr'>rium,</span> <span class='ocrx_word' id='word_1_56' title='bbox 392 529 485 576; x_wconf 89' lang='lat' dir='ltr'>quod</span> <span class='ocrx_word' id='word_1_57' title='bbox 509 529 572 563; x_wconf 88' lang='lat' dir='ltr'>tibi</span> <span class='ocrx_word' id='word_1_58' title='bbox 598 527 785 569; x_wconf 83' lang='lat' dir='ltr'>confitear,</span> <span class='ocrx_word' id='word_1_59' title='bbox 813 529 842 562; x_wconf 90' lang='lat' dir='ltr'>si</span> <span class='ocrx_word' id='word_1_60' title='bbox 870 526 971 561; x_wconf 89' lang='lat' dir='ltr'>modo</span> <span class='ocrx_word' id='word_1_61' title='bbox 997 530 1033 560; x_wconf 93' lang='lat' dir='ltr'>tu</span> <span class='ocrx_word' id='word_1_62' title='bbox 1054 528 1194 571; x_wconf 85' lang='lat' dir='ltr'>juratus</span> <span class='ocrx_word' id='word_1_63' title='bbox 1220 535 1376 568; x_wconf 81' lang='lat' dir='ltr'>asseras,</span> <span class='ocrx_word' id='word_1_64' title='bbox 1400 530 1477 560; x_wconf 83' lang='lat' dir='ltr'>tota</span> <span class='ocrx_word' id='word_1_65' title='bbox 1501 530 1534 561; x_wconf 84' lang='lat' dir='ltr'>te</span> <span class='ocrx_word' id='word_1_66' title='bbox 1559 526 1644 561; x_wconf 86' lang='lat' dir='ltr'>illud</span> 
     </span>
     <span class='ocr_line' id='line_1_8' title="bbox 257 591 1647 634; baseline -0.003 -2"><span class='ocrx_word' id='word_1_67' title='bbox 257 597 485 632; x_wconf 82' lang='lat' dir='ltr'>observantia</span> <span class='ocrx_word' id='word_1_68' title='bbox 511 593 702 630; x_wconf 68' lang='lat' dir='ltr'>custodire,</span> <span class='ocrx_word' id='word_1_69' title='bbox 748 593 848 628; x_wconf 86' lang='lat' dir='ltr'>Jurat</span> <span class='ocrx_word' id='word_1_70' title='bbox 873 592 1102 634; x_wconf 79' lang='lat' dir='ltr'>Valerianus,</span> <span class='ocrx_word' id='word_1_71' title='bbox 1139 602 1177 626; x_wconf 90' lang='lat' dir='ltr'>se</span> <span class='ocrx_word' id='word_1_72' title='bbox 1202 591 1287 625; x_wconf 89' lang='lat' dir='ltr'>illud</span> <span class='ocrx_word' id='word_1_73' title='bbox 1312 592 1409 627; x_wconf 87' lang='lat' dir='ltr'>nulla</span> <span class='ocrx_word' id='word_1_74' title='bbox 1434 595 1647 629; x_wconf 85' lang='lat' dir='ltr'>necessitato</span> 
     </span>
     <span class='ocr_line' id='line_1_9' title="bbox 258 657 1645 708; baseline -0.002 -12"><span class='ocrx_word' id='word_1_75' title='bbox 258 663 440 708; x_wconf 84' lang='lat' dir='ltr'>detegere,</span> <span class='ocrx_word' id='word_1_76' title='bbox 468 660 563 694; x_wconf 90' lang='lat' dir='ltr'>nulla</span> <span class='ocrx_word' id='word_1_77' title='bbox 587 659 737 704; x_wconf 87' lang='lat' dir='ltr'>prodere</span> <span class='ocrx_word' id='word_1_78' title='bbox 764 660 911 692; x_wconf 88' lang='lat' dir='ltr'>ratione.</span> <span class='ocrx_word' id='word_1_79' title='bbox 962 657 1061 692; x_wconf 80' lang='lat' dir='ltr'>Tunc</span> <span class='ocrx_word' id='word_1_80' title='bbox 1086 657 1148 691; x_wconf 88' lang='lat' dir='ltr'>illa</span> <span class='ocrx_word' id='word_1_81' title='bbox 1173 660 1237 692; x_wconf 85' lang='lat' dir='ltr'>ait:</span> <span class='ocrx_word' id='word_1_82' title='bbox 1263 658 1424 703; x_wconf 75' lang='lat' dir='ltr'>angelum</span> <span class='ocrx_word' id='word_1_83' title='bbox 1446 658 1510 694; x_wconf 86' lang='lat' dir='ltr'>Dei</span> <span class='ocrx_word' id='word_1_84' title='bbox 1531 659 1645 694; x_wconf 78' lang='lat' dir='ltr'>liabeo</span> 
     </span>
     <span class='ocr_line' id='line_1_10' title="bbox 260 723 1648 770; baseline -0.001 -9"><span class='ocrx_word' id='word_1_85' title='bbox 260 731 463 768; x_wconf 80' lang='lat' dir='ltr'>amatorem,</span> <span class='ocrx_word' id='word_1_86' title='bbox 490 726 549 770; x_wconf 89' lang='lat' dir='ltr'>qui</span> <span class='ocrx_word' id='word_1_87' title='bbox 570 725 674 758; x_wconf 88' lang='lat' dir='ltr'>nimio</span> <span class='ocrx_word' id='word_1_88' title='bbox 694 724 770 758; x_wconf 92' lang='lat' dir='ltr'>zelo</span> <span class='ocrx_word' id='word_1_89' title='bbox 797 723 950 757; x_wconf 84' lang='lat' dir='ltr'>custodit</span> <span class='ocrx_word' id='word_1_90' title='bbox 978 733 1106 767; x_wconf 86' lang='lat' dir='ltr'>eorpus</span> <span class='ocrx_word' id='word_1_91' title='bbox 1132 734 1254 760; x_wconf 78' lang='lat' dir='ltr'>meum.</span> <span class='ocrx_word' id='word_1_92' title='bbox 1302 723 1365 757; x_wconf 85' lang='lat' dir='ltr'>llic</span> <span class='ocrx_word' id='word_1_93' title='bbox 1389 726 1418 758; x_wconf 89' lang='lat' dir='ltr'>si</span> <span class='ocrx_word' id='word_1_94' title='bbox 1445 725 1497 759; x_wconf 86' lang='lat' dir='ltr'>vel</span> <span class='ocrx_word' id='word_1_95' title='bbox 1522 725 1648 759; x_wconf 81' lang='lat' dir='ltr'>leviter</span> 
     </span>
     <span class='ocr_line' id='line_1_11' title="bbox 259 788 1647 836; baseline -0.003 -8"><span class='ocrx_word' id='word_1_96' title='bbox 259 793 430 833; x_wconf 84' lang='lat' dir='ltr'>senserit,</span> <span class='ocrx_word' id='word_1_97' title='bbox 467 789 560 836; x_wconf 90' lang='lat' dir='ltr'>quod</span> <span class='ocrx_word' id='word_1_98' title='bbox 592 794 629 824; x_wconf 87' lang='lat' dir='ltr'>tu</span> <span class='ocrx_word' id='word_1_99' title='bbox 659 800 712 824; x_wconf 88' lang='lat' dir='ltr'>me</span> <span class='ocrx_word' id='word_1_100' title='bbox 738 788 872 833; x_wconf 90' lang='lat' dir='ltr'>polluto</span> <span class='ocrx_word' id='word_1_101' title='bbox 898 798 1016 822; x_wconf 87' lang='lat' dir='ltr'>amore</span> <span class='ocrx_word' id='word_1_102' title='bbox 1043 789 1246 833; x_wconf 80' lang='lat' dir='ltr'>contingas,</span> <span class='ocrx_word' id='word_1_103' title='bbox 1282 791 1397 823; x_wconf 88' lang='lat' dir='ltr'>statim</span> <span class='ocrx_word' id='word_1_104' title='bbox 1424 790 1527 826; x_wconf 79' lang='lat' dir='ltr'>feriet</span> <span class='ocrx_word' id='word_1_105' title='bbox 1552 795 1586 825; x_wconf 86' lang='lat' dir='ltr'>te</span> <span class='ocrx_word' id='word_1_106' title='bbox 1612 793 1647 825; x_wconf 85' lang='lat' dir='ltr'>et</span> 
     </span>
     <span class='ocr_line' id='line_1_12' title="bbox 259 854 1645 901; baseline -0.002 -8"><span class='ocrx_word' id='word_1_107' title='bbox 259 860 397 893; x_wconf 85' lang='lat' dir='ltr'>amittes</span> <span class='ocrx_word' id='word_1_108' title='bbox 428 857 545 891; x_wconf 89' lang='lat' dir='ltr'>ssorem</span> <span class='ocrx_word' id='word_1_109' title='bbox 579 860 662 890; x_wconf 86' lang='lat' dir='ltr'>tuae</span> <span class='ocrx_word' id='word_1_110' title='bbox 695 856 920 900; x_wconf 82' lang='lat' dir='ltr'>gratissimae</span> <span class='ocrx_word' id='word_1_111' title='bbox 950 854 1169 899; x_wconf 87' lang='lat' dir='ltr'>juventutis,</span> <span class='ocrx_word' id='word_1_112' title='bbox 1208 854 1238 887; x_wconf 90' lang='lat' dir='ltr'>si</span> <span class='ocrx_word' id='word_1_113' title='bbox 1279 857 1393 888; x_wconf 88' lang='lat' dir='ltr'>autem</span> <span class='ocrx_word' id='word_1_114' title='bbox 1429 857 1645 901; x_wconf 76' lang='lat' dir='ltr'>cognoverit,</span> 
     </span>
     <span class='ocr_line' id='line_1_13' title="bbox 260 919 1648 970; baseline 0 -13"><span class='ocrx_word' id='word_1_115' title='bbox 260 923 354 970; x_wconf 86' lang='lat' dir='ltr'>quod</span> <span class='ocrx_word' id='word_1_116' title='bbox 383 933 434 957; x_wconf 88' lang='lat' dir='ltr'>me</span> <span class='ocrx_word' id='word_1_117' title='bbox 460 924 597 956; x_wconf 83' lang='lat' dir='ltr'>sincero</span> <span class='ocrx_word' id='word_1_118' title='bbox 623 932 741 956; x_wconf 82' lang='lat' dir='ltr'>amore</span> <span class='ocrx_word' id='word_1_119' title='bbox 766 921 918 966; x_wconf 81' lang='lat' dir='ltr'>diligas,</span> <span class='ocrx_word' id='word_1_120' title='bbox 955 921 1004 954; x_wconf 87' lang='lat' dir='ltr'>ita</span> <span class='ocrx_word' id='word_1_121' title='bbox 1038 930 1176 965; x_wconf 89' lang='lat' dir='ltr'>quoque</span> <span class='ocrx_word' id='word_1_122' title='bbox 1212 919 1337 965; x_wconf 86' lang='lat' dir='ltr'>diliget</span> <span class='ocrx_word' id='word_1_123' title='bbox 1359 924 1394 955; x_wconf 85' lang='lat' dir='ltr'>te</span> <span class='ocrx_word' id='word_1_124' title='bbox 1419 921 1508 954; x_wconf 82' lang='lat' dir='ltr'>sicut</span> <span class='ocrx_word' id='word_1_125' title='bbox 1533 932 1584 956; x_wconf 87' lang='lat' dir='ltr'>me</span> <span class='ocrx_word' id='word_1_126' title='bbox 1613 926 1648 957; x_wconf 83' lang='lat' dir='ltr'>et</span> 
     </span>
     <span class='ocr_line' id='line_1_14' title="bbox 261 985 1647 1033; baseline -0.003 -8"><span class='ocrx_word' id='word_1_127' title='bbox 261 988 426 1025; x_wconf 81' lang='lat' dir='ltr'>ostendet</span> <span class='ocrx_word' id='word_1_128' title='bbox 457 987 522 1021; x_wconf 89' lang='lat' dir='ltr'>tibi</span> <span class='ocrx_word' id='word_1_129' title='bbox 558 988 706 1033; x_wconf 85' lang='lat' dir='ltr'>gloriam</span> <span class='ocrx_word' id='word_1_130' title='bbox 743 997 852 1021; x_wconf 87' lang='lat' dir='ltr'>suam.</span> <span class='ocrx_word' id='word_1_131' title='bbox 902 985 1003 1020; x_wconf 87' lang='lat' dir='ltr'>Tunc</span> <span class='ocrx_word' id='word_1_132' title='bbox 1027 985 1235 1020; x_wconf 81' lang='lat' dir='ltr'>Valerianus</span> <span class='ocrx_word' id='word_1_133' title='bbox 1268 990 1350 1020; x_wconf 91' lang='lat' dir='ltr'>nutu</span> <span class='ocrx_word' id='word_1_134' title='bbox 1376 986 1441 1020; x_wconf 86' lang='lat' dir='ltr'>Dei</span> <span class='ocrx_word' id='word_1_135' title='bbox 1467 991 1647 1022; x_wconf 87' lang='lat' dir='ltr'>correctus</span> 
     </span>
     <span class='ocr_line' id='line_1_15' title="bbox 260 1051 1648 1097; baseline -0.001 -8"><span class='ocrx_word' id='word_1_136' title='bbox 260 1058 329 1091; x_wconf 86' lang='lat' dir='ltr'>ait:</span> <span class='ocrx_word' id='word_1_137' title='bbox 363 1056 391 1088; x_wconf 93' lang='lat' dir='ltr'>si</span> <span class='ocrx_word' id='word_1_138' title='bbox 419 1055 493 1095; x_wconf 77' lang='lat' dir='ltr'>vis,</span> <span class='ocrx_word' id='word_1_139' title='bbox 525 1057 562 1087; x_wconf 93' lang='lat' dir='ltr'>ut</span> <span class='ocrx_word' id='word_1_140' title='bbox 594 1053 733 1087; x_wconf 84' lang='lat' dir='ltr'>credam</span> <span class='ocrx_word' id='word_1_141' title='bbox 769 1052 856 1094; x_wconf 85' lang='lat' dir='ltr'>tibi,</span> <span class='ocrx_word' id='word_1_142' title='bbox 896 1053 1007 1096; x_wconf 87' lang='lat' dir='ltr'>ipsum</span> <span class='ocrx_word' id='word_1_143' title='bbox 1041 1052 1202 1097; x_wconf 75' lang='lat' dir='ltr'>angelum</span> <span class='ocrx_word' id='word_1_144' title='bbox 1237 1051 1321 1085; x_wconf 84' lang='lat' dir='ltr'>mihi</span> <span class='ocrx_word' id='word_1_145' title='bbox 1353 1052 1521 1095; x_wconf 88' lang='lat' dir='ltr'>ostende,</span> <span class='ocrx_word' id='word_1_146' title='bbox 1556 1057 1590 1087; x_wconf 85' lang='lat' dir='ltr'>et</span> <span class='ocrx_word' id='word_1_147' title='bbox 1617 1055 1648 1087; x_wconf 88' lang='lat' dir='ltr'>si</span> 
     </span>
     <span class='ocr_line' id='line_1_16' title="bbox 260 1116 1647 1164; baseline -0.001 -10"><span class='ocrx_word' id='word_1_148' title='bbox 260 1131 342 1156; x_wconf 66' lang='lat' dir='ltr'>vere</span> <span class='ocrx_word' id='word_1_149' title='bbox 367 1119 588 1164; x_wconf 79' lang='lat' dir='ltr'>probavero,</span> <span class='ocrx_word' id='word_1_150' title='bbox 615 1117 708 1163; x_wconf 88' lang='lat' dir='ltr'>quod</span> <span class='ocrx_word' id='word_1_151' title='bbox 733 1117 882 1163; x_wconf 79' lang='lat' dir='ltr'>angelus</span> <span class='ocrx_word' id='word_1_152' title='bbox 908 1119 964 1159; x_wconf 85' lang='lat' dir='ltr'>sit,</span> <span class='ocrx_word' id='word_1_153' title='bbox 992 1117 1130 1158; x_wconf 78' lang='lat' dir='ltr'>faciam,</span> <span class='ocrx_word' id='word_1_154' title='bbox 1160 1116 1253 1162; x_wconf 88' lang='lat' dir='ltr'>quod</span> <span class='ocrx_word' id='word_1_155' title='bbox 1283 1117 1448 1160; x_wconf 85' lang='lat' dir='ltr'>hortaris,</span> <span class='ocrx_word' id='word_1_156' title='bbox 1477 1120 1508 1152; x_wconf 90' lang='lat' dir='ltr'>si</span> <span class='ocrx_word' id='word_1_157' title='bbox 1533 1123 1647 1154; x_wconf 84' lang='lat' dir='ltr'>autem</span> 
     </span>
     <span class='ocr_line' id='line_1_17' title="bbox 262 1182 1645 1230; baseline -0.001 -9"><span class='ocrx_word' id='word_1_158' title='bbox 262 1188 370 1222; x_wconf 89' lang='lat' dir='ltr'>virum</span> <span class='ocrx_word' id='word_1_159' title='bbox 398 1184 502 1219; x_wconf 88' lang='lat' dir='ltr'>alium</span> <span class='ocrx_word' id='word_1_160' title='bbox 530 1182 672 1230; x_wconf 84' lang='lat' dir='ltr'>diligis,</span> <span class='ocrx_word' id='word_1_161' title='bbox 698 1187 732 1218; x_wconf 90' lang='lat' dir='ltr'>te</span> <span class='ocrx_word' id='word_1_162' title='bbox 758 1188 792 1218; x_wconf 88' lang='lat' dir='ltr'>et</span> <span class='ocrx_word' id='word_1_163' title='bbox 815 1183 909 1217; x_wconf 87' lang='lat' dir='ltr'>illum</span> <span class='ocrx_word' id='word_1_164' title='bbox 935 1183 1056 1229; x_wconf 89' lang='lat' dir='ltr'>gladio</span> <span class='ocrx_word' id='word_1_165' title='bbox 1084 1182 1217 1217; x_wconf 86' lang='lat' dir='ltr'>seriam.</span> <span class='ocrx_word' id='word_1_166' title='bbox 1269 1183 1330 1221; x_wconf 87' lang='lat' dir='ltr'>Cui</span> <span class='ocrx_word' id='word_1_167' title='bbox 1357 1183 1512 1218; x_wconf 83' lang='lat' dir='ltr'>Caecilia</span> <span class='ocrx_word' id='word_1_168' title='bbox 1536 1184 1645 1219; x_wconf 72' lang='lat' dir='ltr'>dixit:</span> 
     </span>
     <span class='ocr_line' id='line_1_18' title="bbox 262 1248 1647 1296; baseline -0.001 -10"><span class='ocrx_word' id='word_1_169' title='bbox 262 1254 293 1287; x_wconf 89' lang='lat' dir='ltr'>si</span> <span class='ocrx_word' id='word_1_170' title='bbox 325 1254 359 1285; x_wconf 89' lang='lat' dir='ltr'>in</span> <span class='ocrx_word' id='word_1_171' title='bbox 395 1250 499 1285; x_wconf 81' lang='lat' dir='ltr'>Deum</span> <span class='ocrx_word' id='word_1_172' title='bbox 534 1260 649 1284; x_wconf 80' lang='lat' dir='ltr'>verum</span> <span class='ocrx_word' id='word_1_173' title='bbox 685 1249 878 1284; x_wconf 82' lang='lat' dir='ltr'>credideris</span> <span class='ocrx_word' id='word_1_174' title='bbox 915 1253 948 1284; x_wconf 87' lang='lat' dir='ltr'>et</span> <span class='ocrx_word' id='word_1_175' title='bbox 983 1253 1017 1283; x_wconf 89' lang='lat' dir='ltr'>te</span> <span class='ocrx_word' id='word_1_176' title='bbox 1051 1248 1225 1293; x_wconf 83' lang='lat' dir='ltr'>baptizari</span> <span class='ocrx_word' id='word_1_177' title='bbox 1267 1250 1492 1293; x_wconf 82' lang='lat' dir='ltr'>promiseris,</span> <span class='ocrx_word' id='word_1_178' title='bbox 1534 1252 1647 1296; x_wconf 87' lang='lat' dir='ltr'>ipsum</span> 
     </span>
     <span class='ocr_line' id='line_1_19' title="bbox 262 1314 1647 1362; baseline -0.002 -10"><span class='ocrx_word' id='word_1_179' title='bbox 262 1318 382 1353; x_wconf 86' lang='lat' dir='ltr'>videre</span> <span class='ocrx_word' id='word_1_180' title='bbox 416 1316 564 1351; x_wconf 85' lang='lat' dir='ltr'>valebis.</span> <span class='ocrx_word' id='word_1_181' title='bbox 623 1315 722 1351; x_wconf 89' lang='lat' dir='ltr'>Vade</span> <span class='ocrx_word' id='word_1_182' title='bbox 755 1317 863 1362; x_wconf 81' lang='lat' dir='ltr'>igitur</span> <span class='ocrx_word' id='word_1_183' title='bbox 896 1316 928 1349; x_wconf 87' lang='lat' dir='ltr'>in</span> <span class='ocrx_word' id='word_1_184' title='bbox 963 1315 1101 1349; x_wconf 89' lang='lat' dir='ltr'>tertium</span> <span class='ocrx_word' id='word_1_185' title='bbox 1134 1314 1332 1348; x_wconf 87' lang='lat' dir='ltr'>milliarium</span> <span class='ocrx_word' id='word_1_186' title='bbox 1366 1314 1409 1349; x_wconf 87' lang='lat' dir='ltr'>ab</span> <span class='ocrx_word' id='word_1_187' title='bbox 1450 1316 1536 1351; x_wconf 89' lang='lat' dir='ltr'>urbe</span> <span class='ocrx_word' id='word_1_188' title='bbox 1577 1318 1647 1358; x_wconf 88' lang='lat' dir='ltr'>via,</span> 
     </span>
     <span class='ocr_line' id='line_1_20' title="bbox 263 1380 1649 1430; baseline -0.001 -12"><span class='ocrx_word' id='word_1_189' title='bbox 263 1393 351 1430; x_wconf 84' lang='lat' dir='ltr'>quae</span> <span class='ocrx_word' id='word_1_190' title='bbox 377 1382 494 1427; x_wconf 83' lang='lat' dir='ltr'>Appia</span> <span class='ocrx_word' id='word_1_191' title='bbox 517 1387 754 1428; x_wconf 86' lang='lat' dir='ltr'>nuncupatur,</span> <span class='ocrx_word' id='word_1_192' title='bbox 782 1385 816 1417; x_wconf 83' lang='lat' dir='ltr'>et</span> <span class='ocrx_word' id='word_1_193' title='bbox 842 1381 1080 1426; x_wconf 83' lang='lat' dir='ltr'>pauperibus,</span> <span class='ocrx_word' id='word_1_194' title='bbox 1110 1390 1198 1425; x_wconf 90' lang='lat' dir='ltr'>quos</span> <span class='ocrx_word' id='word_1_195' title='bbox 1224 1380 1297 1414; x_wconf 83' lang='lat' dir='ltr'>illic</span> <span class='ocrx_word' id='word_1_196' title='bbox 1322 1382 1499 1423; x_wconf 83' lang='lat' dir='ltr'>invenies,</span> <span class='ocrx_word' id='word_1_197' title='bbox 1532 1382 1649 1416; x_wconf 87' lang='lat' dir='ltr'>dices:</span> 
     </span>
     <span class='ocr_line' id='line_1_21' title="bbox 263 1446 1648 1490; baseline -0.001 -6"><span class='ocrx_word' id='word_1_198' title='bbox 263 1449 419 1484; x_wconf 88' lang='lat' dir='ltr'>Caecilia</span> <span class='ocrx_word' id='word_1_199' title='bbox 445 1459 498 1483; x_wconf 91' lang='lat' dir='ltr'>me</span> <span class='ocrx_word' id='word_1_200' title='bbox 524 1449 617 1482; x_wconf 87' lang='lat' dir='ltr'>misit</span> <span class='ocrx_word' id='word_1_201' title='bbox 642 1447 685 1482; x_wconf 87' lang='lat' dir='ltr'>ad</span> <span class='ocrx_word' id='word_1_202' title='bbox 714 1458 798 1490; x_wconf 85' lang='lat' dir='ltr'>vos,</span> <span class='ocrx_word' id='word_1_203' title='bbox 834 1452 871 1482; x_wconf 88' lang='lat' dir='ltr'>ut</span> <span class='ocrx_word' id='word_1_204' title='bbox 903 1447 1098 1482; x_wconf 88' lang='lat' dir='ltr'>ostendatis</span> <span class='ocrx_word' id='word_1_205' title='bbox 1135 1446 1217 1480; x_wconf 84' lang='lat' dir='ltr'>mibi</span> <span class='ocrx_word' id='word_1_206' title='bbox 1250 1451 1406 1481; x_wconf 81' lang='lat' dir='ltr'>sanctum</span> <span class='ocrx_word' id='word_1_207' title='bbox 1440 1458 1558 1483; x_wconf 87' lang='lat' dir='ltr'>senem</span> <span class='ocrx_word' id='word_1_208' title='bbox 1584 1447 1648 1483; x_wconf 91' lang='lat' dir='ltr'>Ur-</span> 
     </span>
     <span class='ocr_line' id='line_1_22' title="bbox 262 1513 1648 1560; baseline 0 -12"><span class='ocrx_word' id='word_1_209' title='bbox 262 1515 408 1556; x_wconf 88' lang='lat' dir='ltr'>banum,</span> <span class='ocrx_word' id='word_1_210' title='bbox 435 1515 597 1559; x_wconf 88' lang='lat' dir='ltr'>quoniam</span> <span class='ocrx_word' id='word_1_211' title='bbox 623 1513 668 1548; x_wconf 87' lang='lat' dir='ltr'>ad</span> <span class='ocrx_word' id='word_1_212' title='bbox 696 1515 807 1559; x_wconf 90' lang='lat' dir='ltr'>ipsum</span> <span class='ocrx_word' id='word_1_213' title='bbox 834 1513 948 1548; x_wconf 80' lang='lat' dir='ltr'>liabeo</span> <span class='ocrx_word' id='word_1_214' title='bbox 978 1517 1116 1548; x_wconf 80' lang='lat' dir='ltr'>secreta</span> <span class='ocrx_word' id='word_1_215' title='bbox 1141 1513 1317 1557; x_wconf 85' lang='lat' dir='ltr'>mandata,</span> <span class='ocrx_word' id='word_1_216' title='bbox 1347 1524 1437 1560; x_wconf 86' lang='lat' dir='ltr'>quae</span> <span class='ocrx_word' id='word_1_217' title='bbox 1463 1514 1648 1559; x_wconf 80' lang='lat' dir='ltr'>perferam.</span> 
     </span>
     <span class='ocr_line' id='line_1_23' title="bbox 260 1579 1649 1626; baseline -0.001 -11"><span class='ocrx_word' id='word_1_218' title='bbox 260 1580 359 1615; x_wconf 86' lang='lat' dir='ltr'>llunc</span> <span class='ocrx_word' id='word_1_219' title='bbox 384 1579 461 1613; x_wconf 83' lang='lat' dir='ltr'>dum</span> <span class='ocrx_word' id='word_1_220' title='bbox 487 1584 523 1613; x_wconf 89' lang='lat' dir='ltr'>tu</span> <span class='ocrx_word' id='word_1_221' title='bbox 549 1579 701 1623; x_wconf 79' lang='lat' dir='ltr'>videris,</span> <span class='ocrx_word' id='word_1_222' title='bbox 728 1580 845 1615; x_wconf 86' lang='lat' dir='ltr'>indica</span> <span class='ocrx_word' id='word_1_223' title='bbox 869 1583 901 1616; x_wconf 88' lang='lat' dir='ltr'>ei</span> <span class='ocrx_word' id='word_1_224' title='bbox 927 1583 1042 1615; x_wconf 88' lang='lat' dir='ltr'>omnia</span> <span class='ocrx_word' id='word_1_225' title='bbox 1067 1580 1175 1615; x_wconf 82' lang='lat' dir='ltr'>verba</span> <span class='ocrx_word' id='word_1_226' title='bbox 1201 1590 1298 1623; x_wconf 87' lang='lat' dir='ltr'>mea,</span> <span class='ocrx_word' id='word_1_227' title='bbox 1332 1585 1366 1615; x_wconf 91' lang='lat' dir='ltr'>et</span> <span class='ocrx_word' id='word_1_228' title='bbox 1395 1584 1579 1626; x_wconf 83' lang='lat' dir='ltr'>postquam</span> <span class='ocrx_word' id='word_1_229' title='bbox 1605 1581 1649 1615; x_wconf 86' lang='lat' dir='ltr'>ab</span> 
     </span>
     <span class='ocr_line' id='line_1_24' title="bbox 262 1644 1650 1693; baseline 0 -12"><span class='ocrx_word' id='word_1_230' title='bbox 262 1657 304 1681; x_wconf 88' lang='lat' dir='ltr'>eo</span> <span class='ocrx_word' id='word_1_231' title='bbox 341 1644 544 1691; x_wconf 82' lang='lat' dir='ltr'>purificatus</span> <span class='ocrx_word' id='word_1_232' title='bbox 578 1644 687 1679; x_wconf 86' lang='lat' dir='ltr'>fueris</span> <span class='ocrx_word' id='word_1_233' title='bbox 720 1648 753 1680; x_wconf 90' lang='lat' dir='ltr'>et</span> <span class='ocrx_word' id='word_1_234' title='bbox 787 1647 955 1689; x_wconf 87' lang='lat' dir='ltr'>redieris,</span> <span class='ocrx_word' id='word_1_235' title='bbox 995 1646 1158 1693; x_wconf 86' lang='lat' dir='ltr'>angelum</span> <span class='ocrx_word' id='word_1_236' title='bbox 1193 1648 1303 1692; x_wconf 89' lang='lat' dir='ltr'>ipsum</span> <span class='ocrx_word' id='word_1_237' title='bbox 1346 1646 1494 1682; x_wconf 86' lang='lat' dir='ltr'>videbis.</span> <span class='ocrx_word' id='word_1_238' title='bbox 1550 1646 1650 1681; x_wconf 89' lang='lat' dir='ltr'>Tunc</span> 
     </span>
     <span class='ocr_line' id='line_1_25' title="bbox 261 1712 1648 1758; baseline -0.001 -11"><span class='ocrx_word' id='word_1_239' title='bbox 261 1712 470 1747; x_wconf 76' lang='lat' dir='ltr'>Valet-lanus</span> <span class='ocrx_word' id='word_1_240' title='bbox 507 1712 664 1756; x_wconf 79' lang='lat' dir='ltr'>perrexit</span> <span class='ocrx_word' id='word_1_241' title='bbox 698 1715 732 1746; x_wconf 81' lang='lat' dir='ltr'>et</span> <span class='ocrx_word' id='word_1_242' title='bbox 757 1712 945 1746; x_wconf 85' lang='lat' dir='ltr'>secundnm</span> <span class='ocrx_word' id='word_1_243' title='bbox 973 1714 1097 1758; x_wconf 87' lang='lat' dir='ltr'>signa,</span> <span class='ocrx_word' id='word_1_244' title='bbox 1131 1723 1222 1757; x_wconf 87' lang='lat' dir='ltr'>quae</span> <span class='ocrx_word' id='word_1_245' title='bbox 1255 1717 1462 1757; x_wconf 79' lang='lat' dir='ltr'>acceperat,</span> <span class='ocrx_word' id='word_1_246' title='bbox 1494 1717 1648 1747; x_wconf 83' lang='lat' dir='ltr'>sanctum</span> 
     </span>
     <span class='ocr_line' id='line_1_26' title="bbox 260 1777 1646 1822; baseline -0.001 -9"><span class='ocrx_word' id='word_1_247' title='bbox 260 1777 435 1813; x_wconf 82' lang='lat' dir='ltr'>Urbanum</span> <span class='ocrx_word' id='word_1_248' title='bbox 472 1778 671 1822; x_wconf 89' lang='lat' dir='ltr'>episcopum</span> <span class='ocrx_word' id='word_1_249' title='bbox 707 1778 797 1811; x_wconf 87' lang='lat' dir='ltr'>intra</span> <span class='ocrx_word' id='word_1_250' title='bbox 830 1777 1018 1822; x_wconf 82' lang='lat' dir='ltr'>sepulchra</span> <span class='ocrx_word' id='word_1_251' title='bbox 1050 1780 1227 1812; x_wconf 87' lang='lat' dir='ltr'>martirum</span> <span class='ocrx_word' id='word_1_252' title='bbox 1270 1777 1463 1812; x_wconf 85' lang='lat' dir='ltr'>latitantem</span> <span class='ocrx_word' id='word_1_253' title='bbox 1504 1780 1646 1819; x_wconf 87' lang='lat' dir='ltr'>invenit,</span> 
     </span>
     <span class='ocr_line' id='line_1_27' title="bbox 261 1842 1646 1888; baseline -0.001 -10"><span class='ocrx_word' id='word_1_254' title='bbox 261 1853 406 1888; x_wconf 82' lang='lat' dir='ltr'>cumque</span> <span class='ocrx_word' id='word_1_255' title='bbox 442 1844 473 1877; x_wconf 88' lang='lat' dir='ltr'>ei</span> <span class='ocrx_word' id='word_1_256' title='bbox 510 1844 625 1876; x_wconf 83' lang='lat' dir='ltr'>omnia</span> <span class='ocrx_word' id='word_1_257' title='bbox 650 1843 758 1877; x_wconf 82' lang='lat' dir='ltr'>verba</span> <span class='ocrx_word' id='word_1_258' title='bbox 784 1843 959 1878; x_wconf 84' lang='lat' dir='ltr'>Caeciliae</span> <span class='ocrx_word' id='word_1_259' title='bbox 985 1843 1150 1885; x_wconf 80' lang='lat' dir='ltr'>dixisset,</span> <span class='ocrx_word' id='word_1_260' title='bbox 1186 1844 1244 1877; x_wconf 87' lang='lat' dir='ltr'>ille</span> <span class='ocrx_word' id='word_1_261' title='bbox 1279 1853 1398 1876; x_wconf 88' lang='lat' dir='ltr'>manus</span> <span class='ocrx_word' id='word_1_262' title='bbox 1430 1842 1475 1876; x_wconf 91' lang='lat' dir='ltr'>ad</span> <span class='ocrx_word' id='word_1_263' title='bbox 1513 1843 1646 1877; x_wconf 85' lang='lat' dir='ltr'>coelum</span> 
     </span>
     <span class='ocr_line' id='line_1_28' title="bbox 262 1907 1647 1953; baseline 0 -10"><span class='ocrx_word' id='word_1_264' title='bbox 262 1908 462 1953; x_wconf 81' lang='lat' dir='ltr'>expandens</span> <span class='ocrx_word' id='word_1_265' title='bbox 489 1918 564 1942; x_wconf 82' lang='lat' dir='ltr'>eum</span> <span class='ocrx_word' id='word_1_266' title='bbox 589 1908 749 1952; x_wconf 58' lang='lat' dir='ltr'>lacrymis</span> <span class='ocrx_word' id='word_1_267' title='bbox 775 1910 840 1943; x_wconf 88' lang='lat' dir='ltr'>ait:</span> <span class='ocrx_word' id='word_1_268' title='bbox 875 1908 1011 1943; x_wconf 86' lang='lat' dir='ltr'>domine</span> <span class='ocrx_word' id='word_1_269' title='bbox 1037 1908 1119 1943; x_wconf 86' lang='lat' dir='ltr'>Jesu</span> <span class='ocrx_word' id='word_1_270' title='bbox 1154 1907 1310 1950; x_wconf 83' lang='lat' dir='ltr'>Christe,</span> <span class='ocrx_word' id='word_1_271' title='bbox 1343 1909 1533 1942; x_wconf 86' lang='lat' dir='ltr'>seminator</span> <span class='ocrx_word' id='word_1_272' title='bbox 1558 1911 1647 1943; x_wconf 88' lang='lat' dir='ltr'>casti</span> 
     </span>
     <span class='ocr_line' id='line_1_29' title="bbox 259 1972 1644 2020; baseline 0.001 -13"><span class='ocrx_word' id='word_1_273' title='bbox 259 1973 421 2015; x_wconf 83' lang='lat' dir='ltr'>consilii,</span> <span class='ocrx_word' id='word_1_274' title='bbox 449 1974 589 2018; x_wconf 86' lang='lat' dir='ltr'>suscipe</span> <span class='ocrx_word' id='word_1_275' title='bbox 615 1975 780 2007; x_wconf 79' lang='lat' dir='ltr'>semimim</span> <span class='ocrx_word' id='word_1_276' title='bbox 807 1974 959 2020; x_wconf 77' lang='lat' dir='ltr'>fructus,</span> <span class='ocrx_word' id='word_1_277' title='bbox 988 1984 1075 2019; x_wconf 88' lang='lat' dir='ltr'>quos</span> <span class='ocrx_word' id='word_1_278' title='bbox 1107 1975 1140 2007; x_wconf 91' lang='lat' dir='ltr'>in</span> <span class='ocrx_word' id='word_1_279' title='bbox 1166 1972 1321 2007; x_wconf 80' lang='lat' dir='ltr'>Caecilia</span> <span class='ocrx_word' id='word_1_280' title='bbox 1346 1975 1547 2017; x_wconf 86' lang='lat' dir='ltr'>seminasti,</span> <span class='ocrx_word' id='word_1_281' title='bbox 1581 1975 1644 2009; x_wconf 90' lang='lat' dir='ltr'>do-</span> 
     </span>
     <span class='ocr_line' id='line_1_30' title="bbox 260 2038 1646 2088; baseline 0.002 -16"><span class='ocrx_word' id='word_1_282' title='bbox 260 2040 350 2073; x_wconf 87' lang='lat' dir='ltr'>mine</span> <span class='ocrx_word' id='word_1_283' title='bbox 380 2038 464 2073; x_wconf 87' lang='lat' dir='ltr'>Jesu</span> <span class='ocrx_word' id='word_1_284' title='bbox 492 2038 650 2081; x_wconf 84' lang='lat' dir='ltr'>Christe,</span> <span class='ocrx_word' id='word_1_285' title='bbox 685 2043 808 2083; x_wconf 89' lang='lat' dir='ltr'>pastor</span> <span class='ocrx_word' id='word_1_286' title='bbox 840 2038 951 2088; x_wconf 85' lang='lat' dir='ltr'>bone,</span> <span class='ocrx_word' id='word_1_287' title='bbox 991 2039 1146 2073; x_wconf 84' lang='lat' dir='ltr'>Caecilia</span> <span class='ocrx_word' id='word_1_288' title='bbox 1179 2039 1309 2072; x_wconf 75' lang='lat' dir='ltr'>santula</span> <span class='ocrx_word' id='word_1_289' title='bbox 1340 2043 1401 2073; x_wconf 85' lang='lat' dir='ltr'>tua</span> <span class='ocrx_word' id='word_1_290' title='bbox 1437 2041 1537 2084; x_wconf 86' lang='lat' dir='ltr'>quasi</span> <span class='ocrx_word' id='word_1_291' title='bbox 1569 2042 1646 2085; x_wconf 90' lang='lat' dir='ltr'>apis</span> 
     </span>
     <span class='ocr_line' id='line_1_31' title="bbox 259 2103 1647 2150; baseline 0.002 -13"><span class='ocrx_word' id='word_1_292' title='bbox 259 2104 323 2138; x_wconf 90' lang='lat' dir='ltr'>tibi</span> <span class='ocrx_word' id='word_1_293' title='bbox 349 2107 599 2149; x_wconf 84' lang='lat' dir='ltr'>argumentosa</span> <span class='ocrx_word' id='word_1_294' title='bbox 629 2103 801 2146; x_wconf 76' lang='lat' dir='ltr'>deservit3</span> <span class='ocrx_word' id='word_1_295' title='bbox 835 2114 913 2138; x_wconf 88' lang='lat' dir='ltr'>nam</span> <span class='ocrx_word' id='word_1_296' title='bbox 950 2115 1135 2150; x_wconf 78' lang='lat' dir='ltr'>sponsum,</span> <span class='ocrx_word' id='word_1_297' title='bbox 1169 2115 1267 2150; x_wconf 90' lang='lat' dir='ltr'>quem</span> <span class='ocrx_word' id='word_1_298' title='bbox 1304 2105 1405 2150; x_wconf 84' lang='lat' dir='ltr'>quasi</span> <span class='ocrx_word' id='word_1_299' title='bbox 1431 2105 1565 2140; x_wconf 90' lang='lat' dir='ltr'>leonem</span> <span class='ocrx_word' id='word_1_300' title='bbox 1594 2106 1647 2141; x_wconf 81' lang='lat' dir='ltr'>se-</span> 
     </span>
     <span class='ocr_line' id='line_1_32' title="bbox 259 2168 1647 2217; baseline 0.003 -15"><span class='ocrx_word' id='word_1_301' title='bbox 259 2179 375 2203; x_wconf 82' lang='lat' dir='ltr'>rocem</span> <span class='ocrx_word' id='word_1_302' title='bbox 407 2170 563 2213; x_wconf 82' lang='lat' dir='ltr'>accepit,</span> <span class='ocrx_word' id='word_1_303' title='bbox 598 2168 644 2202; x_wconf 85' lang='lat' dir='ltr'>ad</span> <span class='ocrx_word' id='word_1_304' title='bbox 672 2173 705 2204; x_wconf 87' lang='lat' dir='ltr'>te</span> <span class='ocrx_word' id='word_1_305' title='bbox 731 2172 833 2215; x_wconf 88' lang='lat' dir='ltr'>quasi</span> <span class='ocrx_word' id='word_1_306' title='bbox 862 2181 988 2217; x_wconf 85' lang='lat' dir='ltr'>agnum</span> <span class='ocrx_word' id='word_1_307' title='bbox 1016 2171 1332 2204; x_wconf 88' lang='lat' dir='ltr'>mansuetissimum</span> <span class='ocrx_word' id='word_1_308' title='bbox 1359 2170 1559 2206; x_wconf 84' lang='lat' dir='ltr'>destinavit.</span> <span class='ocrx_word' id='word_1_309' title='bbox 1602 2171 1647 2207; x_wconf 86' lang='lat' dir='ltr'>Et</span> 
     </span>
     <span class='ocr_line' id='line_1_33' title="bbox 259 2233 1644 2281; baseline 0.003 -13"><span class='ocrx_word' id='word_1_310' title='bbox 259 2244 338 2269; x_wconf 83' lang='lat' dir='ltr'>ecce</span> <span class='ocrx_word' id='word_1_311' title='bbox 362 2233 477 2268; x_wconf 88' lang='lat' dir='ltr'>subito</span> <span class='ocrx_word' id='word_1_312' title='bbox 505 2236 669 2279; x_wconf 87' lang='lat' dir='ltr'>apparuit</span> <span class='ocrx_word' id='word_1_313' title='bbox 693 2245 799 2270; x_wconf 84' lang='lat' dir='ltr'>senex</span> <span class='ocrx_word' id='word_1_314' title='bbox 828 2236 966 2281; x_wconf 88' lang='lat' dir='ltr'>quidam</span> <span class='ocrx_word' id='word_1_315' title='bbox 1000 2237 1112 2271; x_wconf 81' lang='lat' dir='ltr'>niveis</span> <span class='ocrx_word' id='word_1_316' title='bbox 1146 2235 1302 2270; x_wconf 85' lang='lat' dir='ltr'>vestibus</span> <span class='ocrx_word' id='word_1_317' title='bbox 1328 2236 1487 2279; x_wconf 86' lang='lat' dir='ltr'>indutus,</span> <span class='ocrx_word' id='word_1_318' title='bbox 1521 2241 1644 2272; x_wconf 86' lang='lat' dir='ltr'>tenens</span> 
     </span>
     <span class='ocr_line' id='line_1_34' title="bbox 257 2298 1645 2347; baseline 0.003 -15"><span class='ocrx_word' id='word_1_319' title='bbox 257 2298 382 2333; x_wconf 87' lang='lat' dir='ltr'>librum</span> <span class='ocrx_word' id='word_1_320' title='bbox 407 2300 524 2333; x_wconf 89' lang='lat' dir='ltr'>aureis</span> <span class='ocrx_word' id='word_1_321' title='bbox 549 2299 674 2334; x_wconf 87' lang='lat' dir='ltr'>litteris</span> <span class='ocrx_word' id='word_1_322' title='bbox 701 2302 877 2345; x_wconf 86' lang='lat' dir='ltr'>scriptum.</span> <span class='ocrx_word' id='word_1_323' title='bbox 928 2301 1034 2342; x_wconf 86' lang='lat' dir='ltr'>Quem</span> <span class='ocrx_word' id='word_1_324' title='bbox 1060 2301 1181 2337; x_wconf 85' lang='lat' dir='ltr'>videns</span> <span class='ocrx_word' id='word_1_325' title='bbox 1200 2301 1408 2337; x_wconf 84' lang='lat' dir='ltr'>Valerianus</span> <span class='ocrx_word' id='word_1_326' title='bbox 1430 2312 1514 2347; x_wconf 89' lang='lat' dir='ltr'>prae</span> <span class='ocrx_word' id='word_1_327' title='bbox 1539 2304 1645 2337; x_wconf 87' lang='lat' dir='ltr'>nimio</span> 
     </span>
     <span class='ocr_line' id='line_1_35' title="bbox 256 2365 1642 2414; baseline 0.004 -16"><span class='ocrx_word' id='word_1_328' title='bbox 256 2365 381 2399; x_wconf 88' lang='lat' dir='ltr'>timore</span> <span class='ocrx_word' id='word_1_329' title='bbox 407 2366 507 2410; x_wconf 83' lang='lat' dir='ltr'>quasi</span> <span class='ocrx_word' id='word_1_330' title='bbox 533 2369 688 2400; x_wconf 85' lang='lat' dir='ltr'>mortuus</span> <span class='ocrx_word' id='word_1_331' title='bbox 715 2366 842 2401; x_wconf 84' lang='lat' dir='ltr'>cecidit</span> <span class='ocrx_word' id='word_1_332' title='bbox 866 2372 899 2402; x_wconf 90' lang='lat' dir='ltr'>et</span> <span class='ocrx_word' id='word_1_333' title='bbox 923 2378 944 2402; x_wconf 89' lang='lat' dir='ltr'>a</span> <span class='ocrx_word' id='word_1_334' title='bbox 969 2378 1053 2402; x_wconf 86' lang='lat' dir='ltr'>sene</span> <span class='ocrx_word' id='word_1_335' title='bbox 1079 2368 1215 2403; x_wconf 84' lang='lat' dir='ltr'>levatus</span> <span class='ocrx_word' id='word_1_336' title='bbox 1233 2369 1285 2404; x_wconf 83' lang='lat' dir='ltr'>sic</span> <span class='ocrx_word' id='word_1_337' title='bbox 1302 2368 1406 2414; x_wconf 85' lang='lat' dir='ltr'>legit:</span> <span class='ocrx_word' id='word_1_338' title='bbox 1432 2378 1520 2402; x_wconf 91' lang='lat' dir='ltr'>unus</span> <span class='ocrx_word' id='word_1_339' title='bbox 1538 2368 1642 2410; x_wconf 88' lang='lat' dir='ltr'>Deus,</span> 
     </span>
     <span class='ocr_line' id='line_1_36' title="bbox 258 2429 1644 2479; baseline 0.003 -15"><span class='ocrx_word' id='word_1_340' title='bbox 258 2440 327 2464; x_wconf 83' lang='lat' dir='ltr'>una</span> <span class='ocrx_word' id='word_1_341' title='bbox 352 2429 459 2473; x_wconf 83' lang='lat' dir='ltr'>fides,</span> <span class='ocrx_word' id='word_1_342' title='bbox 484 2441 586 2465; x_wconf 88' lang='lat' dir='ltr'>unum</span> <span class='ocrx_word' id='word_1_343' title='bbox 613 2430 806 2475; x_wconf 87' lang='lat' dir='ltr'>baptisma,</span> <span class='ocrx_word' id='word_1_344' title='bbox 834 2443 921 2467; x_wconf 90' lang='lat' dir='ltr'>unus</span> <span class='ocrx_word' id='word_1_345' title='bbox 945 2433 1038 2468; x_wconf 89' lang='lat' dir='ltr'>Deus</span> <span class='ocrx_word' id='word_1_346' title='bbox 1068 2437 1103 2468; x_wconf 87' lang='lat' dir='ltr'>et</span> <span class='ocrx_word' id='word_1_347' title='bbox 1128 2437 1228 2478; x_wconf 87' lang='lat' dir='ltr'>pater</span> <span class='ocrx_word' id='word_1_348' title='bbox 1252 2435 1423 2476; x_wconf 85' lang='lat' dir='ltr'>omnium,</span> <span class='ocrx_word' id='word_1_349' title='bbox 1451 2435 1510 2479; x_wconf 90' lang='lat' dir='ltr'>qui</span> <span class='ocrx_word' id='word_1_350' title='bbox 1537 2443 1644 2478; x_wconf 74' lang='lat' dir='ltr'>supet·</span> 
     </span>
     <span class='ocr_line' id='line_1_37' title="bbox 257 2497 1639 2545; baseline 0.002 -16"><span class='ocrx_word' id='word_1_351' title='bbox 257 2505 376 2529; x_wconf 87' lang='lat' dir='ltr'>omnes</span> <span class='ocrx_word' id='word_1_352' title='bbox 408 2499 442 2530; x_wconf 89' lang='lat' dir='ltr'>et</span> <span class='ocrx_word' id='word_1_353' title='bbox 474 2506 537 2541; x_wconf 85' lang='lat' dir='ltr'>per</span> <span class='ocrx_word' id='word_1_354' title='bbox 569 2497 686 2531; x_wconf 82' lang='lat' dir='ltr'>omnia</span> <span class='ocrx_word' id='word_1_355' title='bbox 717 2501 751 2531; x_wconf 86' lang='lat' dir='ltr'>et</span> <span class='ocrx_word' id='word_1_356' title='bbox 776 2499 810 2532; x_wconf 91' lang='lat' dir='ltr'>in</span> <span class='ocrx_word' id='word_1_357' title='bbox 833 2499 991 2533; x_wconf 86' lang='lat' dir='ltr'>omnibus</span> <span class='ocrx_word' id='word_1_358' title='bbox 1019 2499 1133 2534; x_wconf 87' lang='lat' dir='ltr'>nobis.</span> <span class='ocrx_word' id='word_1_359' title='bbox 1185 2499 1335 2545; x_wconf 88' lang='lat' dir='ltr'>Cumque</span> <span class='ocrx_word' id='word_1_360' title='bbox 1369 2499 1455 2535; x_wconf 75' lang='lat' dir='ltr'>liaeo</span> <span class='ocrx_word' id='word_1_361' title='bbox 1480 2499 1639 2544; x_wconf 85' lang='lat' dir='ltr'>legisset,</span> 
     </span>
     <span class='ocr_line' id='line_1_38' title="bbox 258 2559 1638 2600; baseline 0.004 -8"><span class='ocrx_word' id='word_1_362' title='bbox 258 2559 346 2593; x_wconf 83' lang='lat' dir='ltr'>dixit</span> <span class='ocrx_word' id='word_1_363' title='bbox 371 2562 403 2595; x_wconf 89' lang='lat' dir='ltr'>ei</span> <span class='ocrx_word' id='word_1_364' title='bbox 429 2563 567 2596; x_wconf 85' lang='lat' dir='ltr'>senior:</span> <span class='ocrx_word' id='word_1_365' title='bbox 591 2562 707 2598; x_wconf 87' lang='lat' dir='ltr'>credis</span> <span class='ocrx_word' id='word_1_366' title='bbox 732 2564 782 2598; x_wconf 90' lang='lat' dir='ltr'>ita</span> <span class='ocrx_word' id='word_1_367' title='bbox 808 2575 887 2600; x_wconf 89' lang='lat' dir='ltr'>esse</span> <span class='ocrx_word' id='word_1_368' title='bbox 913 2575 955 2599; x_wconf 84' lang='lat' dir='ltr'>an</span> <span class='ocrx_word' id='word_1_369' title='bbox 981 2564 1097 2599; x_wconf 88' lang='lat' dir='ltr'>adhuc</span> <span class='ocrx_word' id='word_1_370' title='bbox 1123 2565 1293 2600; x_wconf 80' lang='lat' dir='ltr'>dubitas?</span> <span class='ocrx_word' id='word_1_371' title='bbox 1341 2565 1440 2600; x_wconf 89' lang='lat' dir='ltr'>Tunc</span> <span class='ocrx_word' id='word_1_372' title='bbox 1464 2563 1638 2599; x_wconf 85' lang='lat' dir='ltr'>exclama-</span> 
     </span>
     <span class='ocr_line' id='line_1_39' title="bbox 257 2624 1634 2677; baseline 0.005 -20"><span class='ocrx_word' id='word_1_373' title='bbox 257 2624 305 2657; x_wconf 61' lang='lat' dir='ltr'>vit</span> <span class='ocrx_word' id='word_1_374' title='bbox 340 2624 478 2661; x_wconf 82' lang='lat' dir='ltr'>dicens:</span> <span class='ocrx_word' id='word_1_375' title='bbox 515 2639 582 2663; x_wconf 90' lang='lat' dir='ltr'>non</span> <span class='ocrx_word' id='word_1_376' title='bbox 618 2634 672 2665; x_wconf 85' lang='lat' dir='ltr'>est</span> <span class='ocrx_word' id='word_1_377' title='bbox 704 2629 820 2673; x_wconf 89' lang='lat' dir='ltr'>aliud,</span> <span class='ocrx_word' id='word_1_378' title='bbox 854 2631 946 2677; x_wconf 91' lang='lat' dir='ltr'>quod</span> <span class='ocrx_word' id='word_1_379' title='bbox 983 2632 1098 2666; x_wconf 87' lang='lat' dir='ltr'>verius</span> <span class='ocrx_word' id='word_1_380' title='bbox 1133 2631 1227 2666; x_wconf 85' lang='lat' dir='ltr'>credi</span> <span class='ocrx_word' id='word_1_381' title='bbox 1264 2632 1387 2676; x_wconf 85' lang='lat' dir='ltr'>possit,</span> <span class='ocrx_word' id='word_1_382' title='bbox 1427 2628 1491 2663; x_wconf 88' lang='lat' dir='ltr'>sub</span> <span class='ocrx_word' id='word_1_383' title='bbox 1524 2629 1634 2665; x_wconf 82' lang='lat' dir='ltr'>coelo.</span> 
     </span>
     <span class='ocr_line' id='line_1_40' title="bbox 256 2687 1637 2741; baseline 0.007 -20"><span class='ocrx_word' id='word_1_384' title='bbox 256 2687 450 2735; x_wconf 86' lang='lat' dir='ltr'>Statimque</span> <span class='ocrx_word' id='word_1_385' title='bbox 483 2693 543 2728; x_wconf 88' lang='lat' dir='ltr'>illo</span> <span class='ocrx_word' id='word_1_386' title='bbox 584 2694 786 2741; x_wconf 84' lang='lat' dir='ltr'>disparente</span> <span class='ocrx_word' id='word_1_387' title='bbox 818 2696 1029 2732; x_wconf 85' lang='lat' dir='ltr'>Valerianus</span> <span class='ocrx_word' id='word_1_388' title='bbox 1069 2707 1090 2732; x_wconf 88' lang='lat' dir='ltr'>a</span> <span class='ocrx_word' id='word_1_389' title='bbox 1126 2700 1248 2731; x_wconf 84' lang='lat' dir='ltr'>sancto</span> <span class='ocrx_word' id='word_1_390' title='bbox 1282 2694 1422 2730; x_wconf 86' lang='lat' dir='ltr'>Urbano</span> <span class='ocrx_word' id='word_1_391' title='bbox 1461 2694 1637 2740; x_wconf 85' lang='lat' dir='ltr'>baptisma</span> 
     </span>
    </p>
   </div>
  </div>
 </body>
</html>
