1742 3005
276 92 360 132 860
550 89 648 137 Cap.
681 85 923 123 chxxtv.
981 85 1040 121 De
1069 64 1199 120 sancti>
1229 84 1388 121 Jodoco.

278 200 390 225 honore
408 194 490 221 beati
507 191 628 219 Martini
647 195 676 217 et
695 189 916 220 mansiuncula,
941 187 1054 215 ibidem
1080 187 1224 222 plurimas
1251 188 1288 215 ab
1308 189 1394 215 hoste
1413 188 1535 221 antiqno
1557 196 1660 222 passus

277 247 321 268 est
341 239 465 266 insidias
483 247 536 272 per
554 239 623 263 XIV
642 244 745 267 annos,
776 234 885 268 quibus
905 233 966 259 illic
985 237 1031 260 est
1050 236 1259 259 commoratus.
1295 235 1336 258 Eo
1360 232 1390 258 in
1409 233 1474 259 loco
1493 233 1578 264 signo
1597 242 1660 258 cru·

277 285 319 312 cis
336 284 415 310 facto
437 280 558 316 propria
576 290 666 306 manu
685 279 815 312 aquilam
835 279 872 305 de
892 276 1014 305 sublimi
1032 276 1203 310 prostravit,
1223 286 1299 309 quae
1316 276 1424 308 gallum
1439 285 1524 303 suum
1539 277 1661 303 abstulit

278 335 308 356 ot
326 332 368 354 XI
387 327 513 359 gallinas
533 323 688 357 sigillatim
708 323 877 356 gallumque
903 331 991 349 suum
1015 321 1196 347 incolumem
1223 321 1363 355 suscepit.
1399 323 1463 347 Nou
1488 321 1574 354 louge
1594 326 1661 356 pust

278 371 426 407 dyabolus
450 370 481 397 in
506 368 682 396 horribilem
706 371 837 394 mutatus
862 367 1018 394 colubrum
1044 366 1174 398 graviter
1199 365 1297 399 ipsum
1322 365 1481 392 momordit
1514 366 1545 392 iu
1574 366 1662 400 pede.

279 422 343 454 Qua
361 415 494 443 laesione
514 424 567 449 per
586 417 720 440 sanctum
739 412 864 439 edoctus
885 411 1038 446 spiritum,
1064 414 1097 437 ut
1124 410 1163 436 ad
1188 409 1279 436 alium
1306 409 1405 436 locum
1431 410 1585 442 transiret,
1610 410 1663 436 ad-

277 465 378 497 juncto
404 459 462 487 sibi
488 458 564 485 duce
591 458 736 485 Heimoue
761 461 878 484 vastam
899 456 1044 482 circuibat
1063 464 1210 486 eremum,
1235 458 1268 480 ut
1295 453 1444 480 inveniret
1469 454 1662 481 habitationis

277 507 386 534 locum.
422 503 605 537 Inquirendo
632 507 731 528 autem
754 511 821 527 cum
845 501 958 527 ibidem
978 499 1061 532 gravi
1080 499 1141 525 dux
1160 503 1348 531 torqueretur
1367 498 1432 526 sitis
1452 498 1570 532 inopia,
1594 508 1664 532 prae

277 548 458 578 lassitudine
484 552 513 574 et
539 547 590 574 siti
616 546 812 574 obdormivit.
849 545 970 572 Interim
1005 553 1110 571 servus
1137 544 1193 570 Dei
1218 543 1349 571 Jodocns
1377 542 1505 570 orationi
1530 542 1663 569 incubuit

279 602 463 626 surgensque
488 592 615 623 baculo,
648 600 707 624 quo
734 591 932 623 innitebatur,
964 594 1059 616 terrae
1095 588 1188 615 insum
1214 587 1291 615 sicut
1315 588 1390 614 alter
1413 590 1531 621 Moyses
1558 596 1665 620 aquam

278 638 421 675 produxit
440 642 469 664 et
487 636 602 663 fontem
620 636 690 662 inde
709 635 830 667 largiter
849 634 1031 662 effluentem.
1069 637 1134 670 Quo
1160 633 1317 659 exhilarati
1344 632 1405 659 dux
1423 637 1451 659 et
1471 634 1533 666 ejus
1552 631 1665 658 familia

280 692 351 711 suae
370 682 434 709 sitis
455 681 660 708 exstinxerunt
679 680 816 706 ardorem
836 684 865 705 et
888 679 1113 705 transeuntibus
1133 678 1229 705 adhuc
1248 687 1355 711 aquam
1375 677 1564 707 administrat
1582 675 1666 703 suffi-

279 728 417 756 cientem.
452 729 627 756 Progressus
647 724 716 750 inde
735 732 840 750 versus
860 732 939 749 mare
958 723 989 748 iu
1012 723 1154 749 umbrosa
1176 722 1258 749 valle
1284 722 1396 748 clivum
1422 721 1579 748 adscendit
1597 730 1665 755 per-

279 783 415 809 parvum.
453 773 518 806 Quo
539 769 723 795 delectatuS:
744 767 817 793 haec
837 771 896 795 est.
920 766 1034 799 inquit,
1061 766 1216 799 cathedra,
1240 767 1313 792 haec
1332 766 1449 799 requies
1468 776 1533 792 mea
1552 766 1583 792 iu
1601 774 1666 792 sae-

280 818 390 846 culum.
433 819 515 842 Duce
544 814 647 847 itaque
670 820 791 839 reverso
823 811 861 838 ad
895 810 1017 845 propria
1044 811 1092 837 vir
1116 810 1172 837 Dei
1204 810 1327 845 propria
1350 820 1441 836 mauu
1466 810 1525 837 duo
1551 810 1667 836 ibidem

279 860 446 890 construxit
465 859 610 891 oratoria,
636 867 728 884 unum
753 861 838 883 Petro
865 855 1073 890 apostolorum
1096 854 1242 889 principi,
1268 855 1395 881 alterum
1419 854 1509 880 Paulo
1535 855 1667 886 gentium

281 906 407 935 doctori.
443 904 595 931 Profectus
622 907 668 929 est
693 903 783 929 etiam
807 900 1002 937 postmodum
1020 902 1146 926 Romam
1164 904 1290 926 vocatus
1310 909 1327 926 a
1346 899 1520 926 beatissimo
1539 900 1667 926 Mai-tino

280 958 351 981 tunc
376 954 528 978 Romanae
551 947 632 975 sedis
659 946 802 973 antistite.
840 946 915 981 Quia
940 945 1034 972 multo
1056 950 1191 979 tempore
1211 944 1403 977 concupierat
1430 944 1534 971 videre
1553 954 1619 972 eum
1639 950 1667 972 et

280 1008 297 1024 a
316 994 504 1024 sanctissimo
524 994 587 1026 ejus
606 991 758 1024 colloquio
779 990 893 1023 sanari,
920 994 1059 1024 receptus
1085 994 1130 1016 est
1157 990 1194 1016 ab
1220 998 1255 1016 eo
1283 1000 1349 1016 cmn
1376 990 1488 1016 honore
1516 989 1619 1016 debito
1640 995 1668 1017 et

281 1046 434 1070 tractatus.
468 1037 587 1065 Ibidem
616 1045 633 1062 a
659 1035 766 1070 spiritu
791 1040 894 1062 sancto
921 1035 1028 1061 doctus
1053 1039 1115 1066 est,
1143 1044 1232 1067 quem
1257 1034 1288 1061 in
1307 1034 1446 1061 omnibus
1465 1035 1621 1062 custodem
1640 1039 1669 1062 et

281 1086 455 1118 magistrum
472 1083 591 1114 habuit,
619 1086 651 1108 ut
675 1081 713 1107 ad
739 1089 871 1106 eremum
897 1088 981 1106 suam
1000 1084 1215 1112 reverteretur,
1243 1089 1331 1112 quam
1350 1078 1380 1105 in
1399 1079 1482 1106 terris
1503 1079 1561 1106 sibi
1580 1079 1668 1112 elegit

281 1130 513 1160 habitationem,
540 1127 612 1154 inde
636 1126 667 1153 in
692 1123 779 1151 brevi
805 1125 938 1151 exiturus
957 1129 987 1151 et
1005 1124 1265 1156 transmigraturus
1290 1124 1329 1150 ad
1347 1123 1529 1150 consortium
1548 1125 1669 1156 augeio-

281 1186 356 1203 rum.
391 1178 460 1201 Post
479 1181 563 1200 sacra
581 1175 610 1198 et
631 1170 724 1197 multa
743 1169 780 1196 de
799 1168 976 1196 aeternitate
995 1169 1146 1202 colloquia
1171 1173 1200 1195 et
1218 1173 1320 1195 mutua
1339 1168 1509 1195 orationum
1529 1168 1669 1201 suffragia

282 1222 360 1248 inter
384 1220 484 1254 ipsum
508 1221 538 1244 et
564 1225 712 1244 summum
738 1214 912 1250 pontificem
938 1213 1043 1240 habita
1068 1212 1294 1248 pretiosissimis
1320 1223 1337 1239 a
1363 1213 1486 1240 domino
1512 1223 1591 1248 papa
1611 1214 1669 1240 sibi

281 1264 400 1293 collatis
428 1267 598 1291 sanctorum
623 1258 758 1293 reliquiis
782 1267 920 1285 reversus
948 1262 994 1285 est
1019 1268 1086 1285 cum
1111 1258 1203 1285 totius
1222 1257 1336 1292 patriae
1355 1257 1463 1290 gaudio
1483 1258 1522 1284 ad
1541 1258 1669 1285 l'outinii

281 1309 425 1341 confinia,
450 1307 504 1334 ubi
522 1307 552 1334 in
571 1311 672 1333 moute
691 1303 886 1332 habitationis
905 1312 991 1335 suae,
1018 1303 1049 1330 iu
1076 1313 1134 1336 qua
1152 1303 1243 1330 modo
1264 1302 1427 1336 requiescit
1446 1311 1554 1337 corpus
1574 1304 1669 1330 sancti

281 1354 405 1386 Jodoci‚
432 1352 590 1387 proposito
609 1355 767 1386 parentum
787 1348 914 1375 consilio
934 1348 1064 1375 adducta
1083 1352 1129 1375 est
1148 1348 1207 1375 sibi
1224 1348 1327 1383 puella
1346 1348 1460 1381 absque
1478 1347 1573 1374 oculis
1591 1353 1669 1380 nata,

283 1409 375 1434 quae,
402 1398 478 1425 sicut
502 1397 591 1425 docta
616 1395 713 1422 suerat
737 1394 768 1421 in
791 1393 926 1426 visione,
951 1393 1059 1420 faciem
1083 1398 1112 1420 et
1137 1393 1218 1426 loca,
1243 1392 1297 1419 ubi
1319 1392 1398 1419 oculi
1421 1392 1571 1419 debebant
1595 1402 1670 1426 esse,

282 1445 358 1472 lavit
377 1443 415 1470 de
434 1452 512 1476 aqua
531 1441 597 1473 illa,
618 1450 675 1474 qua
693 1440 740 1467 vir
759 1443 878 1466 sanctus
898 1447 1003 1465 manus
1021 1437 1172 1470 abluerat,
1196 1442 1225 1465 et
1244 1446 1314 1464 mox
1331 1437 1459 1472 receptis
1479 1438 1573 1466 oculis
1593 1438 1670 1466 clare

283 1490 384 1524 coepit
409 1488 525 1514 videre.
560 1489 642 1513 Duce
667 1485 767 1518 itaque
795 1483 938 1511 Heimone
966 1487 1124 1518 praesente
1151 1492 1218 1509 cum
1244 1482 1400 1509 innumera
1427 1482 1483 1510 Dei
1512 1484 1671 1518 plebisque

282 1535 369 1561 turba
388 1533 419 1560 in
438 1540 593 1559 occursum
612 1530 697 1557 beati
715 1528 821 1557 Jodoci
841 1533 1016 1561 congregata
1036 1527 1247 1560 sanctissimis,
1266 1537 1340 1561 quas
1360 1527 1513 1560 attulerat,
1538 1528 1670 1562 reliquiis

282 1589 350 1606 cum
370 1577 467 1609 omni,
493 1585 549 1609 qua
570 1574 684 1607 decuit,
708 1573 902 1601 veneratione
921 1572 1063 1607 repositis
1083 1572 1114 1599 in
1133 1582 1211 1599 nova
1231 1572 1313 1599 beati
1332 1571 1453 1598 Martini
1472 1573 1614 1606 ecclesia,
1641 1574 1671 1600 in

283 1634 342 1657 qua
360 1632 439 1650 nunc
458 1630 575 1648 sacrum
594 1628 702 1654 corpus
721 1620 783 1652 ejus
803 1617 981 1651 requiescit,
1006 1622 1078 1644 tunc
1104 1617 1141 1643 de
1160 1625 1241 1644 novo
1259 1616 1338 1644 sacta
1359 1617 1479 1652 lapidea
1499 1628 1515 1644 a
1533 1617 1670 1652 praefato

282 1669 368 1700 duce,
395 1667 461 1702 ipse
479 1664 527 1692 vir
546 1665 653 1691 beatus
680 1663 872 1699 praeparavit
903 1672 934 1689 se
960 1663 999 1689 ad
1025 1661 1129 1689 divina
1147 1661 1289 1695 mysteria
1307 1662 1488 1689 celebranda
1508 1662 1607 1689 casula
1626 1662 1670 1689 iu-

283 1713 374 1739 dutus
393 1712 432 1738 ad
450 1711 573 1738 modum
592 1709 671 1736 nivis
690 1708 770 1735 alba.
806 1707 863 1743 Qui
882 1717 949 1734 cum
963 1707 1096 1735 adstaret
1113 1707 1200 1734 altari
1214 1711 1254 1734 111
1266 1707 1337 1734 Idus
1352 1707 1431 1734 Junii
1447 1711 1475 1733 et
1491 1706 1671 1734 ministraret

283 1768 349 1784 cum
376 1755 539 1783 devotione
565 1754 710 1786 maxima,
747 1752 849 1779 divina
876 1761 981 1779 manus
1009 1752 1147 1787 apparuit
1179 1761 1269 1787 super
1302 1761 1370 1778 eum
1399 1752 1563 1779 visibiliter
1595 1751 1671 1778 inter

283 1805 471 1829 sacrosancta
489 1799 647 1826 missarum
665 1797 823 1825 sollemnia
842 1806 987 1830 suumque
1006 1797 1202 1823 sacerdotem.
1238 1797 1272 1823 Ei
1291 1796 1389 1823 locum
1405 1795 1491 1822 illum
1505 1795 1670 1827 assignavit

283 1851 310 1873 et
331 1844 522 1873 eonfirmavit
541 1843 753 1870 benedictione
772 1846 916 1876 perpetua
937 1851 1002 1867 cnm
1021 1841 1222 1875 promissione
1240 1841 1293 1867 tali
1313 1846 1341 1867 et
1360 1849 1436 1868 voce
1453 1840 1584 1866 mirabili
1603 1849 1671 1867 coe-

282 1891 354 1917 litus
378 1890 554 1916 subsecuta:
590 1887 659 1921 quia
685 1886 872 1914 contemsisti
895 1885 1017 1912 divitias
1043 1890 1174 1912 terrenas
1208 1890 1237 1912 et
1269 1884 1406 1912 refutasti
1440 1884 1556 1919 paterni
1590 1885 1670 1916 regni

282 1934 413 1962 culmina
432 1937 460 1960 et
479 1932 596 1964 elegisti
616 1941 730 1967 pauper
756 1940 821 1957 esse
846 1935 875 1957 et
902 1930 993 1956 latere
1026 1930 1159 1964 abjectus
1182 1929 1212 1956 iu
1238 1934 1316 1956 terra
1343 1929 1400 1956 ista
1427 1929 1560 1961 deserta,
1585 1939 1669 1964 prae-

282 1978 389 2014 paravi
413 1978 470 2004 tibi
495 1986 635 2003 coronam
661 1976 738 2003 inter
763 1975 880 2007 agmina
906 1974 1079 2006 angelorum
1107 1983 1217 2007 eroque
1244 1975 1303 2001 luci
1321 1974 1423 2006 huius,
1450 1973 1479 2000 in
1500 1982 1557 2007 quo
1577 1974 1670 2001 resol-

281 2024 372 2056 veris,
392 2022 533 2049 defensor
552 2031 586 2048 ac
603 2021 679 2054 jugis
700 2019 845 2052 custodia,
865 2019 1058 2051 universique
1078 2019 1155 2044 hunc
1174 2018 1272 2045 locum
1286 2018 1437 2045 visitaturi
1450 2018 1479 2044 in
1493 2022 1669 2052 perpetuum

282 2079 349 2096 cum
375 2066 538 2094 devotione
565 2070 594 2091 et
620 2074 694 2099 pura
721 2064 819 2090 cordis
846 2063 1011 2090 intentione
1038 2071 1092 2098 pro
1120 2063 1163 2089 tui
1189 2063 1318 2090 nominis
1346 2063 1490 2090 memoria
1518 2063 1621 2090 divina
1640 2063 1669 2089 in

282 2112 368 2140 terris
402 2111 495 2144 gratia
526 2119 587 2137 non
618 2105 876 2136 desraudabuntur
911 2112 940 2135 et
969 2112 1037 2143 post
1071 2108 1110 2134 ad
1140 2108 1247 2140 gaudia
1274 2108 1453 2143 pervenient
1479 2108 1670 2143 sempiterna.

282 2157 425 2191 Sequenti
447 2156 549 2188 itaque
576 2159 712 2189 tempore
738 2155 845 2181 beatus
871 2153 1003 2180 Jodocus
1029 2152 1059 2179 in
1079 2162 1165 2180 carne
1185 2157 1304 2188 praeter
1323 2162 1441 2180 carnem
1459 2152 1592 2180 vivendo
1611 2162 1670 2179 uon

282 2203 388 2234 homo,
416 2201 471 2228 sed
493 2200 616 2232 angelus
642 2199 814 2227 videbatur.
856 2198 927 2225 ldus
962 2198 1135 2225 Decembris
1167 2198 1353 2225 obdormivit
1386 2198 1416 2224 in
1449 2197 1571 2224 domino
1603 2196 1670 2232 ipso

281 2246 404 2273 domino
423 2250 580 2280 praesente
599 2249 628 2272 et
648 2244 822 2276 augelorum
840 2242 1007 2275 obsequiis;
1028 2242 1142 2269 domini
1161 2243 1365 2277 praesenti-‘un
1384 2242 1516 2269 ostendit
1529 2242 1672 2269 intolera—

282 2291 352 2318 bilis
379 2290 498 2317 claritas
525 2289 695 2324 splendoris
723 2293 752 2315 et
770 2287 1015 2322 incomparabilis
1035 2287 1164 2314 dulcedo
1183 2287 1281 2327 divini
1300 2287 1411 2316 odoris.
1449 2289 1562 2322 Corpus
1581 2287 1670 2314 etiam

281 2337 362 2369 rjus,
382 2335 452 2369 quia
470 2335 555 2367 virgo
575 2333 670 2361 tuerat
698 2338 725 2361 et
745 2332 885 2359 immunis
904 2342 920 2358 a
940 2331 1066 2359 carnalis
1086 2331 1309 2359 conunixtiouis
1329 2331 1480 2364 contagio,
1506 2332 1545 2359 ita
1566 2340 1669 2359 sanum

283 2380 447 2416 permansit
466 2384 495 2407 et
513 2379 659 2411 integrum
678 2387 773 2411 usque
794 2377 832 2403 ad
851 2385 943 2403 annos
962 2379 1012 2403 XL
1031 2376 1061 2403 in
1081 2376 1211 2409 tumulo,
1239 2386 1272 2403 nc
1300 2377 1325 2404 si
1350 2376 1473 2411 spiritus
1492 2376 1574 2404 vitae
1593 2375 1670 2403 soret

282 2425 311 2451 in
331 2434 384 2458 eo,
411 2429 439 2451 et
459 2434 474 2451 a
494 2423 671 2451 custodibus
691 2422 825 2457 corporis
845 2421 903 2448 sibi
924 2430 1035 2453 ungues
1055 2431 1194 2448 manuum
1213 2426 1241 2447 et
1262 2422 1373 2456 pedum
1392 2426 1420 2448 et
1440 2421 1542 2456 capilli
1562 2420 1669 2455 capitis

282 2474 308 2495 μί
329 2470 452 2502 barbae,
471 2468 556 2502 quasi
576 2467 703 2499 vivon-vt,
729 2471 933 2493 excrescentes
954 2466 1163 2493 incidebantur
1182 2470 1208 2492 et
1231 2466 1412 2492 radebantur
1431 2465 1511 2492 (nuni
1530 2465 1666 2495 sabbato,

281 2513 477 2547 «pun-‘idnsque
513 2521 668 2540 successor
698 2511 850 2538 lle-imonis
884 2511 982 2537 minus
1014 2515 1184 2537 reveri-nter
1217 2515 1246 2537 et
1274 2511 1489 2545 pmesumtinse
1515 2510 1669 2536 immemor

283 2558 446 2592 svriptnrae
471 2558 613 2585 dicentis:
640 2566 699 2584 non
725 2557 855 2583 tentabis
880 2556 993 2583 domiui
1021 2556 1198 2589 sacrarium,
1225 2556 1375 2583 violenter
1400 2554 1503 2589 irrupit
1530 2564 1595 2580 cum
1621 2563 1669 2581 sa—

281 2602 430 2629 tellitibus
450 2602 511 2629 suis
530 2607 558 2629 et
578 2601 718 2634 intravit,
745 2601 795 2627 ubi
816 2601 978 2635 repositum
999 2605 1059 2627 erat
1081 2610 1188 2635 corpus
1207 2600 1441 2631 sanctissimum,
1467 2598 1593 2630 visoque
1615 2600 1666 2624 mi-

283 2645 382 2670 raculo
410 2647 508 2673 statim
536 2647 680 2673 caecitate
707 2655 866 2680 percussus
899 2654 1002 2671 versus
1037 2650 1078 2672 est
1111 2646 1139 2672 iu
1173 2645 1330 2671 mamiliam
1356 2644 1538 2670 exclamans:
1571 2643 1604 2667 ha
1633 2644 1667 2669 Ιι.ι

284 2693 383 2716 sande
403 2691 533 2722 Jodoce,
553 2691 659 2719 surdus
679 2691 842 2726 permansit
863 2696 890 2718 et
911 2695 1026 2720 mutus.
1058 2690 1252 2724 quoadusque
1272 2689 1351 2716 diem
1370 2687 1473 2715 clausit
1495 2692 1666 2716 ‹nun-vunnu
