1742 3005
486 92 585 143 Cap.
617 92 662 130 L.
716 92 777 130 De
805 96 936 129 sancto
965 89 1144 128 Patricio.
1429 88 1510 128 215

117 195 253 230 laminis
276 192 402 229 ferreis
427 193 659 230 candentibus
683 195 946 231 adaemonibus
971 205 1082 241 usque
1103 193 1147 229 ad
1172 193 1310 229 viscera
1334 190 1508 236 flagellari

116 260 276 306 altosque
299 264 440 295 ventres
465 259 635 295 habentes
670 260 834 295 deorsum
864 265 993 295 terram
1024 270 1110 306 prae
1141 257 1263 293 dolore
1287 256 1449 291 mordere
1475 262 1509 291 et

115 325 289 361 clamare:
329 336 455 372 parce,
488 326 611 371 parce!
651 336 738 371 quos
762 331 845 361 tune
877 326 1065 361 daemones
1090 325 1233 371 gravius
1266 322 1504 369 flagellabant.

112 391 284 437 Aliosque
306 392 404 435 vidit,
431 403 575 438 quorum
594 393 747 427 membra
762 396 945 436 serpentes
966 390 1148 432 vorabant,
1176 394 1210 424 et
1235 389 1384 425 bufones
1409 390 1502 434 igni-

111 459 159 492 tis
181 457 315 492 aculeis
340 468 458 493 eorum
482 459 620 493 viseera
641 456 882 492 extrahebant.
931 455 996 495 Qui
1021 466 1096 489 cum
1123 456 1167 488 iis
1187 456 1361 489 assentire
1383 454 1504 495 nollet,

113 525 147 557 in
173 523 318 558 eundem
343 523 458 569 ignem
495 527 529 558 et
560 531 692 566 poenas
717 522 902 567 projicitur
933 525 966 555 et
993 520 1118 555 iisdem
1155 520 1292 553 laminis
1321 524 1355 553 et
1380 521 1503 564 poenis

111 588 321 635 flagellatur.
376 588 448 623 Sed
471 598 546 622 eum
572 588 630 622 ille
659 587 908 622 exclamasset:
943 585 1029 621 Jesu
1056 586 1196 621 Christe
1224 592 1311 627 ete,
1339 595 1359 619 a
1390 596 1503 629 poena

109 653 292 700 praedicta
313 654 472 698 protinus
497 653 668 688 liberatus
691 658 755 688 est.
790 653 924 688 Deinde
949 651 1087 686 ducitur
1113 651 1158 685 ad
1179 651 1351 697 quendam
1376 651 1502 694 locum,

107 720 167 754 ubi
191 719 349 755 homines
369 721 405 754 in
429 720 610 765 sartagine
628 718 871 765 frigebantur,
897 718 957 752 uhi
985 723 1063 752 rota
1087 718 1237 751 maxima
1263 721 1338 751 erat
1363 719 1499 752 uncinis

109 786 234 820 ferreis
259 786 380 831 ignitis
404 785 530 830 plena,
560 787 595 818 in
619 786 746 831 quibus
777 796 840 830 per
864 784 1006 819 diversa
1038 783 1192 818 membra
1218 782 1375 817 homines
1403 790 1502 818 erant

107 852 284 896 suspensi,
311 861 400 896 quae
425 855 495 884 tam
518 851 687 886 velociter
713 850 929 892 volvebatur,
958 850 1051 895 quod
1071 848 1213 895 globum
1235 851 1374 893 igneum
1400 851 1498 884 emit—

105 916 213 951 tebat.
262 916 347 951 Post
371 915 439 951 hoe
466 915 608 951 videbat
631 917 812 950 maximam
833 915 967 949 domum
994 915 1177 949 habentem
1204 915 1323 949 foveas
1350 915 1499 948 metallis

104 981 333 1016 bullientibus
356 981 491 1026 plenas,
518 983 552 1016 in
581 982 707 1027 quibus
734 981 794 1015 alii
819 991 920 1014 unum
946 980 1082 1025 pedem,
1110 980 1171 1014 alii
1195 980 1282 1013 duos
1308 980 1497 1016 habebant.

104 1046 170 1081 alii
195 1046 246 1080 ibi
265 1051 363 1081 erant
389 1057 500 1092 usque
524 1047 569 1081 ad
595 1057 722 1093 genua,
748 1046 809 1080 alii
834 1057 944 1091 usque
972 1046 1017 1080 ad
1041 1051 1206 1088 ventrem,
1234 1046 1295 1079 alii
1320 1057 1431 1090 nsque
1453 1048 1497 1080 ad

104 1117 245 1158 pectus,
271 1112 334 1146 alii
358 1123 469 1157 usque
495 1112 539 1147 ad
565 1113 703 1154 collum,
728 1112 788 1146 alii
813 1123 924 1157 usque
950 1112 994 1147 ad
1020 1113 1153 1154 oculos,
1180 1111 1242 1145 sed
1270 1111 1356 1145 haee
1382 1114 1497 1146 omnia

102 1188 309 1223 percurrens
333 1189 458 1213 nomen
482 1178 546 1213 Dei
572 1178 767 1212 invocabat.
825 1178 1004 1213 Processit
1030 1179 1152 1212 iterum
1187 1182 1220 1212 et
1246 1178 1417 1223 quendam
1441 1179 1493 1212 la*

100 1245 272 1278 tissimum
296 1248 435 1287 puteum
461 1245 631 1286 intuetur,
674 1243 717 1278 de
745 1255 812 1289 quo
850 1244 961 1277 sumus
989 1243 1169 1278 horribilis
1204 1248 1237 1278 et
1263 1245 1377 1278 l'oetor
1403 1246 1491 1277 into-

100 1308 260 1344 lerabIlis
285 1309 424 1351 exibat,
460 1309 611 1354 indeque
641 1309 798 1343 homines
825 1313 862 1342 ut
896 1309 1024 1343 ferrum
1064 1309 1254 1343 candentes
1290 1311 1323 1343 in
1356 1310 1491 1343 modum

102 1373 297 1408 favillariun
323 1375 486 1416 exibant,
522 1374 586 1409 sed
605 1373 793 1407 daemones
817 1384 878 1407 eos
900 1373 1181 1419 reimpingebant
1206 1373 1437 1419 dixeruntque
1461 1377 1490 1410 ei

100 1438 307 1473 daemones:
332 1439 432 1473 locus
457 1440 528 1481 ille,
557 1450 656 1485 quem
674 1439 866 1483 conspicis,
896 1442 949 1473 est
978 1438 1152 1481 infernus,
1178 1441 1211 1472 in
1238 1450 1305 1484 quo
1333 1440 1492 1474 domimus

98 1509 220 1538 noster
244 1503 443 1539 Beelzebub
469 1504 616 1538 habitat.
673 1502 710 1537 ln
745 1504 856 1547 ipsum
892 1505 1001 1549 igitur
1027 1509 1167 1549 puteum
1201 1509 1234 1539 te
1263 1506 1490 1550 jactabimus,

97 1570 130 1603 si
161 1569 264 1603 nobis
291 1571 465 1605 assentire
497 1579 662 1611 recusas,
703 1573 887 1614 postquam
921 1574 1035 1604 autem
1068 1570 1151 1604 illue
1181 1572 1338 1615 Jactatus
1368 1571 1489 1613 fueris,

95 1634 226 1668 nullum
249 1634 330 1670 inde
363 1635 554 1670 remedium
587 1634 761 1670 evadendi
788 1635 976 1669 obtinebis
1038 1636 1133 1676 Quos
1161 1636 1239 1670 dum
1273 1636 1332 1671 ille
1366 1637 1490 1673 audire

96 1703 350 1743 contemneret,
388 1702 501 1745 ipsum
531 1702 740 1746 arripientes
772 1702 808 1735 in
841 1700 1060 1745 praedictum
1086 1706 1224 1746 puteum
1251 1702 1487 1747 jactaverunt,

96 1767 155 1810 qui
177 1769 247 1799 tam
270 1766 466 1801 vehementi
492 1767 616 1802 dolore
640 1767 828 1811 absorptus
859 1771 933 1807 est,
973 1771 1009 1801 ut
1033 1767 1107 1802 sere
1133 1767 1265 1801 oblitus
1290 1769 1337 1802 sit
1363 1779 1487 1803 nomen

93 1831 225 1865 domini
252 1832 428 1875 invocare,
454 1832 519 1868 sed
548 1832 626 1866 dum
651 1831 710 1866 ille
736 1831 781 1865 ad
806 1842 844 1866 se
869 1832 1031 1867 rediens:
1058 1833 1143 1868 Jesu
1170 1833 1308 1869 Christe
1336 1839 1399 1869 etc.
1424 1846 1483 1869 ex-

94 1896 280 1932 clamasset
306 1897 433 1941 corde,
463 1899 546 1944 quia
572 1908 655 1933 voce
675 1908 743 1932 non
767 1902 917 1942 poterat,
944 1900 1103 1942 protinus
1129 1900 1210 1934 inde
1236 1900 1382 1936 illaesus
1408 1903 1482 1936 exi-

93 1963 141 1995 vit
175 1967 210 1996 et
241 1964 352 1998 omnis
378 1963 582 1998 daemonum
614 1962 796 1997 multitudo
831 1967 994 2009 tanquam
1027 1966 1120 1998 victa
1154 1967 1304 2001 evanuit.
1351 1967 1482 2001 Ductus

91 2027 201 2072 igitur
217 2026 262 2061 ad
284 2027 395 2062 locum
422 2028 527 2062 alium
550 2028 639 2063 vidit
658 2027 828 2073 quendam
854 2034 1006 2073 pontem⁷
1024 2040 1130 2075 super
1154 2042 1254 2076 quem
1270 2042 1345 2066 eum
1365 2036 1480 2066 trans-

89 2093 141 2126 ire
168 2092 372 2137 oportebat,
409 2094 469 2138 qui
492 2093 630 2138 quidem
656 2097 732 2127 erat
757 2095 1001 2128 strictissimus
1038 2100 1073 2130 et
1096 2097 1208 2130 instar
1232 2096 1361 2142 glaciei
1388 2098 1480 2141 poli-

87 2161 143 2192 tus
163 2162 197 2192 et
219 2157 388 2201 lubricus,
419 2158 483 2193 sub
507 2169 574 2204 quo
599 2159 724 2192 fluvius
745 2159 871 2205 ingens
896 2160 1106 2204 sulphureus
1134 2166 1167 2196 et
1188 2163 1312 2207 igneus
1338 2162 1478 2205 fluebat,

86 2233 193 2267 super
216 2234 316 2269 quem
338 2225 490 2259 transire
527 2223 606 2258 dum
630 2235 669 2260 se
700 2235 807 2269 posse
841 2227 978 2259 omnino
1017 2226 1242 2271 desperaret,
1277 2233 1392 2263 tamen
1420 2240 1475 2264 re-

87 2288 251 2323 cordatus
276 2290 393 2332 verbi,
418 2290 512 2335 quod
537 2301 613 2325 eum
640 2289 683 2325 de
710 2294 761 2324 tot
786 2291 887 2325 malis
916 2292 1062 2336 eripuit,
1087 2292 1304 2328 confidenter
1326 2296 1478 2328 accessit

86 2357 122 2388 et
146 2364 248 2387 unum
272 2354 396 2398 pedem
421 2366 527 2400 super
551 2361 691 2401 pontem
718 2367 864 2401 ponens,
880 2356 965 2392 Jesu
991 2356 1129 2392 Christe
1158 2363 1221 2392 ete.
1250 2358 1367 2393 dicere
1391 2370 1473 2393 eoe-

84 2420 146 2464 pit.
194 2418 340 2454 Validus
368 2423 481 2454 autem
508 2420 639 2454 elamor
662 2421 752 2456 adeo
779 2432 855 2456 eum
880 2424 1021 2463 terruit,
1046 2427 1085 2456 ut
1109 2423 1304 2458 subsistere
1330 2425 1386 2458 vix
1412 2435 1472 2459 va-

83 2486 192 2525 leret,
229 2484 294 2519 sed
318 2484 535 2529 praedictum
562 2486 704 2520 verbum
737 2487 883 2531 protulit
918 2492 952 2521 et
984 2496 1129 2521 securus
1162 2489 1307 2530 mansit,
1346 2488 1472 2525 deinde

82 2550 187 2585 alium
212 2549 336 2595 pedem
368 2551 487 2594 posuit
522 2554 555 2585 et
590 2551 711 2585 eadem
750 2552 855 2586 verba
889 2553 1050 2593 iteravit,
1090 2551 1134 2586 ad
1162 2553 1352 2598 quemlibet
1381 2556 1468 2591 enim

82 2626 223 2661 passum
260 2615 383 2651 eadem
418 2615 524 2649 verba
557 2616 703 2661 protulit
736 2620 770 2650 et
801 2617 853 2650 sic
887 2627 1031 2652 securus
1068 2619 1218 2653 transiit.
1275 2619 1356 2654 Cum
1383 2632 1468 2666 ergo

81 2681 303 2721 transiisset,
337 2681 371 2715 in
407 2679 579 2726 quoddam
606 2685 741 2726 pratum
770 2682 1050 2718 amoenissimum
1076 2682 1235 2726 devenit,
1261 2684 1322 2720 ubi
1350 2685 1466 2721 diver—
