1742 3005
395 120 491 171 Cap.
523 121 694 158 XCVIII.
753 122 813 160 De
843 130 972 160 sancta
1003 123 1207 161 Christina.
1413 123 1495 163 419

103 225 262 269 spiritum
289 224 435 260 tradidit
462 230 496 261 et
522 226 650 261 ibidem
677 236 698 260 a
724 225 926 261 christianis
951 226 1143 263 honorifice
1168 226 1326 272 sepultus
1353 231 1407 262 est
1431 228 1495 262 sub

102 289 345 334 Vespasiano,
382 293 440 336 qui
473 293 590 336 coepit
616 294 711 326 eirca
737 302 847 326 annos
875 292 1004 326 domini
1028 292 1136 327 LXX.
1186 293 1238 328 De
1262 292 1328 328 hoc
1353 295 1495 327 martire

101 356 154 388 sic
178 355 262 389 dicit
286 356 493 391 Ambrosius
521 359 554 391 in
579 357 819 402 praefatione:
848 357 1066 402 ApollinarIS
1093 358 1321 404 dignissimus
1350 359 1493 402 praesul

100 429 121 454 a
137 422 296 465 principe
312 422 552 466 apostolorum
569 422 672 457 Petro
688 422 885 456 Ravennam
903 423 1050 455 mittitur
1062 423 1147 458 Jesu
1164 434 1286 457 nomen
1302 424 1492 458 incredulis

100 487 281 529 nuntiare3
309 489 367 532 qui
386 488 462 521 dum
483 487 552 521 illie
573 489 660 521 mira
680 488 840 520 virtutum
859 487 962 532 signa
987 488 1163 522 conferret
1189 490 1222 521 in
1251 487 1390 523 Christo
1415 487 1501 523 cre?

99 550 262 586 dentibus
275 554 360 594 suis,
374 552 552 586 verberum
568 551 718 597 flagellis
733 561 841 595 saepe
852 553 1044 585 conteritur
1055 557 1088 586 et
1102 553 1294 597 senilejam
1307 563 1433 598 corpus
1447 555 1491 589 ab

99 617 215 660 impiis
248 616 434 650 horrendis
465 615 678 650 cruciatibus
705 616 867 650 laniatur.
916 616 986 651 Sed
1013 628 1055 652 ne
1081 617 1123 652 de
1148 620 1220 652 suis
1249 620 1491 654 vexationibus

98 680 219 715 fideles
243 681 481 725 trepidarent,
519 683 554 715 in
581 683 708 716 virtute
743 682 871 716 domini
896 683 981 718 Jesu
1009 683 1140 717 Christi
1167 685 1271 730 signa
1295 684 1491 728 apostolica

96 746 255 790 perfecit.
305 746 389 781 Post
421 751 595 781 tormenta
628 747 777 791 puellam
814 751 1000 783 resuscitat
1033 754 1220 788 mortuam,
1260 750 1370 783 visum
1404 760 1488 784 eon-

96 812 252 856 spicuum
280 815 395 848 caeeis
422 812 540 847 reddit
567 817 601 847 et
626 817 719 846 muto
747 818 923 847 restaurat
950 814 1135 859 loquelam,
1164 814 1345 848 obsessam
1365 824 1385 848 a
1403 815 1487 849 dae-

95 878 210 911 monio
233 877 384 919 liberat,
411 879 654 923 contagionem
681 878 823 912 mundat
847 879 1002 923 leprosi,
1032 879 1206 913 dissoluta
1233 879 1353 913 morbo
1379 883 1488 924 pesti-

95 942 170 977 fero
208 948 311 977 sanat
335 944 508 985 membra,
538 948 733 988 portentum
762 943 939 977 simulacri
965 944 1065 977 simul
1093 954 1167 977 cum
1197 945 1325 989 templo
1353 944 1484 990 dejicit.

94 1007 122 1040 0
150 1007 376 1053 dignissimus
412 1009 644 1043 admiratione
678 1010 859 1053 praet-onii
893 1009 1072 1053 pontifex,
1110 1011 1170 1054 qui
1206 1020 1279 1043 cum
1313 1010 1485 1054 pontificis

93 1074 264 1119 dignitate
289 1074 517 1120 apostolicam
544 1077 733 1119 promeruit
757 1076 920 1119 accipere
946 1079 1166 1119 potestatem.
1218 1076 1245 1108 Ο
1274 1075 1484 1110 sortissinms

92 1139 226 1174 athleta
261 1139 413 1181 Christi,
456 1142 515 1186 qui
550 1142 677 1175 aetatis
708 1142 779 1185 jam
818 1141 1030 1185 frigescente
1064 1139 1182 1173 talore
1217 1144 1419 1175 constanter
1451 1143 1484 1175 in

90 1207 212 1248 poenis
236 1205 355 1242 Jesum
381 1205 555 1241 Christum
581 1206 697 1240 mundi
723 1206 907 1250 praedicat
931 1204 1174 1239 redemtorem.
1257 1194 1277 1212 ⁶

505 1404 631 1466 GAP.
667 1403 863 1468 XCVIII.
911 1405 1039 1469 (93.)

339 1508 447 1550 De
498 1507 766 1550 sancta
813 1504 1228 1550 Christina.

180 1603 357 1638 Christina
390 1604 493 1649 quasi
522 1603 709 1638 chrismate
742 1608 865 1645 uncta,
907 1603 1029 1637 habuit
1061 1604 1149 1638 enim
1182 1603 1374 1637 balsamum
1399 1604 1481 1638 boni

90 1667 211 1702 odoris
236 1670 268 1702 in
295 1670 564 1704 conversatione
590 1674 623 1704 et
648 1668 761 1704 oleum
788 1667 987 1703 devotionis
1015 1670 1047 1702 in
1074 1661 1185 1703 mente
1210 1673 1244 1704 et
1262 1669 1479 1704 benedictio·

90 1744 164 1767 nem
190 1735 224 1767 in
248 1744 319 1768 ore.
363 1742 366 1743 ’

180 1797 359 1833 Christina
391 1799 621 1834 nobilissimis
651 1799 858 1845 parentibus
895 1804 973 1833 orta
1008 1801 1041 1833 in
1067 1799 1160 1845 Tyro
1185 1798 1307 1834 ltaliae
1332 1809 1353 1833 a
1382 1804 1480 1844 patre

88 1874 151 1898 suo
176 1865 211 1898 in
235 1864 383 1910 quadam
419 1866 506 1899 turri
532 1876 605 1902 cum
633 1865 814 1899 duodecim
841 1865 1062 1909 pedissequis
1087 1865 1262 1899 collocata
1288 1870 1355 1904 est,
1386 1865 1479 1899 Deos

87 1933 278 1974 argenteos
309 1934 344 1964 et
377 1940 505 1965 aureos
540 1941 656 1965 secum
690 1929 845 1964 habens:
877 1934 911 1963 et
942 1941 1015 1963 eum
1051 1929 1284 1974 pulcherrima
1318 1936 1413 1965 esset
1447 1936 1481 1965 et

89 2004 110 2027 a
135 1994 250 2027 multis
274 1990 310 2028 in
333 1996 534 2040 eonjugium
560 2000 759 2039 peteretur,
805 1999 968 2039 parentes
1004 1996 1079 2040 ejus
1115 1995 1201 2029 nulli
1235 2006 1309 2030 eain
1352 2006 1472 2029 eonce-

89 2059 173 2093 dere
205 2059 383 2100 volentes,
426 2063 462 2092 ut
496 2061 531 2092 in
555 2059 705 2093 Deorum
732 2060 826 2093 cultu
851 2064 1017 2094 maneret.
1066 2059 1146 2103 Ipsa
1170 2063 1285 2093 autem
1309 2069 1331 2093 a
1355 2060 1481 2102 spiritu

88 2128 211 2158 sancto
237 2123 343 2158 docta
364 2124 546 2169 ydolorum
571 2124 747 2158 sacrificia
770 2124 987 2158 abhorrebat
1020 2129 1053 2157 et
1087 2125 1228 2157 incensa
1252 2123 1326 2156 Diis
1359 2124 1478 2156 imino*

89 2189 195 2224 landa
221 2191 255 2224 in
281 2189 437 2224 fenestra
462 2189 714 2223 abscondebat.
765 2189 925 2224 Venienti
959 2192 1071 2222 autem
1098 2188 1190 2232 patri
1216 2188 1293 2232 ejus
1319 2187 1476 2231 pedisse—

89 2265 179 2299 quae
205 2255 385 2290 dixerunt:
420 2254 492 2288 iilia
522 2258 584 2288 tua
618 2254 759 2288 domina
790 2258 910 2287 nostra
935 2253 1010 2287 Diis
1035 2254 1166 2287 nostris
1191 2253 1370 2286 immolare
1396 2262 1474 2286 con-

90 2321 226 2361 temnit,
253 2319 318 2353 sed
344 2320 569 2354 christianam
595 2330 632 2354 se
658 2330 738 2354 esse
763 2319 901 2368 asserit.
951 2317 1056 2352 Pater
1088 2321 1203 2351 autem
1237 2318 1269 2351 ei
1294 2315 1480 2350 blandiens

90 2383 134 2418 ad
158 2384 308 2418 Deorum
332 2384 499 2418 culturam
526 2395 601 2420 eam
625 2384 852 2429 provocabat,
881 2384 936 2417 cui
962 2382 1040 2416 illa:
1067 2382 1137 2415 noli
1158 2392 1212 2415 me
1232 2391 1357 2415 vocare
1375 2380 1480 2413 filiam

89 2454 201 2487 tuam„
243 2449 305 2482 sed
341 2449 438 2492 ejus,
483 2447 582 2493 quem
616 2448 825 2483 sacrificium
859 2447 974 2481 laudis
1011 2446 1124 2481 decet.
1171 2444 1248 2478 Non
1282 2444 1373 2478 enim
1404 2443 1480 2479 Diis

89 2514 317 2556 mortalibus,
343 2513 405 2548 sed
432 2513 505 2547 Deo
531 2512 624 2557 eoeli
646 2512 853 2547 saei-ilicium
879 2511 1000 2545 offero.
1052 2509 1115 2543 Cui
1140 2513 1262 2553 pater:
1297 2509 1368 2543 filia
1391 2519 1479 2549 mea,

90 2589 132 2614 ne
158 2581 216 2613 uni
242 2579 313 2614 Deo
338 2583 468 2612 tantum
495 2577 700 2612 sacrificium
726 2576 856 2611 offeras
872 2603 880 2618 ‚
916 2585 957 2609 ne
989 2573 1051 2607 tibi
1077 2574 1136 2607 alii
1161 2574 1367 2608 irascantur.
1418 2573 1480 2608 Cui

90 2643 170 2677 illa:
203 2644 291 2679 bene
325 2644 462 2677 locutus
497 2653 535 2676 es
569 2643 729 2676 nesciens
765 2642 963 2680 veritatem,
1005 2639 1115 2673 offero
1149 2640 1239 2673 enim
1273 2639 1480 2673 sacrificium

90 2710 180 2753 patri
216 2713 249 2743 et
281 2709 419 2743 tilioset
451 2709 590 2752 spiritui
624 2712 757 2740 sancto.
807 2707 869 2739 (lui
906 2710 1024 2749 pater:
1059 2705 1089 2738 si
1121 2708 1192 2737 tres
1219 2703 1311 2738 Deos
1336 2703 1479 2745 adoras,

444 2764 448 2765 ⁷
1114 2768 1158 2802 27
1182 2768 1200 2787 '⁸
