1742 3005
245 109 292 145 12
514 112 609 159 Cap.
643 109 688 145 ΙΙ.
749 110 805 146 De
836 118 964 146 sancto
996 110 1147 147 Δηὼ-ρει
1179 112 1365 161 apostolo.

240 214 414 257 reeipitnr.
463 213 576 247 Primo
605 216 749 257 propter
767 213 896 257 judicis
922 214 1183 256 excellentiam,
1219 215 1307 249 mide
1337 226 1357 249 a
1384 226 1466 261 rege
1493 217 1623 251 serente.

238 281 443 314 sententiam
478 279 650 323 appellari
684 279 715 310 in
750 288 859 323 regno
885 288 948 311 suo
976 289 1043 312 non
1071 283 1207 323 potest,
1256 282 1337 324 qnia
1363 283 1397 314 in
1425 292 1533 325 regno
1561 292 1622 315 suo

239 345 365 378 nulium
393 354 499 388 supra
526 354 562 378 se
588 343 702 378 habet.
751 344 917 378 Similiter
952 354 1014 378 nee
1041 343 1085 377 ab
1111 346 1322 388 imperatore
1348 346 1402 379 vel
1429 356 1521 390 papa
1547 352 1623 391 pot-

239 416 290 445 est
315 410 499 456 appellari.
569 409 728 444 Secundo
753 414 897 454 propter
919 411 1070 443 criminis
1099 409 1328 451 evidentiam,
1380 412 1462 454 quia
1486 411 1624 455 quando

237 479 365 510 crimen
389 477 558 509 notorium
587 479 652 517 est,
679 485 747 508 non
773 479 889 520 potest
913 475 1097 520 appellari.
1145 474 1266 509 Tertio
1292 480 1436 520 propter
1462 487 1532 510 rem
1558 488 1625 510 non

238 541 476 582 differendam,
505 543 587 586 quia
613 552 669 575 res
695 552 762 574 non
788 542 912 585 recipit
941 540 1154 582 dilationem,
1183 543 1265 585 quia
1293 541 1380 575 t'orte
1400 552 1441 575 ex
1459 541 1625 576 dilatione

238 609 476 643 detrimentum
502 611 690 651 pateretur.
764 607 932 641 Similiter
955 617 1023 641 non
1057 606 1257 650 appellatur
1280 610 1424 650 propter
1449 606 1535 641 hane
1562 608 1623 640 tri-

238 675 361 719 plicem
393 675 572 707 rationem.
642 671 696 707 Ab
728 672 789 706 illa
821 673 994 706 sententia
1027 674 1130 706 etiam
1156 683 1221 705 non
1249 673 1379 716 poterit
1406 673 1579 717 appellari
1605 684 1625 706 a

237 750 341 785 papa.
390 739 503 773 Primo
531 742 675 782 propter
694 737 824 782 judicis
852 737 1117 786 excellentiam,
1168 740 1249 782 quia
1270 738 1381 783 judex
1407 738 1465 772 ille
1495 739 1623 772 nullum

236 817 343 851 supra
370 816 407 840 se
434 804 558 843 habet,
607 803 671 837 sed
705 805 780 848 ipse
809 813 927 837 omnes
953 802 1089 837 excedit
1115 805 1341 844 aeternitate,
1394 804 1564 849 dignitate
1592 810 1625 838 et

236 876 424 917 potestate,
452 869 540 904 unde
568 869 612 903 ab
638 870 848 913 imperatore
878 869 930 903 vel
956 878 1048 913 papa
1062 872 1181 912 posset
1198 869 1316 913 aliquo
1333 869 1434 903 modo
1451 870 1624 914 appellari

236 938 281 972 ad
307 938 428 972 Deum.
497 936 527 970 A
558 935 631 970 Deo
665 939 778 968 antem
814 933 857 968 ad
887 934 1013 967 nullum
1039 934 1140 975 licet,
1192 936 1272 978 qnia
1300 945 1406 979 snpra
1432 946 1469 969 se
1495 936 1623 969 nulium

235 1004 352 1047 habet.
390 1001 549 1037 Secundo
574 1005 719 1045 propter
744 1001 896 1033 criminis
922 999 1144 1041 evidentiam,
1172 1002 1286 1033 onmia
1315 1002 1403 1034 enim
1431 1000 1566 1035 seelera
1591 1006 1625 1036 et

234 1071 377 1104 erimina
410 1066 638 1112 reproborum
677 1065 803 1099 ibidem
846 1070 930 1099 nota
961 1069 1061 1099 erunt
1097 1069 1130 1099 et
1166 1066 1365 1100 manit'esta.
1434 1066 1623 1101 Jeremias:

234 1135 358 1170 Aderit
382 1134 443 1168 illa
469 1133 565 1173 dies,
609 1135 643 1166 in
670 1142 739 1177 qua
764 1132 856 1165 facta
880 1135 1001 1165 nostra
1026 1133 1126 1175 quasi
1154 1133 1185 1164 in
1212 1132 1361 1175 quadam
1385 1132 1505 1166 tabula
1532 1134 1623 1176 pieta

235 1200 574 1235 demonstrabuntur.
634 1198 754 1233 Tertio
780 1202 925 1242 propter
951 1208 1020 1230 rem
1047 1207 1113 1230 non
1138 1198 1375 1232 diti'erendam.
1410 1198 1502 1232 Nihil
1522 1200 1621 1237 enim,

236 1267 327 1312 quod
355 1266 403 1299 ibi
430 1267 565 1310 agitur,
614 1264 843 1298 differentiam
879 1264 1031 1307 patitur,
1071 1263 1131 1297 sed
1161 1266 1276 1297 omnia
1301 1266 1333 1297 in
1357 1269 1549 1301 momento,
1590 1266 1621 1298 in

233 1334 301 1365 ictu
325 1332 414 1365 oculi
439 1334 664 1376 peraguntur.

810 1639 937 1699 GAP.
984 1637 1044 1699 ΙΙ.

437 1742 536 1784 De
567 1738 786 1783 sancto
817 1738 1078 1784 Andrea
1108 1739 1411 1793 apostolo.

324 1848 483 1884 Andreas
510 1851 759 1892 interpretatur
783 1848 930 1882 decorus
958 1848 1010 1882 vel
1037 1849 1252 1893 respondens
1280 1850 1334 1883 vel
1363 1849 1471 1883 virilis
1498 1848 1541 1882 ab
1558 1859 1612 1882 an—

234 1917 296 1951 der
315 1917 358 1960 ¹).
387 1915 478 1960 quod
504 1919 557 1948 est
577 1916 647 1955 vii-3
675 1918 707 1949 et
731 1913 1038 1956 dieiturAndreas,
1067 1916 1167 1959 qnasi
1187 1914 1392 1960 anthropos,
1418 1916 1439 1949 i.
1458 1926 1487 1948 e.
1506 1913 1619 1953 homo,

234 1982 277 2015 ab
304 1991 382 2022 ana,
410 1980 502 2025 quod
528 1984 579 2014 est
607 1990 754 2021 sursum,
781 1984 814 2013 et
839 1984 973 2024 tropos,
1002 1980 1093 2025 quod
1122 1985 1175 2014 est
1202 1983 1397 2023 conversio,
1425 1982 1524 2025 quasi
1544 1991 1618 2013 suiv

234 2059 306 2081 sum
333 2047 375 2080 ad
401 2047 570 2081 eoelestia
595 2056 782 2079 comersus
809 2050 842 2079 et
867 2045 910 2079 ad
937 2056 1034 2079 suum
1052 2050 1243 2080 creatorem
1261 2051 1396 2081 erectus
1416 2046 1488 2079 suit.
1526 2044 1620 2089 Ergo

234 2114 380 2148 derorns
407 2114 439 2145 in
468 2114 550 2153 vita,
577 2111 792 2156 respondens
816 2113 848 2144 in
875 2113 1025 2155 sapienti
1051 2111 1221 2151 doctrina,
1250 2113 1359 2146 virilis
1388 2113 1419 2145 in
1446 2120 1560 2156 poena
1589 2114 1621 2143 ot

234 2184 402 2223 antropos
431 2180 463 2211 in
490 2178 616 2223 gioria.
658 2176 744 2221 Ejus
773 2178 971 2221 passionem
997 2177 1182 2221 presbiteri
1210 2182 1243 2212 et
1269 2176 1620 2222 dJaeoneSAchatae

234 2256 294 2279 seu
320 2245 439 2285 Asiae,
467 2245 555 2277 sicut
580 2243 688 2276 oculis
714 2244 785 2275 suis
811 2242 982 2284 viderant,
1011 2244 1303 2286 conscripserunt.

322 2315 359 2347 1.
398 2309 557 2345 Andreas
590 2312 623 2343 et
657 2307 794 2353 quidam
832 2308 892 2341 alii
925 2307 1085 2352 discipuli
1121 2308 1231 2342 tribus
1266 2307 1398 2342 vicibus
1435 2318 1455 2342 a
1483 2308 1620 2342 domino

234 2380 314 2410 sunt
338 2377 465 2410 vocati.
503 2375 618 2409 Primo
641 2375 727 2408 enim
751 2375 889 2407 vocavit
913 2384 973 2407 eos
999 2373 1043 2408 ad
1069 2376 1122 2408 sui
1148 2376 1316 2409 notitiam.
1361 2375 1457 2409 sieut
1482 2373 1620 2419 quando

235 2447 348 2477 stante
384 2442 526 2477 Andrea
561 2441 616 2475 dic
647 2440 795 2485 quadam
822 2449 896 2473 (zum
922 2439 1080 2475 Johannc
1105 2442 1275 2486 magistro
1303 2452 1365 2475 suo
1391 2445 1426 2475 et
1451 2441 1520 2475 alio
1546 2449 1618 2473 cum

236 2509 427 2552 discipulo⁷
468 2507 600 2541 audivit
625 2517 647 2540 a
670 2505 851 2541 johanne:
898 2505 987 2540 Ecce
1021 2516 1133 2550 agnus
1160 2506 1223 2540 Dei
1250 2511 1314 2541 ete.
1348 2512 1382 2541 et
1404 2508 1519 2541 statim
1544 2517 1616 2539 enm

237 2575 306 2608 aiio
334 2573 504 2617 diseipnlo
531 2574 624 2606 venit
649 2577 688 2609 et
708 2572 791 2606 vidit
809 2601 816 2613 ‚
844 2572 900 2605 ubi
926 2572 1087 2607 manebat
1112 2572 1215 2608 Jesus
1241 2576 1276 2607 et
1300 2575 1498 2607 manserunt
1524 2570 1615 2614 apud

304 2716 409 2751 1)Alii
428 2717 560 2748 odron,
581 2718 669 2749 xiil-3¹«)
689 2717 814 2746 nntlor.
853 2717 1039 2750 ngvndmn:
1062 2721 1083 2744 Λ
1096 2727 1112 2743 11
1123 2716 1140 2743 d
1152 2725 1198 2741 er.
