1742 3005
143 74 240 121 Cap.
274 69 445 106 CXXXl.
502 69 560 106 De
593 68 783 105 nativitate
815 68 950 105 beatae
983 66 1127 103 Mariae
1157 64 1320 113 virginis.
1381 61 1460 100 565

499 296 624 359 GAP.
660 296 847 357 cxxxi.
893 295 1045 359 (126.)

108 395 208 440 De
235 394 575 441 nativitate
611 397 838 441 beatae
867 393 1109 439 Mariae
1144 390 1436 451 virginis.

171 508 209 541 l.
236 504 409 540 Nativitas
440 505 618 550 gloriosae
654 503 799 546 virginis
830 501 968 543 Mariae
1002 511 1043 534 ex
1069 500 1160 533 tribu
1191 499 1281 535 Jnda
1310 502 1342 532 et
1366 498 1467 542 regia

83 570 192 614 stirpe
212 570 322 603 David
340 569 437 603 duxit
453 571 636 615 originem.
663 566 865 603 Matthaeus
883 570 997 600 autem
1015 569 1047 600 et
1058 565 1171 599 Lucas
1190 576 1255 599 non
1266 564 1465 609 generatio-

84 644 159 668 nem
177 634 325 676 Mariae,
352 635 414 669 sed
432 634 567 679 Joseph
585 634 798 676 describunt,
825 634 883 678 qui
907 636 1020 666 tamen
1047 641 1068 665 a
1094 633 1319 674 conceptione
1338 628 1468 663 Christi

84 700 220 744 penitus
254 699 390 733 alienus
424 700 509 742 suit,
542 702 624 745 quia
656 698 870 734 consuetudo
897 699 1093 742 scripturae
1119 697 1245 729 dicitur
1272 696 1400 735 fnisse,
1433 696 1469 726 ut

85 775 153 798 non
187 765 386 808 mulierum,
426 765 490 800 sed
531 767 681 799 virorum
721 765 962 809 generationis
1002 764 1112 797 series
1151 765 1341 795 texeretur.
1401 758 1468 793 Ve-

85 831 221 865 rissime
261 834 377 865 tamen
414 832 516 876 virgo
556 830 661 865 beata
702 841 743 864 ex
783 831 953 875 progenie
987 828 1099 863 David
1134 826 1333 866 ‹lescendit;
1378 823 1469 868 quod

86 897 274 941 praecipue
306 900 404 941 patet
438 907 480 931 ex
517 896 604 938 hoc,
653 898 837 941 quoniam,
878 898 916 928 ut
952 903 1060 937 saepe
1098 894 1272 936 scriptura
1309 893 1470 930 testatur,

87 960 247 996 CltriStus
281 961 323 997 de
354 963 484 997 semine
520 961 631 996 David
669 960 765 994 duxit
806 960 990 1004 originem.
1039 958 1121 992 Cum
1165 958 1274 1002 igitut=
1311 954 1471 989 Christus

88 1026 131 1060 de
162 1026 240 1060 sola
274 1028 411 1072 virgine
444 1031 545 1060 natus
571 1028 634 1068 sit,
670 1026 888 1059 manifestum
923 1028 994 1066 est,
1027 1028 1060 1057 et
1092 1025 1202 1067 ipsam
1234 1022 1402 1066 virginem
1431 1029 1473 1053 ex

88 1091 202 1126 David
225 1096 342 1126 natam
368 1103 446 1128 esse
476 1096 510 1127 et
533 1091 599 1126 hoc
624 1102 665 1126 ex
687 1095 811 1125 catena
835 1089 984 1124 Nathan.
1022 1088 1134 1123 David
1162 1089 1249 1122 enim
1276 1088 1367 1119 inter
1392 1094 1472 1118 cae-

87 1161 185 1191 teros
217 1156 340 1192 habuit
374 1158 461 1193 duos
498 1157 590 1192 filios
626 1157 765 1191 Nathan
800 1159 833 1190 et
861 1156 1093 1189 Salomonem.
1142 1153 1195 1187 Ex
1219 1155 1343 1185 catena
1369 1151 1476 1195 igitur

90 1221 228 1257 Nathan
253 1222 315 1257 filii
340 1224 472 1267 David,
514 1228 551 1258 ut
574 1227 725 1258 testatur
749 1221 926 1258 Johannes
951 1221 1203 1260 Damascenus,
1237 1217 1323 1251 Levi
1355 1215 1477 1260 genuit

91 1288 220 1323 Melchi
251 1293 286 1324 et
320 1290 538 1333 ¹)Panthar‚
581 1289 736 1324 Panthar
776 1289 897 1333 genuit
930 1285 1151 1331 Bai-panthar
1190 1288 1223 1318 et
1254 1279 1478 1326 Barpanthar

92 1356 214 1400 genuit
249 1355 433 1397 Joachim,
471 1355 629 1390 Joachim
673 1356 841 1398 virginem
880 1352 1042 1388 Mariam.
1108 1349 1159 1384 Ex
1198 1353 1322 1383 catena
1364 1350 1475 1380 autem

94 1421 291 1455 Salomonis
317 1419 456 1455 Nathan
484 1420 607 1454 hahuit
630 1431 794 1462 uxorem,
830 1430 872 1454 ex
897 1429 966 1464 qua
996 1419 1119 1463 genuit
1153 1415 1284 1455 Jacob,
1315 1412 1478 1446 defuncto

94 1491 209 1521 autem
241 1485 380 1522 Nathan
414 1485 543 1520 Melchi
580 1497 622 1521 ex
655 1485 750 1519 tribu
783 1485 942 1526 Nathan,
983 1485 1041 1528 qui
1080 1481 1170 1515 filius
1210 1478 1346 1525 quidem
1379 1477 1478 1513 Leti,

97 1552 207 1587 frater
238 1555 351 1586 autent
385 1551 584 1595 Pantharis‚
609 1553 728 1596 nupsit
761 1552 862 1585 uxori
888 1549 1045 1590 Nathan,
1079 1548 1178 1581 matri
1212 1549 1323 1579 autem
1357 1542 1479 1583 Jacob,

97 1622 131 1653 et
156 1619 277 1664 genuit
304 1628 346 1652 ex
380 1627 423 1652 ea
454 1617 540 1652 Heli.
588 1616 685 1651 Facti
719 1622 832 1652 autem
866 1620 945 1650 sunt
978 1616 1105 1649 fratres
1140 1613 1266 1647 uterini
1304 1611 1411 1646 Jacob
1448 1612 1481 1642 et

95 1683 191 1727 Heli,
225 1683 337 1719 Jacob
375 1683 510 1728 quidem
548 1693 590 1717 ex
620 1683 714 1717 tribu
747 1682 965 1723 Salomonis,
1006 1680 1082 1715 lleli
1117 1691 1159 1714 ex
1199 1678 1290 1712 tribu
1331 1675 1479 1710 Nathan.

97 1749 290 1784 Defunctus
322 1752 376 1784 est
405 1752 519 1783 antem
552 1748 628 1783 Heli
664 1759 705 1783 ex
736 1748 830 1782 tribu
861 1747 998 1782 Nathan
1031 1748 1105 1780 sinc
1136 1745 1258 1779 liberis
1291 1747 1324 1777 et
1349 1742 1484 1785 accepit

98 1814 208 1850 Jacob
225 1814 334 1849 frater
349 1816 438 1860 ejuS‚
465 1816 523 1860 qui
547 1819 602 1848 est
631 1825 673 1849 ex
697 1814 790 1849 tribu
807 1814 1018 1854 Salomonis,
1044 1822 1185 1846 uxorem
1214 1811 1289 1854 ejus
1317 1812 1350 1842 et
1372 1807 1483 1841 susci-

97 1882 185 1916 tavit
209 1891 326 1916 semen
351 1880 472 1915 fratris
500 1882 555 1915 sui
582 1884 616 1915 et
640 1882 761 1927 genuit
783 1879 930 1924 Joseph.
977 1876 1111 1922 Josrph
1143 1878 1251 1922 igitur
1280 1879 1405 1911 natura
1432 1879 1485 1910 est

100 1946 192 1979 tilius
215 1945 325 1981 Jacob
351 1956 395 1980 ex
419 1946 648 1982 descensione
673 1947 883 1988 Salomonis,
910 1945 1096 1980 secundum
1123 1944 1236 1989 legem
1263 1946 1376 1976 autem
1396 1940 1484 1982 Heli,

102 2012 161 2056 qui
200 2020 243 2045 ex
273 2009 424 2046 Nathan.
471 2010 556 2044 Nam
588 2011 701 2054 filius,
742 2012 802 2056 qui
835 2011 1064 2051 nascebatur,
1110 2008 1297 2043 secundum
1329 2011 1486 2041 naturam

104 2075 242 2122 quidem
274 2078 349 2108 erat
383 2077 609 2120 generantis,
648 2076 837 2110 secundum
876 2079 990 2109 autem
1026 2074 1139 2118 legem
1173 2072 1337 2107 defuncti.
1394 2070 1487 2104 Hae(-

105 2142 353 2176 Damascenus.
403 2139 501 2174 Sicut
525 2144 639 2174 autem
671 2142 706 2174 in
734 2139 976 2175 ecclesiastica
1000 2138 1158 2184 hystoria
1183 2137 1308 2171 dicitur
1334 2138 1367 2170 et
1390 2134 1488 2169 Beda

105 2209 140 2241 in
173 2215 239 2241 sua
271 2204 438 2239 chronica
466 2208 637 2247 testatur,
670 2215 745 2240 cum
778 2216 896 2240 omnes
920 2205 1168 2251 generationes
1193 2202 1430 2237 Hebraeorum
1456 2204 1489 2235 et

105 2272 381 2316 alienigenarum
414 2271 448 2304 in
482 2269 673 2315 ²)archivis
705 2270 825 2316 templi
859 2269 1108 2305 secretioribus
1141 2272 1385 2309 servarentur,
1422 2264 1489 2300 He-

108 2337 212 2372 rodes
245 2346 364 2370 omnes
385 2336 495 2381 jussit
518 2335 667 2379 incendi,
695 2337 896 2371 existimans
921 2346 959 2371 se
985 2334 1135 2370 nobilem
1163 2344 1269 2379 posse
1294 2332 1423 2374 videri,
1461 2332 1490 2365 si

109 2401 349 2438 deficientibus
378 2400 615 2446 probamentis
641 2403 831 2447 progenies
865 2411 929 2436 sua
961 2401 1005 2435 ad
1031 2400 1142 2436 Israel
1168 2401 1343 2445 pertinere
1367 2396 1490 2432 crede-

109 2472 216 2504 retur.
263 2467 417 2502 Fuerunt
440 2471 554 2502 tamen
579 2466 719 2512 quidam
747 2467 830 2501 dicti
855 2467 1037 2509 dominici,
1077 2468 1128 2501 sic
1159 2466 1244 2500 dicti
1277 2464 1320 2498 ob
1347 2464 1491 2509 propin-

110 2534 275 2579 quitatem
301 2532 452 2575 Christi,
479 2534 536 2578 qui
562 2533 665 2567 etiam
690 2532 863 2567 Nazaraei
892 2532 1048 2575 suerunt,
1076 2533 1134 2577 qui
1159 2531 1315 2566 ordinem
1341 2537 1491 2575 genera—

110 2599 214 2632 tionis
232 2598 360 2633 Christi
379 2599 515 2643 partim,
540 2601 575 2632 ut
593 2608 613 2631 a
634 2599 774 2642 proavis
795 2598 1000 2640 didicerant,
1032 2599 1167 2642 partim,
1193 2601 1268 2632 uta
1286 2593 1492 2642 quibusdam

180 2676 207 2708 1)
225 2675 278 2705 Ed.
298 2680 340 2704 Pr.
361 2680 429 2703 l'an
442 2677 525 2704 ther
535 2687 567 2709 a,
595 2676 645 2703 alii
665 2677 840 2704 [anthes⁴
944 2678 972 2710 ’2)
992 2679 1111 2705 necent.
1132 2677 1319 2712 praeferunt:
1348 2678 1459 2707 arcis.
