1742 3005
226 60 308 100 :304
414 62 510 112 Cap.
543 61 716 98 LXVlll.
778 63 834 100 De
865 63 1082 102 inventione
1115 70 1267 103 sanctae
1299 65 1433 101 efficis.

229 167 339 202 eidem
370 166 601 200 ramusculum
629 165 800 211 quendam
827 166 955 201 obtulit
982 174 1016 203 et
1036 170 1157 214 jussit,
1184 169 1278 214 quod
1305 171 1338 202 in
1360 172 1476 202 monte
1495 166 1622 201 Libani

229 234 456 278 plantaretur.
506 231 541 265 ln
579 231 728 276 quadam
766 243 847 267 vero
882 232 1042 278 115storia
1078 232 1289 267 Graecorum
1316 234 1398 268 lieet
1421 230 1623 278 apori-§pha

228 300 378 344 legitur,
417 296 510 343 quod
549 297 698 343 angelus
733 297 777 332 de
813 298 931 344 ligno,
974 299 1009 332 in
1043 308 1110 343 quo
1148 300 1307 342 peccavit
1340 298 1472 340 Adam,
1510 297 1622 332 eidem

227 364 370 398 tradidit
399 363 560 405 discens,
601 363 716 409 quod,
754 363 894 409 quando
923 364 1058 399 sae-eret
1092 364 1260 406 fructum,
1290 368 1392 408 pater
1426 368 1621 398 sanaretur.

227 431 291 470 Qui
325 429 465 464 rediens
502 433 537 464 et
572 434 705 474 patrem
742 434 911 464 mortuum
937 431 1120 464 inveniens
1148 431 1260 474 ipsum
1285 439 1414 463 ramum
1438 438 1544 472 super
1565 433 1621 462 tu-

226 495 352 529 mulum
377 497 489 540 patris
516 496 705 540 plantavit,
737 496 795 540 qui
824 496 998 540 plantatus
1025 497 1059 529 in
1085 495 1247 529 arborem
1273 504 1432 540 maguam
1457 494 1566 528 erevit
1590 498 1624 527 et

225 572 336 607 usque
372 561 415 595 ad
450 560 647 595 Salomonis
682 565 841 606 tempora
873 561 1088 606 perduravit.
1136 560 1254 595 Utrum
1286 565 1400 594 autem
1426 560 1513 594 haec
1541 568 1625 593 vera

227 629 318 669 sint,
346 627 490 661 leetoris
512 626 650 671 judicio
677 626 916 671 relinquatur,
947 637 1022 661 eum
1048 628 1082 660 in
1108 627 1204 661 nulla
1229 626 1396 660 chronica
1421 625 1473 660 vel
1500 624 1621 669 hysto-

226 695 286 726 ria>
313 692 516 726 authentica
551 692 638 726 haee
667 692 840 737 legantur.
904 692 1070 726 Salomon
1105 697 1218 726 autem
1252 692 1414 726 arborem
1447 696 1516 725 tam
1546 690 1621 734 pul-

227 758 345 791 chram
369 756 598 791 considerans
625 758 735 801 ipsam
762 758 940 801 praecepit
967 757 1073 791 incidi
1108 761 1143 791 et
1169 758 1201 791 in
1230 757 1332 791 domo
1359 758 1469 791 saltus
1495 757 1622 790 locari.

226 823 403 868 Nusquam
428 826 562 863 tamen,
599 827 636 856 ut
661 823 711 856 ait
735 821 914 857 Johannes
940 822 1085 865 Beleth,
1122 822 1234 856 locari
1266 827 1405 867 poterat
1428 832 1491 856 nee
1517 822 1622 855 alieni

224 891 305 924 loeo
332 892 416 934 apta
442 889 591 932 reperiri
626 887 785 929 valebat,
836 888 897 922 sed
932 888 1035 923 modo
1069 894 1129 923 aut
1154 888 1348 924 excedebat
1371 887 1623 934 longitudinem

226 959 286 990 aut
311 953 500 988 deficiebat
524 955 630 987 nimia
656 953 852 995 brevitate,
888 956 919 987 si
948 954 1088 999 quando
1123 965 1205 989 vero
1232 954 1420 989 seeundum
1452 954 1521 987 loci
1546 954 1621 987 exi-

228 1022 382 1067 gentiam
410 1021 521 1063 ipsam
547 1018 805 1053 rationabiliter
832 1019 1098 1061 decurtassem,
1136 1020 1227 1054 adeo
1264 1020 1383 1054 brevis
1424 1019 1622 1057 videbatur,

228 1086 321 1132 quod
349 1085 488 1119 omnino
528 1083 722 1130 incongrua
754 1084 962 1119 habebatur.
1013 1086 1065 1120 Ob
1098 1085 1164 1119 hoe
1191 1086 1363 1131 indignati
1390 1085 1541 1119 artiliees
1567 1085 1621 1129 ip-

228 1162 300 1186 sam
336 1150 613 1195 reprobaverunt
648 1153 682 1184 et
706 1160 812 1194 super
840 1151 1011 1195 quendam
1037 1151 1172 1194 laeum,
1208 1156 1246 1186 ut
1274 1155 1368 1185 esset
1393 1161 1480 1196 pons
1504 1154 1620 1184 trans-

229 1217 404 1258 euntibus,
429 1217 666 1261 projecerunt.
715 1215 852 1261 Regina
876 1221 990 1251 autem
1014 1216 1109 1251 Saba
1130 1228 1203 1251 eum
1233 1219 1388 1251 venisset
1414 1216 1535 1251 audire
1562 1226 1619 1249 sa-

228 1285 394 1329 pientiam
428 1282 625 1316 Salomonis
656 1286 690 1315 et
722 1282 934 1326 praedictum
968 1282 1081 1316 laeum
1116 1285 1266 1317 transire
1299 1283 1423 1325 vellet,
1462 1282 1551 1315 vidit
1588 1283 1619 1315 in

227 1351 365 1395 spiritu,
399 1347 493 1394 quod
517 1347 675 1381 salvator
701 1347 817 1381 mundi
845 1349 879 1382 in
904 1348 1001 1394 ligno
1027 1348 1296 1393 suspendendus
1330 1348 1454 1389 suerat,
1481 1352 1515 1382 et
1540 1347 1620 1381 ideo

228 1427 335 1461 super
369 1414 455 1449 illud
488 1414 619 1459 lignum
651 1415 802 1448 transire
837 1414 971 1457 noluit,
1014 1414 1077 1449 sed
1111 1416 1222 1459 ipsum
1255 1415 1414 1459 protinus
1448 1413 1618 1447 adoravit.

228 1482 263 1516 ln
298 1482 455 1526 hystoria
490 1485 605 1513 tamen
641 1479 857 1514 scholastica
889 1480 1039 1526 legitur,
1090 1480 1183 1526 quod
1226 1480 1443 1525 praedictum
1489 1480 1619 1524 lignum

229 1549 354 1593 regina
389 1545 484 1579 Saba
516 1546 549 1578 in
588 1545 689 1579 domo
726 1546 838 1579 saltus
872 1546 984 1588 vidit,
1024 1557 1168 1592 etunque
1201 1546 1246 1579 ad
1275 1546 1410 1579 domum
1437 1555 1533 1579 suam
1562 1554 1617 1577 re-

227 1614 364 1652 diisset,
391 1612 564 1644 intimavit
589 1610 780 1651 Salomoni,
808 1611 900 1655 quod
926 1613 961 1645 in
987 1612 1047 1645 illo
1074 1612 1171 1657 ligno
1198 1611 1335 1657 quidam
1352 1610 1618 1655 suspendendus

228 1682 343 1720 esset,
379 1687 441 1721 per
469 1677 568 1721 eujus
594 1680 737 1709 mortem
761 1675 972 1710 Judaeorum
1002 1688 1144 1721 regumn
1172 1677 1283 1712 deleri
1310 1676 1465 1712 deberet.
1515 1675 1617 1710 Salo-

227 1754 305 1777 mon
340 1744 449 1787 igitur
480 1741 695 1786 praedictum
732 1740 863 1785 lignum
902 1741 982 1776 inde
1017 1742 1158 1775 sustulit
1199 1747 1233 1776 et¹
1266 1745 1300 1776 in
1333 1742 1617 1786 profundissimis

227 1813 341 1843 terrae
368 1806 563 1842 visceribus
589 1806 674 1840 illud
699 1806 856 1851 demergi
883 1806 977 1841 feeit.
1026 1807 1156 1841 Postea
1179 1807 1364 1851 probatiea.
1389 1808 1525 1851 piscina
1551 1806 1616 1839 ibi-

226 1873 302 1907 dem
328 1874 421 1907 saeta
447 1877 519 1914 est,
548 1872 609 1906 ubi
635 1871 770 1906 Natinei
795 1871 930 1906 hostias
957 1872 1165 1913 abluebant,
1193 1878 1227 1907 et
1253 1884 1320 1907 non
1348 1872 1458 1906 solum
1485 1882 1527 1905 ex
1553 1871 1614 1905 de-

225 1949 351 1974 scensu
379 1938 517 1983 angeli,
555 1939 618 1973 sed
652 1939 754 1972 etiam
789 1948 830 1971 ex
869 1939 994 1972 virtute
1030 1939 1141 1983 ipsius
1176 1939 1263 1983 ligni
1288 1938 1439 1972 traditur
1466 1936 1515 1970 ibi
1540 1936 1614 1970 lieri

224 2010 259 2039 et
287 2014 402 2049 aquae
431 2005 694 2038 commotionem
721 2008 755 2038 et
783 2003 992 2037 intirmorum
1027 2005 1253 2038 curationem.
1303 2004 1616 2048 Appropintpiante

226 2081 306 2105 vero
339 2071 504 2114 passione
542 2069 671 2104 Christi
701 2062 918 2115 praedictum
955 2069 1087 2115 lignum
1121 2074 1372 2113 supernatasse
1398 2068 1615 2114 perhibetur.

225 2136 306 2169 Cum
333 2140 446 2169 autem
474 2135 560 2169 illud
585 2135 711 2170 Judaei
737 2135 922 2177 vidissent,
949 2136 1062 2179 ipsum
1091 2139 1302 2179 aee-eperunt
1327 2139 1360 2169 et
1386 2144 1521 2168 erucem
1549 2134 1612 2167 do-

224 2203 315 2235 mino
348 2206 580 2244 paraverunt,
622 2202 699 2244 ipsa
730 2205 844 2235 autem
882 2210 964 2234 erux
1002 2200 1132 2235 Christi
1167 2211 1209 2233 ex
1244 2204 1393 2244 (piatuor
1424 2198 1612 2245 generibus

222 2267 396 2312 lignorum
435 2266 545 2299 fuisse
588 2265 813 2309 perhibetur,
851 2265 986 2300 scilieet
1022 2265 1178 2309 palmae,
1213 2267 1392 2309 cypressi,
1433 2265 1547 2300 olivae
1580 2269 1613 2299 et

223 2331 332 2366 cedri.
380 2330 477 2365 Unde
504 2342 646 2365 versus:
672 2330 787 2375 Ligna
811 2332 922 2364 erneis
950 2331 1084 2375 palma,
1112 2330 1251 2371 eedruS,
1280 2341 1478 2376 cypressus,
1505 2331 1610 2365 oliva.

222 2396 256 2430 ln
292 2407 393 2431 eruce
428 2398 517 2431 enim
554 2397 618 2430 suit
654 2396 739 2430 haee
775 2397 992 2442 quadruplex
1019 2397 1218 2431 differentia
1242 2397 1436 2441 lignorum,
1476 2396 1611 2430 scilieet

223 2462 351 2505 liguum
380 2466 553 2504 ereetum,
588 2462 717 2507 lignum
745 2467 1002 2505 transversum,
1033 2462 1155 2496 tabula
1185 2463 1370 2507 supposita
1396 2466 1430 2496 et
1454 2466 1611 2501 truneus,

225 2529 279 2560 rui
307 2538 390 2561 crux
416 2532 492 2563 erat
518 2527 643 2567 infixa,
684 2527 741 2562 vel
775 2528 964 2562 seeundum
991 2528 1198 2573 Gregorium
1223 2527 1464 2561 Turonensem
1488 2525 1610 2559 tabula

226 2597 445 2633 transversa,
484 2603 574 2637 quae
609 2594 673 2626 suit
698 2594 762 2628 sub
789 2593 939 2638 pedibus
967 2593 1118 2635 Christi,
1159 2591 1248 2626 unde
1283 2584 1461 2635 quodlibe't
1488 2590 1607 2624 horum

223 2658 335 2702 potuit
353 2666 432 2690 esse
451 2657 599 2701 alicujus
614 2658 870 2703 praedictortnn
884 2658 1068 2703 lignorum.
1082 2657 1174 2691 Hane
1195 2655 1422 2690 differentiam
1436 2655 1608 2701 lignorum
