1742 3005
292 90 384 139 Cap.
412 84 640 127 'chxxiL
700 91 757 127 De
790 91 1032 127 dedicatione
1064 91 1259 127 ecclesiae.
1386 90 1467 128 ’555

83 194 328 236 humilitatem,
359 204 449 239 quae
476 196 540 228 l'uit
566 196 598 228 in
625 195 766 240 Moyse.
801 198 1008 240 sapientiam
1037 199 1070 229 et
1094 195 1350 237 discretionem,
1378 206 1467 241 quae

80 259 217 294 fuerunt
235 260 268 293 in
288 260 486 301 Salomone,
510 270 612 294 verae
630 260 708 294 lidei
730 263 1016 302 commissionem,
1033 270 1123 305 quae
1141 262 1172 294 in
1190 260 1281 295 Juda
1299 261 1467 307 designa-

78 329 143 358 tur.
192 324 351 359 Secundo
386 325 567 359 videndum
595 330 648 360 est
674 325 716 360 de
734 329 998 361 consecratione
1017 328 1091 360 sive
1109 326 1328 361 dedicatione
1346 327 1464 371 templi

77 390 293 434 spiritualis,
328 390 420 435 quod
446 391 607 434 templum
633 402 749 425 sumus
778 402 860 433 nos,
894 391 1031 425 scilicet
1057 393 1288 436 congregatio
1315 394 1463 426 omnium

78 454 249 498 fidelium,
277 456 368 501 quod
394 458 606 490 construitur
631 467 672 491 ex
700 456 875 500 lapidibus
903 457 1012 496 vivis,
1049 456 1072 490 1.
1103 455 1194 490 Petr.
1223 456 1266 489 11:
1301 461 1464 502 tauquam

76 520 213 565 lapides
248 523 315 555 vivi
350 520 634 566 superaedificati
671 525 756 562 etc.;
797 532 837 555 ex
874 521 1052 565 lapidibus
1088 522 1226 565 politis,
1266 522 1355 555 unde
1381 533 1462 556 tan-

75 590 184 620 tatur:
210 587 430 621 tunsionibus
456 587 632 630 pressuris
660 586 803 630 expoliti
831 587 968 631 lapides
997 591 1081 628 ‹¹tc.;
1107 597 1149 620 rx
1176 587 1351 632 lapidibus
1378 598 1465 633 qua-

76 652 167 694 dris,
193 657 342 697 quatuor
368 653 456 686 enim
485 652 597 686 latera
623 651 751 696 lapidis
778 653 973 696 spiritualis
993 657 1070 686 sunt
1088 652 1185 693 fides,
1211 663 1307 697 spes,
1332 655 1463 688 caritas

74 721 109 751 et
134 718 307 762 operatio,
332 727 421 762 quae
447 718 612 762 aequalia
637 723 730 758 sunt,
761 719 852 763 quia,
881 722 916 751 ut
944 718 1030 751 dicit
1059 716 1271 763 Gregorius,
1299 723 1462 764 quantum

73 782 209 825 credis,
242 786 372 816 tantum
408 794 553 828 speraS.
591 788 754 828 quantum
791 783 906 817 credis
933 788 968 818 et
993 794 1137 828 speras,
1171 788 1301 818 tantum
1328 785 1462 830 diligis,

73 853 236 894 quantum
249 848 376 891 credis,
393 849 702 894 sperasetdiligis,
718 853 846 883 tantum
859 853 1030 893 operaris.
1058 849 1092 883 Iu
1110 850 1174 883 boc
1187 850 1462 894 quidemtemplo

73 914 184 948 altare
210 919 264 948 est
290 925 351 948 cor
375 919 549 956 nostrum,
586 925 693 958 super
719 914 810 959 quod
837 914 949 948 altare
981 916 1046 947 tria
1075 914 1204 948 debent
1231 914 1304 947 Deo
1330 915 1461 948 otl'erri.

74 979 219 1014 Primum
246 984 300 1014 est
325 981 417 1028 ignis
444 979 645 1013 dilectionis
674 984 886 1024 perpetuae,
913 980 1026 1014 Levit.
1047 979 1110 1014 Vl:
1139 981 1230 1025 ignis
1256 980 1390 1014 seilicet
1408 980 1460 1013 di-

73 1046 233 1080 lectionis
255 1048 321 1080 erit
341 1049 529 1090 perpetuus
551 1049 583 1078 et
601 1054 771 1089 uunquam
786 1045 899 1080 delicit
918 1047 949 1079 in
969 1046 1072 1079 altari
1093 1045 1374 1087 scilicetc‹)rdis;
1403 1056 1459 1080 se-

70 1111 217 1145 eundum
243 1113 418 1145 incensum
445 1111 616 1144 orationis
647 1110 872 1151 odoriferae,
900 1109 926 1146 Ι.
956 1111 1073 1147 Paral.
1102 1111 1160 1146 Vl:
1194 1111 1314 1145 Aaron
1342 1116 1374 1144 et
1399 1111 1461 1145 lilii

71 1179 148 1221 ejus
173 1176 366 1211 adolebunt
399 1178 575 1211 incensum
610 1186 717 1220 super
751 1176 862 1210 altare
891 1177 1202 1211 holocaustomatis
1242 1181 1276 1211 et
1309 1176 1458 1221 thynia-

71 1244 186 1279 matis,
228 1242 385 1277 Tertium
412 1246 465 1276 est
491 1242 696 1276 sacrificium
719 1243 902 1286 justitiae,
940 1243 1031 1287 quod
1067 1243 1272 1276 sacrificium
1299 1244 1460 1276 consistit

70 1309 104 1341 in
139 1307 320 1342 oblatione
355 1307 592 1352 poenitentiae
624 1313 657 1342 et
702 1309 733 1341 in
774 1307 982 1342 holocausto
1024 1309 1222 1342 dilectionis
1267 1308 1458 1352 pei-sectae,

73 1376 107 1407 ct
139 1374 172 1406 in
207 1372 316 1407 vitulo
346 1374 461 1407 carnis
498 1372 746 1414 mortilicatae;
794 1373 837 1408 de
872 1373 926 1407 bis
957 1373 1103 1408 Psalm.:
1145 1378 1224 1407 tunc
1257 1373 1457 1418 acceptabis

71 1439 279 1472 suci-ilicium
322 1440 483 1484 justitiae
531 1438 728 1473 oblationes
777 1443 810 1473 et
867 1439 1095 1481 holocausta,
1155 1444 1234 1473 tunc
1281 1441 1459 1483 imponent

70 1514 178 1547 super
212 1503 324 1538 altare
370 1509 462 1538 tuum
515 1506 652 1540 vitulos.
727 1505 908 1550 Templum
953 1510 1066 1539 autem
1109 1505 1314 1549 spirituale,
1362 1505 1455 1549 quod

71 1579 190 1603 sumus
216 1580 302 1611 nos,
338 1571 382 1605 ad
408 1571 668 1606 similitudinem
695 1572 813 1615 templi
839 1571 1031 1604 materialis
1058 1574 1293 1604 consecratur.
1343 1569 1456 1604 Primo

70 1636 159 1669 enim
193 1644 344 1669 summus
377 1637 554 1681 pontifex,
599 1638 735 1671 scilieet
766 1636 945 1678 Christus,
986 1638 1111 1670 ostium
1152 1635 1270 1670 cordis
1302 1636 1456 1669 clausum

71 1702 251 1735 inveniens
276 1706 330 1736 ter
356 1703 497 1743 circuit,
531 1702 607 1736 dum
636 1707 812 1747 peccatum
842 1703 936 1744 oris,
967 1702 1083 1736 cordis
1111 1706 1144 1736 et
1170 1702 1287 1745 operis
1314 1701 1359 1734 ad
1385 1712 1455 1736 nie-

70 1767 211 1800 moriam
240 1767 316 1811 ejus
341 1766 487 1802 reducit,
537 1767 586 1802 De
613 1767 679 1802 boc
702 1768 833 1813 triplici
859 1769 1005 1802 circuitu
1032 1768 1157 1801 dicitur
1176 1767 1301 1802 Ysaias
1320 1767 1454 1802 xxm:

69 1841 165 1866 sume
189 1831 378 1874 citharam,
414 1843 481 1878 quo
513 1833 557 1867 ad
596 1836 761 1878 primum,
800 1835 905 1868 circui
939 1835 1114 1868 civitatem
1149 1833 1284 1875 cordis,
1317 1834 1456 1867 scilicet

69 1908 136 1942 quo
170 1896 213 1931 ad
246 1897 454 1940 secundum,
498 1902 662 1934 meretrix
702 1899 873 1934 oblivioni
909 1899 1061 1941 tradita,
1108 1910 1175 1944 quo
1217 1899 1261 1933 ad
1301 1900 1453 1935 tertium.

68 1962 227 1998 Secundo
255 1965 365 2008 ipsum
392 1966 517 1999 ostium
541 1965 657 1998 cordis
679 1965 832 1999 clausum
852 1969 905 1999 ter
921 1967 1081 2009 percutit,
1107 1970 1143 1999 ut
1168 1964 1236 1999 sibi
1263 1966 1454 2009 aperiatur.

68 2028 222 2062 Perculit
255 2030 342 2062 enim
375 2031 489 2072 ipsum
526 2040 587 2063 cor
623 2031 693 2064 ictu
725 2030 906 2070 beneficii,
954 2030 1092 2063 consilii
1135 2034 1169 2063 et
1211 2030 1354 2074 flagelli.
1407 2030 1453 2063 lle

69 2103 138 2138 qua
152 2093 279 2137 triplici
301 2095 528 2138 percussione
546 2095 674 2127 dicitur
693 2093 861 2130 Proverb.
881 2094 892 2127 l
918 2098 1080 2138 quantum
1099 2093 1143 2127 ad
1163 2094 1286 2135 malos,
1314 2094 1453 2127 extendi

68 2170 201 2194 manum
227 2170 336 2194 meam
363 2163 427 2195 eie.
475 2158 546 2192 Hoc
581 2162 745 2203 quantum
781 2158 824 2191 ad
858 2158 987 2192 collata
1018 2158 1208 2202 beneticia3
1239 2158 1453 2203 despexistis

67 2237 168 2260 omne
191 2226 372 2260 consilium
398 2235 520 2266 meum,
546 2223 611 2258 boc
638 2227 801 2268 quantum
826 2223 868 2257 ad
898 2225 1069 2268 inspirata
1093 2224 1258 2265 eonsilia3
1284 2228 1318 2258 et
1338 2225 1451 2258 incre-

68 2293 229 2336 pationes
261 2301 356 2326 meas
386 2290 616 2336 neglexistis,
658 2289 722 2323 boc
767 2294 930 2334 quantum
972 2289 1016 2322 ad
1057 2289 1156 2324 illata
1186 2290 1341 2335 flagella.
1391 2290 1454 2324 Vel

67 2362 122 2390 ter
147 2357 315 2401 percutit,
352 2355 429 2390 dum
466 2356 671 2390 rationalem
704 2360 820 2389 movet
851 2355 893 2389 ad
920 2356 1054 2399 peceati
1080 2356 1335 2400 cognitionem,
1371 2364 1454 2388 con-

66 2422 307 2466 cupiscibilem
334 2421 376 2455 ad
403 2421 581 2463 dolorem,
616 2420 828 2454 irascibilem
867 2421 910 2454 ad
945 2422 1075 2464 peccati
1116 2420 1302 2454 vindictam
1331 2424 1365 2454 et
1393 2420 1454 2454 de-

68 2487 302 2522 testationem.
352 2487 475 2521 Tertio
510 2488 621 2531 ipsum
655 2485 816 2530 templum
853 2486 1037 2530 spirituale
1069 2490 1122 2520 ter
1155 2496 1248 2530 aqua
1287 2487 1377 2519 intus
1421 2490 1456 2520 et

67 2556 168 2586 extra
200 2552 305 2587 debet
341 2553 495 2598 irrigari.
544 2551 634 2586 llaec
670 2555 782 2585 autem
816 2552 909 2585 trina
942 2553 1104 2597 irrigatio
1140 2556 1193 2586 est
1220 2552 1312 2585 trina
1339 2551 1453 2595 lacry-

68 2628 196 2653 marum
231 2619 431 2654 interiorum
465 2618 518 2653 vel
553 2617 743 2662 aliquando
780 2618 988 2652 exteriorum
1025 2617 1163 2655 effusio.
1224 2616 1325 2652 Mens
1364 2618 1453 2652 enim
