1742 3005
94 57 188 105 s'ap.
213 55 422 92 CLXXIII.
458 54 515 91 De.
537 68 565 90 s·
590 55 817 102 Saturnino,
839 54 1042 104 Perpetua,
1066 55 1262 93 Felicitate
1287 64 1358 94 etc.
1398 56 1476 95 797

92 159 182 194 inter
201 159 288 194 haee
308 159 412 193 beata
429 158 616 194 Catherina
636 161 831 194 castitatem
853 163 1018 196 servavit.
1046 161 1172 196 Habuit
1190 163 1277 197 enim
1297 164 1475 198 maximam

92 225 305 260 affluentiam
330 236 462 263 rerum.
491 230 611 270 utpote
641 236 730 271 qnae
756 231 823 260 tam
853 226 1034 262 ditissimis
1064 229 1268 272 parentibus
1291 231 1477 264 successit.

92 291 219 327 Habuit
245 293 552 336 opportunitatem,
580 296 701 337 utpote
721 302 808 337 quae
835 294 923 326 sicut
939 292 1078 327 domina
1102 299 1176 328 tota
1198 295 1254 329 die
1275 296 1366 330 inter
1392 306 1475 330 suos

93 357 240 391 l'aimilos
264 357 479 391 versabatur.
524 357 683 397 ¹)Habuit
703 360 823 392 iterum
847 363 993 392 aetatem
1015 360 1225 403 juvenilem3
1252 362 1330 395 item
1351 363 1402 395 sui
1431 362 1474 395 li—

93 424 285 460 bertatem,
321 425 404 468 qnia
429 424 506 457 sola
538 429 571 457 et
597 424 710 457 libera
734 424 765 455 in
793 423 924 466 palatio
952 427 1130 458 remansit.
1180 425 1229 460 De
1250 425 1304 459 his
1327 431 1476 471 quatuor

91 490 352 534 dieitursupra:
381 489 579 529 (latinorum,
609 500 680 523 cum
708 492 801 522 esset
827 495 993 522 annorum
1019 488 1141 530 XVIII,
1168 492 1201 524 in
1228 490 1359 535 palatio
1387 491 1476 525 divi-

91 559 147 590 tiis
171 561 203 591 et
224 557 340 601 pueris
363 555 464 599 pleno
486 555 562 589 sola
587 555 762 588 remansit.
792 553 919 588 Habuit
937 555 1039 589 etiam
1060 555 1365 599 pulchritudinem,
1386 556 1475 592 unde

90 624 232 657 dieitur:
275 623 357 666 quia
394 625 469 654 erat
503 622 667 665 speciosa
695 619 796 654 valde
826 625 860 654 et
886 620 1079 655 incredibili
1110 622 1367 666 pulehritmline
1403 633 1474 657 onl-

90 691 178 723 nium
210 687 321 721 oculis
354 685 572 719 admirabilis
607 685 802 720 videbatur.
853 686 980 725 Quinto
1006 688 1038 720 in
1066 688 1252 734 privilegio
1279 688 1474 734 dignitatis,

88 753 258 800 quaedam
282 754 368 787 enim
389 753 576 797 privilegia
603 752 772 796 specialia
799 751 936 786 suerunt
962 753 993 786 in
1021 753 1196 798 aliquibus
1223 756 1366 796 sanetis,
1396 754 1474 788 dum

88 820 318 860 decederent,
345 822 381 851 ut
407 817 537 852 Christi
565 818 739 855 visitatio,
780 828 867 862 quae
895 818 958 852 snit
987 819 1018 851 in
1046 819 1206 853 Johanne
1233 820 1473 865 evangelista;

88 888 155 921 olei
183 885 374 925 emanant),
414 893 503 928 quae
532 884 595 917 l'uit
621 886 653 917 in
679 883 781 917 beato
808 882 972 927 Nicola03
1001 884 1101 918 lactis
1129 884 1265 926 effusio,
1294 896 1383 930 quae
1411 886 1475 920 suit

89 955 120 986 in
147 952 251 986 heato
280 950 408 991 Paulo;
441 949 617 994 sepulchri
648 950 894 993 praeparatio,
924 951 1057 995 ²¹)quae
1095 950 1159 984 l'uit
1194 952 1227 983 in
1259 951 1364 985 beato
1395 952 1472 986 Cle-

89 1023 220 1055 mente:
247 1018 450 1061 petitionum
468 1015 657 1055 exauditio,
686 1025 776 1060 quae
804 1016 865 1048 suit
885 1017 916 1048 in
940 1018 1044 1051 beata
1063 1016 1306 1061 Margaretha,
1333 1019 1472 1063 quando

87 1085 201 1118 oravit
237 1093 299 1128 pro
334 1080 521 1127 agentibus
557 1082 609 1114 sui
648 1083 857 1115 memoriam.
908 1081 999 1116 Ilaec
1036 1087 1148 1115 autem
1189 1085 1301 1117 omnia
1336 1084 1472 1118 suerunt

86 1152 118 1183 in
154 1149 258 1183 beata
293 1147 497 1186 (Iatherina,
533 1149 624 1181 sicut
658 1150 754 1191 patet
789 1148 821 1180 in
854 1147 1017 1192 legenda.
1066 1148 1325 1183 Dubitationem
1359 1155 1472 1184 autem

88 1215 219 1250 habent
251 1215 361 1260 aliqui
395 1213 488 1258 apud
523 1213 679 1258 aliquos,
714 1217 825 1246 utrum
862 1223 882 1246 a
916 1212 1095 1247 Maxentio
1139 1215 1191 1248 rel
1229 1225 1249 1248 a
1280 1215 1470 1250 Maximino

88 1282 303 1315 martirizata
329 1282 388 1314 sit.
437 1279 538 1313 Tune
567 1281 654 1313 enim
680 1283 751 1313 tres
786 1280 964 1323 imperium
999 1280 1183 1316 tenebant,
1218 1282 1353 1316 scilicet
1379 1282 1471 1316 Con-

84 1349 281 1388 stantinus,
313 1348 369 1391 qui
403 1356 444 1379 ex
471 1346 694 1379 successione
721 1349 867 1389 paterna
893 1346 1070 1389 imperium
1101 1349 1242 1387 sumsit,
1268 1347 1470 1382 Maxentius

83 1412 287 1447 Maximiani
314 1411 404 1445 lilius
433 1421 453 1445 a
478 1412 711 1455 praetorianis
738 1411 902 1444 militibus
922 1411 1051 1445 Romae
1068 1413 1248 1457 Augustus
1270 1413 1469 1457 appellatus

83 1483 117 1514 et
142 1478 351 1513 Maximinus
379 1479 411 1511 in
438 1478 583 1511 orientis
610 1476 768 1521 partibus
789 1477 920 1510 Cacsar
940 1477 1094 1511 effectus.
1145 1478 1337 1511 Secundum
1356 1483 1470 1512 autem

81 1544 267 1578 chronicas
302 1544 503 1579 Maxentius
538 1542 688 1581 Romae,
732 1542 943 1577 Maximinus
982 1553 1063 1576 vero
1109 1544 1140 1576 in
1176 1546 1310 1578 oriente
1349 1549 1471 1578 contra

80 1610 294 1645 christianos
310 1609 527 1655 tyrannidem
545 1608 742 1643 exercebat.
794 1607 938 1642 Videtur
964 1619 1063 1653 erg0,
1089 1613 1125 1643 ut
1143 1610 1318 1654 aliquibus
1340 1610 1468 1654 placet„

82 1675 172 1720 quod
197 1677 281 1709 vitio
302 1676 486 1720 scriptoris
506 1676 552 1709 sit
569 1674 707 1717 factum,
729 1679 764 1708 ut
776 1685 839 1718 pro
851 1673 1041 1709 Maximino
1052 1674 1251 1709 Maxentius
1270 1680 1467 1719 poneretur.

490 2002 616 2061 CAP.
652 2001 881 2062 CLXXIII.
925 2002 1077 2062 (168.)

183 2103 282 2145 De
313 2102 532 2145 saneto
564 2100 938 2151 Saturnino9
982 2101 1365 2156 ³>Perpet11a‚

339 2177 678 2222 Felicitate
708 2179 774 2221 et
803 2175 953 2221 aliis
988 2176 1200 2221 sociis.

170 2284 380 2319 Saturninus
408 2285 452 2319 ab
480 2286 718 2330 apostolorum
746 2285 929 2330 discipulis
957 2287 1192 2332 ⁴)episeopus
1226 2287 1405 2321 ordinatus
1433 2288 1466 2319 in

78 2349 197 2384 urbem
223 2349 436 2384 Tolosanam
464 2350 615 2386 directus
641 2356 704 2386 est.
754 2352 836 2386 Cum
872 2356 985 2386 antem
1022 2353 1098 2396 ipso
1133 2352 1352 2398 ingrediente
1379 2351 1465 2385 dae-

79 2425 198 2450 mones
235 2425 256 2449 a
288 2417 468 2459 responsis
506 2422 704 2459 cessarent,
749 2427 837 2451 unus
876 2418 1058 2463 gentilium
1094 2417 1203 2459 dixit,
1247 2416 1359 2462 quod,
1397 2417 1466 2450 nisi

79 2481 302 2516 Saturninum
330 2480 550 2523 occiderent,
577 2492 597 2515 a
623 2481 698 2515 Diis
724 2484 796 2516 suis
823 2483 870 2516 nil
899 2484 1038 2527 penitus
1068 2482 1277 2517 obtinerent.
1327 2484 1465 2527 Appre-

148 2581 176 2612 1)
195 2579 249 2607 Ed.
268 2583 312 2606 Pr.
333 2579 445 2606 omittit
462 2580 571 2606 verba:
592 2578 739 2605 Habuit
762 2594 795 2598 ——
820 2578 1049 2612 juvenilem.
1169 2580 1198 2613 2)
1218 2579 1270 2607 Ed.
1291 2584 1333 2608 I'r.
1354 2579 1464 2606 omittit

79 2625 189 2650 verba:
208 2634 305 2658 quae
324 2640 356 2644 ——-
375 2623 594 2651 exauditio.
733 2625 762 2655 3)
781 2627 849 2651 nee.
871 2623 1011 2651 omittunt
1028 2624 1163 2651 nomina:
1193 2628 1287 2660 l'erp
1300 2629 1360 2651 eiu
1373 2634 1389 2650 a
1408 2629 1463 2651 etc.

78 2671 106 2703 4)
124 2672 250 2696 Vocem:
270 2669 486 2704 episeopus
506 2668 615 2695 omittit
636 2667 688 2694 Ed.
709 2671 752 2696 I’r.
