1742 3005
231 88 326 136 Cap.
351 85 554 122 Lxxxw.
594 85 653 122 De
675 86 868 123 nativitate
888 85 1005 122 sancti
1028 84 1114 121 Joh.
1138 84 1339 134 baptistae.
1400 81 1475 120 361

91 201 163 225 cnm
198 190 300 225 dicit:
339 194 373 226 et
404 191 529 225 multos
562 190 708 225 filiorum
732 190 840 225 lsrael
867 194 1048 224 convertet
1074 194 1139 224 etc.
1190 188 1313 223 Tertio
1348 197 1370 222 a
1395 187 1479 222 sub-

93 256 318 298 coelestibus,
347 256 381 289 id
407 261 461 291 est
488 256 531 290 ab
558 256 770 298 hominibus,
796 257 886 290 sieut
912 266 932 290 a
959 259 1059 300 patre
1085 266 1148 289 suo
1175 258 1209 290 et
1227 255 1364 296 vicinis,
1389 253 1481 288 unde

92 320 277 356 dicebant:
314 323 412 367 quis,
445 327 570 366 putas,
606 334 693 367 puer
717 324 783 356 iste
809 323 874 356 erit
900 326 963 361 etc.
1015 321 1146 361 Quarto
1175 318 1482 365 comprehenditur

92 386 168 421 laus
204 386 375 422 Johannis
409 398 451 422 ex
491 398 640 422 munere.
689 387 816 421 Habuit
850 389 937 421 enim
973 397 1093 420 munus
1131 388 1163 420 in
1189 390 1282 419 statu
1309 387 1343 420 in
1367 390 1481 426 utero,

93 453 128 486 in
155 463 302 498 egressu
329 463 371 487 ex
396 457 516 495 utero,
554 455 588 486 in
612 452 728 486 mundi
755 461 947 497 progressu
978 456 1012 486 et
1036 452 1070 484 in
1096 451 1212 485 mundi
1238 462 1398 498 egressu.
1446 451 1483 486 In

92 522 192 552 utero
216 517 340 552 habuit
363 518 492 562 triplex
523 517 683 551 mirabile
720 528 841 551 munus
869 519 1026 562 gratiae,
1062 518 1171 561 primo
1203 518 1376 563 gratiam,
1415 528 1483 563 qua

94 585 127 616 in
156 588 265 618 utero·
286 582 521 617 sanctificatus
547 582 631 623 fuit,
667 581 757 616 unde
783 582 848 616 suit
871 586 951 616 ante
976 587 1118 616 sanctus
1143 592 1243 628 quam
1266 587 1389 625 natus,
1423 582 1481 618 Je‹

94 659 175 683 rem.
202 650 235 682 I:
274 649 476 693 priusquam
513 652 547 683 te
582 648 768 682 formarem
808 648 841 682 in
878 652 996 690 utero,
1031 650 1112 682 novi
1144 652 1178 683 te
1204 652 1270 683 ete.
1319 648 1482 684 Secundo

92 714 264 759 gratiam,
291 715 374 758 quia
400 712 613 758 prophetare
639 716 781 755 meruit,
811 715 900 748 sicut
925 713 1064 759 quando
1092 715 1124 748 in
1150 718 1249 749 utero
1277 716 1396 748 matris
1422 725 1481 749 ex-

92 778 227 813 sultans
253 772 515 814 Deumadesse
544 781 721 825 cognovit.
771 779 867 814 Unde
902 779 1170 824 Clu—5s0s10m11s
1206 780 1329 814 volens
1362 784 1484 814 osten·

93 844 193 887 dere,
230 845 382 890 qualiter
407 845 513 880 suerit
537 845 615 890 plus
643 855 744 890 quam
771 844 961 889 propheta,
989 845 1092 879 dicit:
1119 845 1313 890 prophetae
1342 850 1396 880 est
1420 857 1483 890 pro

94 911 216 945 merito
247 912 525 946 conversationis
562 915 596 946 et
627 911 707 945 iidei
733 910 952 956 prophetiam
978 911 1151 954 accipere.
1200 910 1373 956 Numquid
1400 921 1482 954 pro-

95 975 222 1021 phetae
248 975 328 1018 suit,
356 980 393 1010 ut
416 978 512 1020 prius
538 976 643 1011 suerit
665 975 857 1021 propheta,
885 985 985 1021 quam
1013 975 1136 1019 homo,
1170 980 1203 1011 et
1227 977 1309 1021 quia
1334 986 1482 1010 consue-

94 1041 178 1076 tudo
213 1045 307 1083 erat,
342 1045 379 1076 ut
410 1041 606 1086 prophetae
642 1043 914 1087 inungerentur‚
949 1047 1029 1076 tunc
1064 1041 1203 1087 quando
1242 1041 1347 1076 beata
1384 1043 1483 1087 virgo

95 1107 278 1142 Elizabeth
294 1107 473 1149 salutavit,
501 1107 662 1141 Christus
684 1107 877 1143 Johannem
898 1110 930 1141 in
949 1112 1047 1142 utero
1072 1108 1103 1140 in
1125 1106 1329 1152 prophetam
1350 1108 1484 1141 inunxit

95 1172 285 1208 seeundum
305 1172 397 1218 quod
419 1172 501 1207 dicit
516 1173 785 1218 Chrysostomus
802 1176 834 1207 in
858 1173 945 1208 haee
964 1173 1091 1208 verba:
1117 1172 1198 1207 ideo
1222 1171 1381 1206 Christus
1403 1172 1481 1208 Ma-

96 1240 182 1273 riam
208 1234 293 1273 feeit
317 1238 472 1274 salutare
497 1237 701 1282 Elizabeth,
730 1244 765 1274 ut
791 1250 905 1274 sermo
932 1239 1126 1284 procedens
1154 1238 1196 1274 de
1222 1242 1322 1273 utero
1350 1240 1484 1279 matris,

98 1303 157 1337 ubi
176 1303 312 1338 habitat
333 1303 504 1345 dominus,
533 1308 566 1339 et
586 1315 648 1349 per
665 1316 770 1339 aures
784 1304 967 1339 Elizaheth
990 1306 1173 1350 ingressus
1190 1304 1423 1340 descenderet
1441 1305 1485 1339 ad

97 1369 308 1412 Johannem,
351 1373 387 1403 ut
422 1369 496 1403 illic
540 1380 613 1404 eum
652 1375 800 1416 ungeret
834 1372 866 1404 in
900 1370 1118 1416 prophetam.
1167 1370 1290 1405 Tertio
1322 1373 1485 1417 gratiam,

99 1445 169 1480 qua
202 1437 276 1469 suis
313 1436 446 1469 meritis
483 1437 583 1469 matri
619 1435 826 1480 prophetiae
860 1438 1016 1481 spiritum
1047 1436 1204 1471 tradidit.
1252 1435 1351 1472 Unde
1377 1436 1487 1481 Chry-

99 1505 274 1535 sostomus
300 1501 419 1535 volens
446 1502 652 1543 ostendere,
682 1503 833 1547 qualiter
859 1502 962 1537 fuerit
990 1502 1066 1546 plus
1092 1512 1192 1547 quam
1220 1502 1392 1547 propheta
1419 1504 1486 1536 ait:

100 1568 178 1612 quis
202 1566 472 1611 prophetarum,
507 1578 580 1601 cum
607 1572 702 1603 esset
727 1567 920 1612 propheta,
954 1566 1160 1612 prophetam
1198 1568 1315 1603 sac-ere
1348 1570 1488 1613 potuit?

99 1631 218 1666 Helias
251 1632 391 1677 quidam
426 1635 523 1668 unxit
553 1633 751 1668 Helisaeum
778 1634 810 1667 in
835 1632 1063 1678 prophetam,
1099 1645 1167 1668 non
1191 1637 1305 1668 tamen
1333 1633 1487 1678 prophe-

99 1696 196 1732 tandi
223 1699 372 1743 gratiam
400 1699 558 1734 contulit.
606 1699 676 1734 Iste
703 1703 816 1734 autem
843 1700 876 1732 in
903 1703 1002 1734 utero
1027 1701 1148 1734 matris
1180 1701 1354 1734 exsistens
1380 1699 1487 1733 divini

100 1766 261 1798 introitus
295 1766 474 1800 seientiam
508 1766 609 1799 matri
643 1765 788 1800 donavit
823 1770 857 1800 et
898 1775 938 1799 os
977 1765 1071 1800 illius
1104 1764 1211 1800 verbo
1251 1764 1488 1800 confessionis

99 1831 258 1876 aperuit,
293 1835 352 1874 ut,
392 1831 493 1876 cujus
519 1842 587 1865 non
614 1831 756 1866 videbat
787 1841 991 1876 personam,
1025 1834 1258 1877 cognosceret
1283 1830 1488 1876 dignitatem

100 1895 240 1931 dicens:
274 1896 365 1932 unde
399 1897 466 1931 hoe
498 1896 603 1939 mihi,
639 1901 677 1932 ut
706 1901 816 1932 mater
848 1897 978 1931 domini
1011 1898 1077 1931 mei
1113 1898 1230 1932 veniat
1255 1896 1299 1931 ad
1321 1897 1405 1931 me?
1452 1895 1490 1930 In

100 1972 249 2007 egressu
274 1973 316 1997 ex
339 1966 438 1997 utero
466 1962 591 1997 hahuit
615 1964 745 2008 triplex
769 1973 891 1997 munus
916 1964 1076 2009 gratiae,
1103 1964 1264 2008 quoniam
1290 1966 1388 1997 ortus
1414 1964 1490 2008 ejus

102 2027 168 2061 suit
196 2027 449 2068 miraculosus,
481 2032 622 2062 sanctus
658 2033 692 2063 et
718 2028 903 2073 jucundus.
955 2029 1044 2068 Quia
1078 2028 1329 2068 miraculosus,
1370 2026 1489 2061 exelu-

102 2093 196 2127 ditur
220 2092 378 2127 deseetus
404 2094 641 2137 impotentiae,
670 2095 753 2139 quia
776 2098 928 2135 sanctus,
951 2098 1069 2127 reatus
1094 2093 1231 2136 culpae,
1261 2093 1343 2136 quia
1364 2092 1490 2136 Jucun-

102 2158 386 2201 dusslamentum
408 2160 581 2193 miseriae.
633 2158 841 2194 Celebratur
860 2163 975 2193 autem
995 2159 1071 2202 ejus
1099 2161 1197 2191 ortus
1223 2158 1299 2191 sive
1326 2157 1491 2191 nativitas

102 2223 290 2257 secundum
315 2225 518 2270 magistrum
546 2224 774 2259 Guilhelmum
797 2223 1135 2258 Altissiodorensem
1167 2222 1302 2268 triplici
1335 2223 1491 2257 ratione:

103 2289 211 2333 primo
246 2290 382 2324 ratione
416 2289 705 2325 sanctificationis
740 2291 774 2324 in
805 2294 926 2328 utero,
963 2289 1116 2324 seeundo
1144 2290 1282 2323 ratione
1308 2288 1492 2333 dignitatis

105 2356 137 2388 in
163 2353 301 2396 officio,
338 2355 413 2399 ipse
448 2357 537 2390 enim
574 2360 737 2402 tanquam
772 2355 900 2390 lucifer
935 2357 1028 2390 venit
1060 2358 1095 2389 et
1120 2358 1299 2389 aeternum
1326 2352 1491 2398 gaudium

105 2420 206 2454 nobis
239 2420 370 2465 primus
406 2422 596 2463 nuntiavit,
638 2423 742 2456 tertio
784 2422 920 2455 ratione
958 2420 1192 2465 jucunditatis
1233 2420 1267 2452 in
1305 2422 1384 2452 ortu
1417 2428 1492 2452 suo.

105 2486 249 2520 Dixerat
269 2487 356 2520 enim
381 2486 548 2531 angelus:
575 2490 609 2520 et
632 2487 728 2520 multi
755 2489 788 2520 in
815 2487 891 2531 ejus
912 2487 1095 2520 nativitate
1122 2483 1326 2531 gaudebunt
1355 2488 1389 2518 et
1415 2483 1494 2518 ideo

106 2551 246 2597 dignum
271 2555 336 2594 est,
361 2555 397 2585 ut
415 2556 448 2586 et
465 2562 527 2585 nos
549 2553 582 2585 in
602 2553 784 2586 nativitate
806 2551 882 2596 ejus
904 2550 1131 2596 gaudeamus.
1158 2549 1194 2584 ln
1214 2559 1410 2596 progressu
1429 2548 1492 2583 ha—

107 2616 180 2650 buit
204 2617 365 2652 similiter
389 2617 567 2662 multiplex
594 2627 734 2652 munus:
765 2617 798 2650 in
832 2616 898 2651 hoe
925 2621 1038 2651 autem
1072 2620 1193 2662 patent
1218 2616 1294 2661 ejus
1321 2615 1493 2651 excellere
