1742 3005
373 57 469 108 Cap.
504 57 677 95 CXXlll.
737 59 796 96 De
837 66 965 96 sancto
998 59 1283 98 Bartholomeo.
1360 74 1366 83 '
1443 63 1523 102 543

135 166 318 213 apostolus
344 166 379 199 in
405 164 579 200 desertum
608 166 721 201 locum
748 167 798 200 ire
823 166 1015 211 praecepit.
1062 164 1162 200 Prius
1188 168 1302 202 tamen
1327 177 1402 203 eum
1423 167 1524 204 vobis

134 232 336 274 ostendam,
373 242 473 277 quem
507 232 664 267 videntes
698 243 741 267 ne
767 234 942 274 timeatis,
976 231 1039 266 sed
1075 232 1178 277 quale
1205 233 1341 278 signum
1372 235 1408 268 in
1431 233 1523 280 lapi-

82 298 235 352 „Rdibus
261 298 315 332 liis
343 298 495 343 sculpsi,
522 298 592 332 tale
618 300 652 333 in
679 300 804 333 vestris
832 298 1004 332 frontibus
1020 299 1235 342 imprimatis.
1285 298 1384 334 Tunc
1404 304 1522 335 osten-

132 364 184 399 dit
216 366 260 398 iis
291 363 501 408 Aethiopem
529 365 720 409 nigriorem
747 364 906 410 fuligine,
943 364 1032 398 facie
1066 369 1190 403 acuta,
1224 364 1337 399 barba
1370 366 1520 410 prolixa,

130 430 284 465 crinibus
310 440 420 475 usque
446 430 489 463 ad
517 429 624 474 pedes
651 431 847 474 protensis,
883 429 993 462 oculis
1019 430 1133 474 igneis
1160 433 1196 463 ut
1221 429 1349 464 serrum
1376 432 1521 475 ignitum

130 496 302 532 scintillas
329 495 586 537 emittentibus,
613 495 767 528 flammas
794 493 1005 538 sulphureas
1030 505 1072 528 ex
1100 505 1160 529 ore
1188 499 1221 529 et
1245 495 1357 530 oculis
1382 498 1520 540 spiram

128 567 218 606 tem,
253 563 386 597 eatenis
423 562 538 607 igneis
571 562 719 594 vinctum
754 564 848 595 retro
884 558 1061 602 manibus,
1099 564 1134 594 et
1165 560 1253 594 dixit
1286 562 1320 595 ei
1352 562 1519 608 angelus:

129 630 288 675 quoniam
319 628 486 662 visionem
520 626 677 671 apostoli
710 625 876 660 audivisti
914 629 948 660 et
982 625 1025 661 de
1068 626 1198 672 templo
1239 628 1360 662 exiens
1405 630 1520 662 omnia

126 694 232 740 ydola
257 692 485 738 confregisti,
515 692 647 727 solvam
674 696 727 734 te,
762 696 800 726 ut
827 691 934 726 vadas
961 693 994 726 in
1021 692 1127 727 talem
1152 692 1285 735 locum,
1318 693 1378 727 ubi
1403 694 1518 728 nullus

128 761 229 795 homo
246 763 412 801 moratur,
440 763 475 794 et
495 760 544 793 sis
566 758 693 793 ibidem
713 768 822 803 usque
839 758 882 792 ad
903 757 992 792 diem
1006 758 1146 803 judicii.
1172 758 1235 794 Ille
1247 762 1362 794 autem
1382 759 1518 794 solutus

125 835 200 861 cum
222 826 350 872 magno
375 826 525 869 strepitu
550 828 584 859 et
608 824 742 858 ululatu
769 824 964 869 disparuit,
997 824 1145 870 angelus
1178 829 1291 859 autem
1329 825 1459 860 domini
1484 828 1518 860 in

124 891 259 926 coelum
291 891 423 925 eunctis
457 890 658 925 videntibus
693 890 857 924 evolavit.
908 889 1006 923 Tunc
1041 900 1103 924 rex
1134 900 1207 924 cum
1242 902 1350 926 uxore
1376 896 1410 927 et
1436 892 1517 927 filiis

125 958 286 1002 omnique
319 956 451 1001 populo
483 957 684 1002 baptizatus
712 960 765 990 est
790 959 824 990 et
850 954 973 990 relicto
1005 966 1115 1002 regno
1140 957 1294 1001 apostoli
1322 957 1517 1003 discipulus

124 1027 180 1059 est
222 1023 378 1058 effectus.
437 1022 535 1056 Tunc
580 1032 698 1057 omnes
744 1021 949 1066 templorum
996 1022 1178 1067 pontifices
1221 1025 1430 1069 congregati
1471 1024 1516 1058 ad

127 1089 355 1134 ¹)Astragem
382 1098 501 1134 regem
527 1087 669 1122 fratrem
696 1088 774 1133 ejus
801 1092 1036 1122 convenerunt
1069 1094 1103 1123 et
1128 1088 1169 1123 de
1199 1088 1349 1123 Deorum
1375 1099 1515 1123 suorum

122 1156 312 1190 amissione
347 1157 382 1189 et
411 1154 531 1198 templi
565 1154 795 1188 subversione
830 1158 865 1188 et
897 1155 993 1199 regis
1024 1165 1088 1199 per
1118 1158 1226 1189 artem
1254 1155 1426 1200 magicam
1454 1155 1516 1190 de-

122 1222 283 1266 ceptione
311 1219 433 1254 c'ontra
460 1219 660 1264 apostolum
691 1224 770 1254 sunt
794 1221 989 1265 conquesti.
1038 1220 1212 1266 Astrages
1240 1221 1350 1265 igitur
1373 1231 1435 1255 rex
1461 1222 1514 1255 in-

122 1287 288 1332 dignatus
323 1286 416 1321 mille
453 1287 547 1320 viros
582 1290 736 1319 armatos
772 1285 817 1319 ad
852 1285 1057 1330 capiendum
1091 1286 1288 1330 apostolum
1315 1286 1514 1321 destinavit.

123 1352 190 1393 Qui
216 1362 290 1386 cum
316 1351 488 1386 adduc-tus
516 1350 641 1385 fuisset
665 1361 780 1385 coram
809 1362 862 1393 eo,
890 1351 977 1385 dixit
1004 1353 1035 1386 ei
1062 1362 1138 1386 rex:
1173 1355 1254 1387 tune
1289 1362 1326 1386 es
1352 1352 1425 1394 ille,
1456 1354 1515 1398 qui

124 1418 283 1453 evertisti
316 1417 458 1451 fratrem
489 1417 627 1451 meum?
676 1417 737 1451 Cui
764 1418 966 1462 apostolus:
999 1428 1065 1463 ego
1095 1418 1188 1452 illum
1216 1429 1284 1452 non
1303 1420 1425 1460 everti,
1452 1418 1515 1453 sed

123 1484 291 1519 converti.
342 1482 404 1517 Cui
430 1493 510 1517 rex:
536 1483 626 1516 sicut
649 1486 684 1516 tu
711 1482 823 1517 fecisti
850 1484 991 1517 fratrem
1021 1494 1129 1518 meum
1150 1484 1255 1518 Deum
1283 1494 1380 1517 suum
1407 1484 1514 1517 relin-

125 1560 232 1596 quere
259 1554 294 1584 et
319 1553 376 1583 tuo
402 1548 569 1591 credere,
603 1551 655 1583 sic
692 1554 725 1584 et
757 1559 824 1594 ego
852 1553 884 1583 te
909 1549 1032 1583 faciam
1060 1549 1166 1583 Deum
1195 1552 1289 1583 tuum
1316 1549 1518 1594 relinquere

124 1620 159 1651 ct
183 1626 260 1650 meo
286 1616 358 1650 Deo
386 1613 596 1649 sacrificare.
647 1614 708 1648 (lui
735 1614 944 1659 apostolus:
981 1626 1047 1661 ego
1081 1615 1211 1657 Deum,
1247 1626 1347 1660 quem
1375 1614 1516 1649 colebat

124 1681 354 1723 fraternum,
384 1681 493 1726 ligavi
518 1684 552 1715 ct
575 1680 719 1726 ligatum
749 1680 905 1723 ostendi,
939 1685 973 1716 et
1004 1685 1040 1715 ut
1065 1681 1287 1715 simulacrum
1323 1681 1514 1726 frangeret,

122 1748 245 1793 coegi;
279 1748 309 1781 si
344 1748 394 1781 sic
428 1748 562 1791 poteris
599 1746 715 1782 facere
741 1747 816 1782 Deo
850 1758 945 1789 meo,
981 1749 1115 1793 poteris
1141 1757 1194 1781 me
1220 1746 1264 1780 ad
1291 1747 1514 1781 simulacrum

122 1822 333 1858 provocare,
362 1814 436 1858 2¹)si
462 1823 530 1847 non
556 1817 689 1855 autem,
717 1823 784 1859 ego
809 1813 902 1848 Deos
928 1818 1007 1847 tuos
1036 1814 1262 1847 comminuam
1288 1817 1322 1848 et
1348 1817 1385 1847 tu
1409 1813 1514 1847 erede

121 1877 194 1913 Deo
221 1889 308 1914 meo.
357 1878 449 1914 Haec
474 1878 534 1913 illo
562 1878 700 1914 dicente
724 1881 904 1913 nuntiatur
929 1880 1026 1924 regi,
1063 1878 1156 1924 quod
1182 1879 1275 1914 Deus
1311 1889 1395 1913 suus
1428 1879 1512 1913 Bal-

122 1943 212 1978 dach
235 1944 422 1979 cecidisset
447 1950 481 1980 et
508 1946 736 1979 comminutus
755 1945 893 1981 suisset.
942 1945 1042 1985 Quod
1064 1956 1123 1980 rex
1150 1946 1297 1980 audiens
1324 1954 1512 1990 purpuram

122 2008 247 2045 scidit.
294 2019 364 2053 qua
400 2009 540 2043 indutus
584 2014 680 2051 erat,
718 2015 753 2044 et
795 2011 992 2055 apostolum
1036 2012 1187 2046 fustibus
1223 2011 1322 2045 caedi
1344 2011 1454 2055 Jussit
1479 2014 1514 2043 et

123 2083 261 2108 caesum
298 2075 409 2107 vivum
445 2075 618 2107 excoriari
652 2074 848 2115 mandavit,
895 2075 1076 2109 christiani
1117 2080 1232 2110 autem
1272 2084 1399 2118 corpus
1435 2075 1512 2119 ejus

120 2138 274 2172 tulerunt
298 2142 332 2173 et
356 2137 548 2172 honorifice
576 2137 801 2182 sepelierunt.
850 2138 923 2174 Rex
954 2144 1068 2174 autem
1103 2140 1278 2187 Astra-ges
1305 2145 1339 2175 et
1365 2141 1512 2186 templo-

122 2214 193 2238 rum
222 2203 404 2249 pontifices
432 2214 454 2238 a
486 2202 714 2238 daemonibus
739 2206 871 2249 arrepti
896 2207 1021 2239 mortui
1049 2210 1148 2248 sunt,
1180 2218 1241 2242 rex
1268 2212 1380 2242 autem
1407 2207 1511 2242 Pole-

122 2271 209 2304 mius
234 2272 269 2303 in
297 2272 499 2315 episcopum
525 2270 706 2304 ordinatur
730 2275 765 2305 et
788 2270 854 2304 XX
881 2272 980 2304 annis
1008 2271 1159 2306 osticium
1186 2274 1411 2318 episcopatus
1435 2274 1512 2308 lau-

122 2335 287 2370 (labiliter
314 2337 461 2380 implens
486 2335 609 2380 plenus
633 2336 817 2370 virtutibus
845 2338 875 2370 in
904 2347 989 2381 pace
1016 2339 1157 2383 quievit.
1206 2339 1255 2373 De
1280 2349 1409 2384 genere
1425 2349 1511 2374 suae

122 2402 299 2446 passionis
333 2402 473 2436 diversa
507 2402 626 2446 opinio
657 2406 729 2443 est,
769 2413 844 2436 nam
880 2402 1004 2437 beatus
1039 2403 1237 2438 Dorotheus
1271 2404 1371 2446 dicit,
1417 2404 1510 2450 quod

120 2467 304 2502 crucifixus
330 2472 393 2502 est.
443 2468 504 2502 Ait
536 2467 624 2501 enim
650 2468 718 2501 sic:
753 2468 1021 2503 Bai-tholomeus
1053 2468 1147 2502 Indis
1183 2469 1414 2513 praedicavit,
1450 2473 1509 2516 qui

122 2537 156 2566 et
189 2533 407 2579 evangelium
446 2532 633 2568 secundum
669 2532 884 2568 Matthaeum
919 2535 949 2567 in
983 2535 1127 2578 propria
1168 2544 1284 2570 eorum
1320 2536 1440 2582 lingua
1465 2537 1508 2570 iis

191 2676 213 2701 Γ.
235 2677 302 2701 nnc.
322 2675 518 2701 Amineam
544 2674 653 2702 loanni,
759 2676 786 2706 ζ’)
806 2674 918 2704 With-'cn
948 2673 1003 2699 siu
1034 2678 1165 2699 nutem.
