1742 3005
265 101 346 140 562
552 100 647 149 Cap.
673 97 840 134 cxxiv.
898 98 957 134 De
988 103 1120 134 sancto
1151 96 1377 145 Augustino.

268 205 327 239 ubi
355 200 604 242 desiderabat,
629 199 741 233 locum
768 198 837 233 sibi
865 197 1035 244 eligeret,
1067 201 1104 232 in
1137 201 1228 233 omni
1259 200 1358 243 loco,
1390 199 1451 233 ubi
1482 197 1524 233 de
1556 201 1656 232 nocte

268 280 342 304 eum
371 276 519 311 corpore
544 265 803 310 hospitabatur,
831 263 1051 298 inhonorem
1080 265 1391 309 ipsiuseeclesiam
1418 264 1657 305 construebat,

269 337 389 379 sit-que
423 341 650 377 cummagno
683 330 814 376 gaudio
842 330 983 374 Papiam
1017 329 1201 364 deducitur
1232 334 1266 364 et
1301 331 1335 363 in
1364 331 1514 364 eeclesia
1546 330 1657 363 saneti

270 400 382 441 Petri,
409 408 499 444 quae
524 397 657 432 eoelum
684 406 823 430 aureum
853 396 999 437 dicitur,
1033 394 1222 430 honorilice
1249 395 1453 430 collocatur.
1479 415 1518 420 —
1545 415 1590 420 ——-
1616 414 1658 419 »ᾳ

269 469 315 502 2,
343 464 623 499 Molendinarius
650 462 788 508 quidam
824 463 856 495 in
889 462 1029 496 beatum
1062 462 1295 507 Augustinum
1330 461 1519 505 specialem
1551 460 1659 494 devo-

270 533 399 565 tionem
434 529 568 564 habens
602 539 676 562 eum
709 527 880 573 quandam
917 527 1174 569 infirmitatem,
1211 536 1300 572 quae
1337 526 1466 560 dieitur
1495 525 1661 570 phlegma

271 597 419 637 salsum,
455 597 488 628 in
520 594 608 628 tibia
632 598 829 638 pateretur,
864 592 1004 627 beatum
1037 592 1270 638 Augustinum
1299 592 1424 627 devote
1455 593 1489 624 in
1517 592 1571 625 sui
1597 590 1660 624 ad-

267 663 437 707 jutorium
465 660 665 694 invocabat.
717 660 780 692 thu
808 669 871 703 per
897 659 1007 691 visum
1026 662 1167 692 sanetus
1195 659 1414 703 Augustinus
1433 658 1597 702 apparuit
1631 659 1664 689 ct

271 728 393 762 tibiam
422 736 524 759 manu
548 726 582 768 ¹)
599 724 747 768 palpans
775 725 935 768 integrae
960 725 1115 757 restituit
1138 725 1295 757 sanitati.
1345 724 1410 763 Qui
1433 724 1604 757 excitatus
1625 731 1663 755 se

273 793 456 827 liberatum
483 791 615 824 invenit
639 793 673 823 et
694 788 767 822 Deo
785 788 938 822 etbeato
955 789 1154 833 Augustino
1169 790 1304 833 gratias
1327 789 1489 823 reddidit.
1504 808 1606 814 —-—
1622 807 1661 811 -

273 862 321 896 3.
349 856 496 906 Quidam
522 866 610 900 puer
633 866 708 888 eum
734 856 818 888 vitio
845 853 974 898 lapidis
1001 858 1218 899 premeretur
1249 858 1282 888 et
1313 854 1355 888 de
1381 854 1529 888 consilio
1556 853 1664 887 inedi-

276 934 391 958 corum
424 921 533 955 incidi
567 920 734 962 deberet,
771 924 880 954 mater
913 921 1013 964 pueri
1049 922 1170 954 mortis
1210 920 1277 954 sibi
1310 921 1435 954 timens
1472 918 1663 963 perieulum

275 992 413 1024 beatum
441 988 674 1032 Augustinum
701 986 828 1020 devote
858 987 891 1019 in
917 987 970 1020 sui
999 985 1059 1020 filii
1079 987 1272 1021 subsidium
1290 986 1465 1020 invocavit
1481 985 1667 1028 statimque

277 1055 356 1088 susa
381 1054 541 1087 oratione
569 1063 655 1096 puer
687 1052 838 1097 lapidem
873 1063 947 1086 eum
984 1054 1085 1086 urina
1119 1054 1234 1087 emisit
1262 1057 1295 1087 et
1320 1052 1457 1097 plenam
1482 1051 1665 1096 sanitatem

278 1120 423 1164 reecpit.
450 1138 492 1144 —
520 1135 559 1140 —
587 1138 629 1142 —-
655 1121 704 1155 4.
729 1117 767 1151 In
796 1120 1030 1160 monasterio,
1066 1119 1157 1163 quod
1183 1118 1385 1152 Elemosina
1410 1117 1556 1157 dieitur,
1593 1125 1666 1148 mo-

278 1185 408 1220 nat-hus
442 1183 581 1229 quidam
618 1184 652 1216 in
687 1183 811 1228 vigilia
843 1186 956 1218 sancti
985 1185 1175 1230 Augustini
1208 1187 1328 1228 raptus
1362 1184 1395 1216 in
1428 1183 1554 1226 spiritu
1582 1180 1669 1214 vidit

278 1251 402 1285 nubem
434 1249 654 1295 splendidam
695 1249 844 1283 coelitus
880 1250 1060 1294 delapsam
1088 1254 1122 1285 et
1154 1260 1261 1294 super
1284 1249 1409 1283 nubem
1435 1249 1667 1294 Augustinum

279 1317 458 1351 sedentem
493 1314 755 1361 pontificalibus
786 1316 1010 1361 insignitum,
1055 1317 1155 1361 cujtts
1189 1315 1281 1349 oculi
1325 1317 1426 1359 quasi
1472 1315 1539 1349 duo
1582 1314 1669 1348 solis

279 1383 371 1417 radii
405 1385 513 1416 totam
550 1381 645 1415 illam
682 1381 866 1415 ecelesiam
903 1381 1147 1415 illuminabant
1180 1385 1213 1415 et
1238 1380 1327 1414 odor
1354 1381 1432 1416 inde
1458 1382 1581 1414 nimius
1610 1391 1670 1414 ex-

281 1448 435 1482 halabat.
484 1447 636 1482 Sanetus
663 1458 802 1493 quoqne
827 1447 1030 1481 Bernardus
1057 1447 1135 1481 dum
1161 1447 1309 1492 quadam
1337 1448 1410 1482 vice
1438 1448 1469 1480 in
1495 1447 1671 1480 matutinis

282 1515 456 1547 exsistens
489 1512 740 1558 aliquantulum
780 1513 1053 1548 obdormivisset
1087 1518 1121 1548 et
1156 1513 1199 1547 de
1232 1513 1382 1558 quodam
1415 1516 1567 1547 tractatu
1599 1513 1671 1547 Au-

280 1580 411 1625 gustini
438 1579 608 1612 lectiones
635 1579 857 1624 legerentur,
890 1580 978 1614 vidit
1011 1580 1181 1625 quendam
1215 1579 1483 1624 pulcherrimum
1507 1580 1670 1624 juvenem

282 1644 329 1677 ibi
367 1647 537 1685 stantem,
582 1643 624 1678 de
661 1645 760 1689 enjus
797 1656 858 1679 ore
895 1650 1013 1679 tantus
1049 1646 1285 1680 inundantium
1320 1656 1488 1690 aquarum
1524 1647 1672 1690 impetus

282 1709 422 1751 exibat,
464 1709 555 1754 qnod
591 1714 699 1744 totam
738 1711 832 1744 illam
868 1711 1053 1745 eeclesiam
1088 1711 1269 1747 videretur
1303 1711 1449 1756 replere.
1498 1711 1564 1750 Qui
1597 1710 1671 1745 Au-

280 1777 457 1821 gustinum
485 1786 564 1810 esse
590 1788 659 1810 non
684 1776 875 1815 dubitavit,
913 1779 969 1822 qui
1002 1777 1098 1811 sonte
1132 1777 1313 1811 doctrinae
1347 1781 1453 1811 totam
1487 1776 1671 1811 ecelesiam

282 1843 455 1885 irrigavit.
484 1859 525 1865 —
553 1861 597 1866 —-
621 1863 664 1867 —-
697 1845 739 1878 5.
769 1843 914 1881 Quidam
943 1847 1097 1876 sanetum
1130 1842 1363 1887 Augustinum
1390 1840 1492 1875 valde
1519 1840 1671 1884 diligens

282 1906 453 1939 monacho
479 1906 617 1940 custodi
643 1909 801 1951 corporis
828 1909 938 1941 saneti
957 1908 1144 1951 Augustini
1171 1908 1353 1951 pecuniam
1378 1916 1536 1951 magnam
1562 1905 1670 1946 dedit,

281 1976 319 2005 ut
350 1971 416 2004 sibi
445 1973 557 2005 sancti
583 1973 773 2016 Augustini
807 1973 953 2016 digitum
982 1984 1082 2006 unum
1113 1972 1231 2015 daret,
1267 1972 1327 2006 sed
1356 1972 1414 2005 ille
1443 1975 1586 2015 accepta
1610 1980 1669 2014 pe-

282 2038 384 2071 cunia
417 2038 563 2081 digitum
600 2037 777 2081 eujusdam
810 2039 937 2071 mortui
972 2039 1096 2071 sericis
1129 2038 1318 2071 involutum
1348 2039 1417 2071 sibi
1441 2036 1584 2077 tribuit,
1621 2037 1669 2068 si-

282 2103 415 2136 mulans
449 2112 527 2136 esse
566 2102 712 2147 digitum
749 2104 948 2148 Augustini.
1006 2103 1112 2143 Quem
1154 2103 1212 2137 ille
1252 2107 1455 2138 reverenter
1494 2102 1671 2146 accipiens

281 2178 419 2212 semper
453 2167 678 2202 devotissime
715 2168 932 2212 ²)adorabat
972 2173 1005 2203 et
1037 2171 1089 2202 ori
1122 2169 1305 2213 oculisque
1339 2178 1519 2213 apponens
1547 2167 1670 2202 crebro

282 2234 415 2277 pectori
442 2233 697 2278 adstringebat.
747 2234 854 2279 Cujus
882 2234 980 2269 lidem
1008 2234 1100 2269 Deus
1128 2237 1265 2269 intuens
1292 2233 1405 2279 digito
1431 2234 1490 2268 illo
1510 2234 1670 2278 pr0Jecto

282 2309 384 2332 unum
412 2298 556 2343 digitum
584 2300 696 2332 saneti
724 2300 913 2343 Augustini
939 2305 1006 2335 tam
1035 2300 1244 2334 mirabiliter
1270 2310 1370 2345 quam
1397 2298 1674 2334 misericorditer

283 2364 350 2398 sibi
369 2364 476 2399 dedit.
515 2364 578 2403 Qui
596 2375 670 2398 rum
700 2367 972 2409 &repatriasset
992 2371 1025 2400 et
1042 2367 1148 2400 inulta
1167 2367 1213 2400 ibi
1233 2366 1402 2400 miracula
1422 2365 1554 2408 lierent,
1580 2364 1671 2399 sama

282 2440 393 2474 usque
417 2429 559 2474 Papiam
588 2429 707 2464 delata
733 2434 795 2464 est.
846 2430 915 2465 Sed
944 2442 1015 2465 enm
1045 2432 1244 2476 praedictus
1270 2431 1460 2465 monachus
1485 2433 1671 2471 assereret,

284 2495 374 2539 quod
402 2495 581 2540 eujusdam
608 2497 732 2529 mortui
759 2495 889 2541 digitus
919 2497 976 2532 ille
1005 2502 1121 2541 esset,
1156 2497 1377 2543 sepulchrum
1402 2499 1611 2541 aperuerunt
1638 2500 1672 2529 et

285 2571 383 2593 unum
418 2559 543 2594 det-sse
579 2559 622 2594 de
655 2563 732 2605 ejus
765 2561 888 2608 digitis
925 2565 1138 2598 invenerunt.
1189 2563 1285 2599 Unde
1321 2561 1432 2598 abbas
1467 2571 1503 2594 re
1528 2562 1671 2605 cognita

355 2657 379 2685 1)
399 2657 474 2682 Atii:
502 2668 517 2683 x*
532 2659 780 2686 onerabatur.
885 2661 913 2692 52)
941 2660 991 2688 tid,
1022 2664 1063 2688 l'r.
1092 2670 1138 2696 1¹¹¹
1154 2662 1268 2687 lsnns,
1375 2660 1401 2691 3)
1424 2657 1473 2683 [sd-
1495 2661 1535 2686 Pr.
1557 2668 1592 2683 Μ’
1604 2667 1664 2692 1¹0⁷

284 2703 437 2725 >nu-³¹¹8.
