1742 3005
355 80 454 129 Cap.
487 77 661 117 CXXIII.
719 76 777 114 De
816 82 948 114 sancto
979 74 1266 113 Bai-tholomeo.
1428 73 1510 113 545

118 184 289 232 quosdam
317 185 411 219 vlros
441 182 627 228 ¹)alhatos
650 187 685 218 et
709 182 885 228 fulgentes
912 183 1057 225 invenit,
1083 182 1140 228 qui
1167 181 1213 216 ad
1235 182 1385 217 'invicem
1413 180 1511 227 loqui

117 256 152 286 et
177 250 298 296 aliqua
325 251 418 285 inter
441 260 481 284 se
506 253 660 284 tractare
691 248 911 283 videbantur.
961 248 1026 289 Qui
1054 258 1127 282 cum
1156 247 1380 283 vehementer
1397 246 1510 281 admi-

116 327 218 358 rans,
245 317 382 361 quinam
409 319 547 357 essent,
575 316 849 361 interrogasset,
875 324 964 348 unus
991 324 1108 348 eorum
1137 313 1339 358 respondit:
1367 314 1434 348 iste
1456 316 1510 347 est

114 381 383 417 Bartholomeus
412 381 595 426 apostolus
621 391 696 415 eum
725 381 851 414 ceteris
877 381 1021 421 sanctis,
1050 390 1194 423 quorum
1222 380 1256 412 in
1280 378 1366 412 urbe
1392 378 1509 413 ecele-

115 449 191 483 siae
217 446 459 489 habebantur3
496 447 555 492 qui
595 444 734 479 insimul
760 448 1016 485 convenerunt,
1052 448 1089 477 ut
1116 445 1206 477 inter
1230 454 1268 478 se
1294 445 1509 487 inquirerent

116 517 150 547 et
174 516 378 554 tractarent,
405 512 501 556 quali
528 519 642 555 poena
667 513 761 544 esset
786 509 846 543 ille
871 508 1090 553 plectendus,
1125 510 1183 553 qui
1209 519 1270 542 eos
1297 508 1340 542 de
1366 508 1507 541 habita-

116 579 205 614 culis
231 580 305 613 suis
331 577 446 622 ejecit.
493 574 538 610 Et
556 576 630 620 Jam
658 575 748 608 inter
775 584 836 608 eos
863 573 1061 608 inviolabili
1094 575 1270 608 sententia
1306 577 1359 607 est
1392 572 1508 607 firma·

113 648 207 686 tum,
238 647 275 677 ut
299 642 357 676 ille
385 643 461 676 sine
485 650 582 674 mora
606 639 847 685 adjudicium
880 639 944 674 Dei
978 638 1144 681 accedat,
1179 639 1222 673 de
1257 638 1311 673 his
1348 640 1507 673 omnibus

113 708 302 755 injudicio
329 707 394 742 Dei
422 716 668 752 responsurus.
717 705 802 740 Post
827 706 998 739 modicum
1024 715 1107 739 vero
1142 709 1278 749 tempus
1305 705 1418 738 dictus
1444 705 1508 737 im-

113 778 257 819 perator
283 772 536 808 miserabiliter
554 773 656 805 vitam
672 770 795 807 finivit.
819 791 863 795 —
893 773 938 808 5.
964 771 1114 815 Legitur
1131 772 1163 804 in
1184 770 1332 815 quodam
1352 769 1444 804 libro
1464 769 1506 804 de

112 839 289 874 miraculis
307 843 517 879 sanctorum,
538 837 629 883 quod
649 837 790 882 quidam
813 838 981 882 magister
999 836 1123 870 festum
1143 836 1506 870 sanctiBartliolomei

113 905 207 939 omni
231 914 322 938 anno
349 904 565 938 sollemniter
587 902 811 943 celebrabat,
837 903 892 935 cui
919 901 1137 945 praedicanti
1163 901 1334 946 dyabolus
1362 903 1394 935 in
1421 912 1504 946 spe-

114 971 168 1005 cie
202 969 384 1015 eujusdam
411 969 551 1015 puellae
585 967 767 1002 admodum
796 968 981 1012 speciosae
1008 968 1191 1011 apparuit,
1227 977 1328 1013 quam
1363 968 1504 1012 inJeetis

112 1038 148 1071 in
173 1047 248 1071 eam
273 1036 383 1070 oculis
411 1035 455 1069 ad
480 1034 661 1079 prandium
690 1034 861 1068 invitavit.
911 1032 976 1072 Qui
1013 1032 1091 1066 duni
1124 1034 1158 1066 in
1184 1043 1304 1067 mensa
1328 1035 1503 1068 consiste-

112 1106 209 1144 rent,
249 1101 311 1135 illa
334 1102 368 1134 in
394 1110 545 1135 amorem
571 1110 668 1134 suum
694 1110 770 1133 eum
797 1099 937 1133 multum
963 1098 1107 1132 allicere
1134 1098 1323 1132 nitebatur.
1370 1098 1502 1132 Beatus

111 1167 380 1202 Bartholomeus
417 1167 452 1200 in
486 1167 606 1211 specie
631 1166 811 1211 peregrini
836 1174 920 1209 prae
947 1163 1083 1198 foribus
1116 1164 1215 1198 affuit
1248 1168 1282 1198 et
1314 1168 1351 1198 ut
1383 1174 1502 1199 amore

110 1234 224 1267 saneti
254 1231 497 1267 Bartholomei
533 1231 833 1271 introduceretur,
877 1230 1040 1263 obnixius
1084 1230 1270 1276 flagitavit.
1321 1230 1396 1270 Qua
1428 1229 1502 1263 dis-

110 1300 283 1334 suadente
304 1299 406 1342 panis
425 1298 458 1332 ei
477 1298 636 1338 mittitur,
662 1296 725 1330 sed
747 1296 806 1330 ille
828 1296 918 1329 hunc
935 1296 1099 1340 accipere
1125 1298 1310 1330 recusavit.
1349 1296 1502 1342 Rogavit

107 1368 178 1399 tum
202 1365 406 1410 magistrum
432 1373 496 1407 per
519 1363 695 1403 nuntium,
722 1365 759 1395 ut
783 1361 852 1395 sibi
877 1360 1028 1402 diceret,
1056 1361 1137 1406 quid
1165 1363 1276 1406 magis
1301 1363 1335 1395 in
1359 1361 1499 1396 homine

109 1430 287 1473 proprium
314 1438 395 1463 esse
422 1429 590 1471 putaret?
638 1427 701 1461 Cui
728 1437 829 1472 quum
856 1426 915 1460 ille
940 1426 1090 1461 diceret:
1115 1427 1271 1468 risibile,
1297 1427 1415 1471 puella
1440 1438 1498 1462 re-

109 1492 270 1538 spoudit:
298 1494 398 1526 immo
424 1496 625 1537 peccatum,
652 1503 725 1527 cnm
753 1504 819 1538 quo
846 1491 948 1525 homo
975 1493 1183 1536 concipitur,
1211 1494 1367 1526 nascitur
1392 1497 1499 1538 atque

106 1560 202 1593 vivit.
250 1558 314 1592 Cui
348 1557 617 1592 Bartholorneus
652 1558 852 1602 respondit,
895 1556 987 1602 quod
1026 1556 1086 1591 ille
1123 1557 1212 1591 bene
1249 1558 1375 1592 intulit.
1426 1560 1498 1594 Sed

108 1625 233 1659 mulier
264 1622 472 1668 profundius
511 1624 703 1669 indagavit.
753 1622 912 1657 Secundo
949 1622 1064 1656 dictus
1090 1624 1299 1668 peregrinus
1325 1626 1496 1670 magistro

108 1691 225 1731 misit,
261 1692 299 1722 ut
323 1688 392 1722 sibi
416 1688 564 1731 diceret,
599 1690 676 1734 quis
710 1689 810 1723 loeus
847 1690 948 1723 unius
980 1688 1081 1732 pedis
1107 1693 1222 1730 esset,
1255 1689 1315 1723 ubi
1342 1690 1435 1724 Deus
1462 1692 1497 1724 in

105 1760 202 1790 terra
234 1756 370 1800 maj0ra
402 1754 573 1788 miracula
608 1754 851 1789 ostendisset?
906 1753 968 1788 Cui
1002 1764 1076 1787 cum
1109 1754 1169 1788 ille
1206 1754 1358 1789 diceret:
1397 1755 1496 1790 loeus

108 1823 244 1863 crucis,
279 1822 314 1854 in
345 1829 413 1864 quo
444 1818 538 1854 Deus
571 1820 748 1854 mirabilia
773 1824 939 1865 operatus
969 1824 1041 1861 est,
1084 1819 1145 1854 illa
1178 1821 1245 1854 ait:
1289 1822 1356 1855 imo
1393 1826 1498 1866 caput

106 1885 268 1928 hominis,
294 1887 330 1920 in
349 1896 417 1930 quo
436 1886 536 1930 quasi
553 1886 664 1919 minor
684 1885 830 1919 mundus
857 1887 986 1920 existit.
1034 1885 1266 1931 Utrorurnque
1291 1888 1496 1922 sententiam

105 1951 288 1995 apostolus
322 1950 544 1995 approbavit.
593 1950 717 1985 Tertio
753 1952 943 1996 inquisivit,
982 1955 1113 1996 quanta
1149 1950 1316 1986 distantia
1348 1957 1444 1987 esset
1477 1963 1499 1987 a

107 2025 238 2049 summo
273 2015 364 2049 eoeli
396 2025 508 2059 usque
542 2014 587 2049 ad
614 2015 823 2059 profundum
857 2016 1011 2050 inferni?
1060 2016 1123 2050 Cui
1157 2026 1231 2050 cum
1265 2019 1436 2062 magister
1458 2028 1497 2052 se

106 2081 242 2115 nescire
269 2079 420 2121 diceret,
454 2079 516 2112 illa
540 2080 608 2113 ait:
645 2080 749 2114 modo
774 2080 899 2122 video,
933 2081 1027 2125 quod
1063 2082 1299 2124 praeeipitem
1331 2081 1395 2114 sed
1429 2092 1497 2127 ego

105 2144 173 2179 hoc
197 2145 299 2186 novi,
324 2146 408 2190 quia
433 2143 476 2178 de
502 2144 615 2179 altero
642 2145 687 2179 ad
712 2145 856 2180 alterum
891 2145 1028 2187 decidi,
1062 2150 1096 2179 et
1121 2149 1280 2189 oportet,
1313 2145 1405 2191 quod
1431 2146 1498 2181 hoc

104 2209 171 2244 tibi
196 2209 391 2245 ostendam.
441 2209 542 2244 Tunc
579 2210 750 2255 dyabolus
788 2221 863 2245 cunt
896 2220 1024 2256 magno
1051 2210 1184 2254 ejulatu
1211 2219 1250 2244 sc
1274 2211 1308 2243 in
1334 2211 1498 2256 abyssum

104 2276 373 2319 praecipitavit,
413 2279 448 2310 et
481 2274 560 2310 dum
588 2280 798 2321 quaererent
829 2277 1072 2321 peregrinum,
1110 2277 1247 2310 minime
1280 2277 1495 2311 invenerunt.

105 2339 226 2374 Simile
245 2338 319 2374 fere
338 2339 470 2384 legitur
488 2340 530 2375 de
541 2340 867 2377 beatoAndrea.——-
891 2345 939 2379 6.
954 2341 1084 2376 Beatus
1103 2345 1217 2375 autem
1235 2341 1443 2375 Ambrosius
1463 2343 1497 2375 in

103 2402 344 2448 praefatione,
371 2413 474 2448 quam
501 2404 586 2439 facit
606 2405 649 2441 de
670 2406 731 2440 illo
753 2406 939 2451 apostolo,
965 2408 1042 2451 ejus
1070 2405 1254 2451 legendam
1283 2406 1496 2441 abbrevians

103 2468 154 2503 ita
178 2467 284 2502 dicit:
313 2468 348 2512 ²)
361 2467 569 2512 discipulis,
596 2470 747 2513 Christe,
775 2473 844 2506 tuis
871 2472 975 2506 unica
1001 2470 1184 2504 divinitate
1209 2470 1497 2514 praedicantibus

102 2533 292 2568 trinitatem
311 2536 404 2567 tuam
423 2533 561 2576 mundo,
587 2534 797 2570 mirabiliter
820 2536 985 2581 dignatus
1003 2546 1040 2571 es
1056 2534 1244 2570 ostendere
1263 2536 1497 2580 maJestatem.

170 2632 199 2664 1)
225 2631 278 2659 Ed.
304 2635 349 2658 Pr.
376 2632 543 2660 abbates
570 2641 727 2667 perperam
753 2632 833 2665 legit.
937 2633 967 2665 2)
993 2631 1045 2659 Ed.
1079 2635 1123 2661 Pr.
1158 2632 1235 2659 :nale
1268 2631 1495 2668 discipulus

104 2673 253 2702 christi
270 2675 328 2702 tui
359 2675 441 2709 legit.

1169 2731 1212 2765 85
