1742 3005
387 90 484 139 Cap.
517 89 688 126 CXXIV.
746 89 804 125 De
835 95 963 125 saneto
994 88 1221 139 Augustino.
1414 89 1495 130 559

111 194 179 230 sibi
211 195 385 240 lacrymae
419 196 496 240 eJus
521 204 631 240 panes
660 194 715 230 die
740 203 780 228 ac
805 198 924 235 nocte,
960 204 1033 229 eum
1062 193 1153 228 alios
1183 194 1319 231 videret
1343 198 1492 235 occisos,

110 261 201 295 alios
248 260 445 306 effugatos,
491 260 661 295 ecclesias
703 259 948 294 sacerdotibus
991 259 1172 302 viduatas,
1216 262 1379 296 civitates
1420 272 1494 296 cum

110 326 240 360 accolis
268 325 470 371 dissipatas.
518 325 613 360 Inter
644 330 695 360 tot
728 331 840 359 tamen
878 325 968 359 maia
1001 325 1179 370 eujusdam
1215 327 1385 370 sapientis
1413 337 1493 361 sen—

109 393 220 426 tentia
246 402 286 426 se
321 390 571 425 consolabatur
603 391 770 425 dicentis:
805 401 871 424 non
899 392 965 424 erit
989 399 1135 435 magnus
1170 401 1329 435 magnum
1356 397 1493 435 putans.

109 456 204 502 quod
234 456 361 490 cadunt
394 456 492 501 ligna
530 456 581 490 vel
616 455 753 499 lapides
781 458 814 488 et
839 455 1032 487 moriuntur
1057 455 1233 488 mortales
1285 456 1494 492 Convocatis

107 526 221 556 autem
247 520 416 555 fratribus
444 520 532 553 dixit
558 521 621 552 iis:
649 529 728 553 eece
754 520 877 563 rogavi
907 519 1099 561 dominum,
1135 523 1172 552 nt
1197 524 1257 553 aut
1280 530 1344 553 nos
1372 520 1415 554 ab
1438 521 1493 554 his

108 586 271 632 periculis
296 592 395 619 eruat
419 586 483 618 aut
507 585 709 628 patientiam
735 584 867 617 tribuat
891 588 950 617 aut
975 595 1026 618 me
1053 584 1094 618 de
1120 583 1186 618 liae
1212 586 1283 618 vita
1308 586 1492 630 suscipiat,

107 664 149 688 ne
173 656 225 686 tot
249 651 465 685 calamitates
491 648 612 683 videre
640 648 843 693 compellar.
891 647 933 682 Et
960 659 1041 683 ecee
1066 651 1217 691 tertium,
1246 650 1336 695 quod
1358 652 1492 694 petivit.

106 717 277 759 obtinuit,
313 719 347 750 et
378 715 483 749 tertio
522 713 720 748 obsidionis
754 725 873 749 mense
907 714 1064 748 febribus
1098 714 1266 749 laborans
1304 716 1395 750 lecto
1430 716 1492 750 de-

106 781 235 816 eubuit.
293 780 499 826 Intelligens
545 783 659 813 autem
701 779 966 814 dissolutionem
1013 781 1066 813 sui
1103 782 1262 824 corporis
1301 782 1491 816 imminere.

104 847 164 883 Vll
190 847 343 892 psalmos
369 845 640 890 poenitentiales
667 844 735 879 sibi
760 845 865 878 scribi
895 844 988 885 serit,
1014 846 1182 889 ipsosque
1207 847 1240 878 in
1267 846 1346 879 loco
1373 851 1494 880 contra

105 914 273 958 parietem
298 912 435 956 positos
468 910 559 945 lecto
592 910 770 944 decubans
805 909 948 954 legebat
984 913 1017 943 et
1043 909 1189 943 ubertim
1217 920 1258 944 ae
1278 912 1414 956 jugiter
1438 912 1490 945 la-

104 988 238 1023 crymas
266 976 444 1018 fundebat,
473 980 507 1009 et
531 980 567 1009 ut
591 976 664 1010 Deo
692 978 831 1008 vacaret
858 974 1002 1008 liberius
1032 978 1065 1009 et
1087 976 1162 1019 ejus
1190 977 1335 1010 intentio
1358 987 1377 1011 a
1397 978 1491 1012 nullo

105 1043 265 1088 impediri
294 1045 427 1086 posset,
454 1045 533 1075 ante
558 1041 590 1074 X
615 1040 690 1074 dies
716 1042 767 1074 sui
795 1042 908 1073 exitus
935 1040 1061 1074 nultum
1089 1041 1132 1074 ad
1160 1051 1197 1075 se
1224 1043 1360 1086 ingredi
1387 1053 1490 1087 prae>

103 1111 207 1154 oepit,
232 1109 300 1142 nisi
318 1107 372 1141 vel
390 1116 463 1140 cum
488 1106 690 1149 ¹)medieus
713 1106 957 1151 ingrederetur
978 1106 1030 1140 vel
1053 1117 1126 1139 eum
1154 1108 1222 1142 sibi
1244 1107 1388 1141 refectio
1411 1119 1491 1152 por-

103 1178 250 1209 taretur.
299 1170 445 1212 Quidam
474 1176 587 1206 autem
614 1182 724 1217 aeger
748 1171 791 1205 ad
819 1182 892 1205 eum
920 1172 1012 1204 venit
1046 1175 1079 1205 et
1113 1176 1150 1205 ut
1175 1171 1243 1205 sibi
1269 1183 1403 1207 manum
1430 1176 1492 1208 im-

104 1242 250 1285 poneret
282 1242 316 1272 et
347 1237 390 1271 ab
433 1236 632 1271 infirmitate
667 1242 823 1277 curaret,
868 1239 980 1281 ipsum
1021 1238 1193 1271 instanter
1222 1240 1371 1283 rogavit.
1429 1240 1489 1274 Cui

103 1306 322 1351 Augustinus
358 1302 560 1347 respondit:
594 1302 675 1347 quid
705 1307 757 1336 est
780 1302 868 1344 hoc,
907 1302 976 1344 lili,
1012 1302 1104 1347 qnod
1137 1303 1324 1347 loqueris?
1372 1305 1490 1344 Putas.

106 1371 212 1417 quod,
238 1371 268 1404 si
294 1369 364 1403 tale
390 1367 474 1413 quid
502 1367 617 1402 faeere
644 1378 805 1411 possem,
841 1367 921 1401 mihi
950 1368 1015 1401 hoe
1040 1370 1149 1412 ipsum
1175 1379 1243 1402 non
1270 1370 1492 1406 conferrem?

105 1436 167 1470 lile
193 1440 307 1470 autem
332 1432 486 1467 instabat
511 1442 674 1466 asserens
700 1432 767 1465 sibi
793 1434 826 1466 in
853 1434 986 1467 visione
1014 1438 1237 1477 praeceptum
1267 1445 1358 1476 esse,
1387 1440 1423 1470 ut
1449 1438 1490 1471 ad

107 1512 182 1536 eum
218 1498 403 1534 accederet
436 1502 470 1532 et
502 1499 686 1531 sanitatem
723 1499 908 1541 reciperet.
958 1498 1088 1533 Videns
1132 1503 1244 1532 antem
1283 1499 1381 1534 iidem
1416 1504 1492 1547 ejus

106 1577 170 1612 pro
195 1567 273 1610 ipso
300 1565 415 1598 oravit
440 1568 473 1598 et
498 1564 682 1597 sanitatem
709 1564 852 1606 recepit.
900 1561 1164 1607 Energumenos
1200 1564 1325 1597 multos
1360 1569 1494 1600 curarit

108 1637 142 1668 et
164 1631 266 1677 plura
290 1631 361 1664 alia
385 1628 552 1663 miracula
577 1628 671 1662 fecit.
718 1626 754 1661 In
781 1627 870 1661 libro
900 1627 1011 1665 XXII.
1040 1628 1082 1662 de
1107 1630 1170 1662 civ.
1197 1629 1260 1663 Dei
1296 1629 1362 1664 duo
1388 1632 1493 1666 mira-

105 1698 184 1732 cula
211 1696 254 1731 de
281 1707 320 1731 se
343 1699 517 1740 tamquam
544 1693 586 1728 de
620 1693 768 1738 quodam
804 1693 873 1727 alio
910 1694 1019 1728 refert
1053 1693 1191 1728 dicens:
1228 1694 1492 1739 Hyppouensem

106 1762 276 1810 quandam
305 1762 475 1806 virginem
501 1760 595 1801 seio,
623 1767 712 1803 quae
739 1768 811 1792 cum
845 1769 882 1792 se
911 1759 989 1793 oleo
1026 1760 1267 1803 perunxisset,
1308 1761 1402 1804 2)(ἰιί
1430 1773 1492 1806 pro

106 1829 168 1864 illa
201 1836 307 1861 orans
340 1824 524 1871 presbyter
554 1825 724 1868 lacrymas
762 1833 843 1857 suas
871 1824 1124 1866 instillaverat,
1158 1835 1236 1858 mox
1271 1835 1290 1859 a
1327 1826 1494 1863 daemone

107 1893 217 1928 fuisse
241 1895 412 1926 sanatam.
460 1890 496 1924 ln
522 1889 643 1924 eodem
671 1891 773 1925 etiam
801 1890 891 1923 libro
919 1890 972 1923 sic
1003 1891 1070 1924 ait:
1105 1891 1179 1923 seio
1215 1892 1318 1925 etiam
1354 1894 1495 1937 episeo-

105 1968 185 2002 pum
211 1957 319 1991 semel
343 1966 406 2000 pro
432 1955 677 1997 adolescente,
707 1966 806 2000 quem
831 1966 900 1988 non
927 1954 1031 1996 vidit,
1058 1965 1181 1990 orasse
1208 1956 1374 2002 illumque
1399 1958 1495 1992 illico

108 2021 291 2056 daemonio
319 2021 491 2055 caruisse.
538 2019 674 2067 Nullum
701 2024 813 2054 autem
840 2019 979 2053 dubium
1010 2019 1159 2062 videtur,
1183 2021 1263 2065 quin
1285 2021 1327 2055 de
1353 2032 1392 2056 se
1417 2024 1496 2066 ipso

106 2086 289 2131 loquatur,
314 2084 378 2120 sed
406 2083 611 2118 humilitatis
637 2094 745 2118 causa
771 2095 809 2120 se
827 2086 938 2128 ipsum
956 2083 1269 2118 noluitnominare.
1318 2084 1353 2118 In
1374 2085 1495 2121 eodem

109 2161 247 2197 quoque
271 2150 363 2184 libro
390 2149 433 2184 de
457 2150 522 2183 civ.
547 2148 612 2183 Dei
636 2150 688 2183 sie
713 2150 782 2191 ait,
808 2149 912 2193 quod,
940 2157 1015 2181 eum
1044 2147 1184 2193 quidam
1210 2147 1363 2183 infirmus
1392 2150 1496 2184 incidi

108 2215 254 2250 deberet
289 2219 323 2249 et
356 2214 398 2249 de
432 2214 509 2259 ejus
542 2218 653 2248 morte
689 2214 732 2247 ob
766 2215 969 2248 incisionem
1003 2214 1185 2258 plurimum
1218 2215 1418 2257 timeretur,
1464 2219 1498 2250 et

109 2279 264 2314 infirmus
287 2280 404 2314 multis
429 2279 591 2324 lacrymis
617 2279 722 2313 Deum
750 2283 924 2320 exoraret,
950 2289 1024 2313 cum
1051 2290 1092 2314 eo
1120 2283 1154 2314 et
1178 2290 1241 2324 pro
1267 2290 1308 2314 eo
1329 2281 1499 2326 Augusti-

109 2354 174 2378 nus
204 2346 319 2379 0ravit
351 2349 385 2379 et
419 2345 494 2379 sine
529 2345 698 2378 incisione
741 2334 860 2389 aliqua
904 2346 1076 2390 integram
1121 2347 1307 2379 sanitatem
1354 2347 1498 2390 recepit.

109 2409 268 2454 Denique
295 2409 331 2451 ³)
343 2408 574 2443 dissolutione
600 2410 760 2453 eorporis
786 2410 1091 2454 appropinquante
1115 2408 1183 2442 hoc
1207 2410 1408 2443 memoriale
1433 2410 1498 2444 do-

111 2476 203 2517 cuit,
237 2473 367 2508 nullum
407 2472 571 2507 videlicet
601 2473 774 2507 hominem
806 2477 1107 2518 quantumcunque
1138 2473 1344 2508 excellentis
1386 2476 1497 2510 meriti

111 2541 188 2574 sine
207 2538 430 2574 consessione
453 2542 488 2572 et
509 2537 722 2572 eucharistia
739 2537 869 2572 debere
891 2539 1053 2572 transire.
1101 2538 1154 2572 Ad
1177 2542 1363 2573 extremam
1383 2544 1497 2574 antem

111 2603 231 2638 horam
253 2604 396 2638 veniens
421 2601 583 2637 membris
608 2601 767 2636 omnihus
795 2603 850 2636 sni
877 2603 1037 2647 corporis
1062 2603 1243 2638 incolumis
1268 2605 1405 2650 integro
1432 2604 1496 2639 ad-

176 2681 325 2714 1)E‹1.1‘r.
342 2681 498 2709 medico.
535 2681 564 2713 2)
582 2680 721 2711 Vulgo:
741 2689 828 2707 cuni.
866 2681 894 2713 3)
909 2679 961 2708 Ed.
976 2683 1018 2706 I‘r.
1030 2679 1326 2707 utiturnominativis
1336 2680 1495 2708 absolutis.
