1742 3005
308 86 403 136 Cap.
434 84 638 123 LXXXIX.
696 85 755 124 De
795 91 924 122 sancto
954 69 1068 123 Petro
1100 85 1289 136 apostolo.
1411 84 1492 124 369

105 192 357 235 interpretatur
382 194 487 236 caput
511 191 565 226 vel
593 196 693 237 petra
714 191 769 227 vel
794 193 980 236 increpans
1005 201 1086 225 ore:
1113 193 1219 235 caput
1243 192 1379 226 ratione
1396 192 1491 236 prin-

107 257 244 302 cipatus
263 257 297 290 in
316 256 547 301 praelatione,
576 262 678 302 petra
694 259 831 292 ratione
848 257 1019 292 firmitatis
1043 257 1079 290 in
1101 258 1278 301 passione,
1304 258 1492 302 increpans

106 332 168 356 ore
188 323 324 356 ratione
345 324 564 357 constantiae
586 324 620 357 in
640 321 916 368 praedicatione.
971 321 1093 356 Tertio
1118 327 1262 356 vocatus
1284 327 1338 358 est
1356 322 1492 364 Petrus,

107 387 200 432 quod
235 388 486 432 interpretatur
511 397 710 433 agnoscens
743 387 795 422 vel
822 387 1032 420 discalcians
1066 388 1120 421 vel
1150 387 1370 430 dissolvens,
1412 389 1494 434 quia

107 451 239 487 Christi
255 452 467 487 divinitatem
485 455 641 498 agnovit,
661 463 735 486 cum
756 452 863 485 dixit:
886 456 923 484 tu
938 461 975 485 es
992 451 1152 485 Christus
1167 452 1257 486 tilius
1273 453 1337 487 Dei
1361 456 1441 495 vivi,
1461 460 1496 490 et

106 516 215 561 pedes
230 517 414 552 affectuum
429 528 568 552 suorum
590 518 633 550 ab
652 518 745 550 omni
764 527 872 560 opere
891 518 1026 550 mortuo
1049 521 1083 551 et
1101 521 1241 551 terreno
1261 517 1494 559 discalciavit‚

107 592 182 616 cum
201 582 305 616 dixit:
324 592 405 617 ecce
416 592 480 616 nos
498 582 698 626 reliquimus
718 583 834 615 omnia
853 586 933 622 etc„
953 586 986 616 et
1001 582 1138 615 vincula
1157 588 1375 626 peccatorum
1392 594 1412 617 a
1430 595 1473 617 no

105 648 161 683 bis
182 647 344 681 dissolvit
362 651 396 681 et
413 646 481 681 hoc
501 657 562 691 per
578 647 709 688 claves,
735 657 822 692 quas
841 657 861 681 a
882 647 1020 681 domino
1042 649 1188 692 accepit.
1226 648 1355 683 Habuit
1381 654 1494 684 autem

104 712 233 757 triplex
257 722 463 758 cognomen,
490 712 602 768 dic'tus
630 717 683 746 est
709 715 797 747 enim
820 714 946 757 SJmon
968 712 1141 755 Johanna‚
1169 714 1261 758 quod
1286 717 1496 759 interpreta-

104 782 161 812 tur
179 777 308 812 domini
323 777 567 822 pulchritudo;
594 778 747 812 secundo
765 778 892 823 Symon
913 778 1097 819 Johannis,
1113 779 1206 824 quod
1230 780 1496 824 interpretatur:

105 845 162 878 cui
187 843 351 878 donatum
377 849 451 886 est;
476 845 581 878 tertio
607 843 733 888 Symon
752 843 916 885 Bariona,
943 844 1034 888 quod
1061 845 1311 888 interpretatur
1329 844 1418 878 filius
1434 856 1493 879 co-

102 909 264 954 lumbae,
289 920 353 954 per
376 908 470 954 quod
496 909 598 943 datur
622 909 793 954 intelligi,
834 908 927 954 quod
954 910 1030 952 ipse
1056 908 1179 943 habuit
1203 908 1495 953 pulchritudinem

105 987 257 1018 morum,
298 975 390 1009 dona
421 976 603 1016 virtutum,
651 974 897 1008 abundantiam
933 974 1182 1019 lacrynarum,
1221 976 1302 1020 quia
1336 975 1497 1010 columba

106 1041 215 1076 habet
247 1042 411 1087 gemitum
438 1050 501 1084 pro
536 1043 649 1074 cantu.
696 1038 792 1073 Istud
818 1045 932 1074 autem
958 1050 1080 1074 nomen
1104 1039 1227 1074 Petrus
1253 1040 1358 1076 Jesus
1385 1042 1495 1085 primo

107 1107 178 1141 sibi
212 1105 454 1151 imponendum
487 1107 646 1151 permisit
673 1110 706 1140 et
734 1105 823 1139 dixit
845 1105 925 1140 Joh.
954 1105 987 1139 1:
1024 1110 1062 1139 tu
1096 1105 1280 1140 vocaberis
1321 1106 1495 1150 Canibus,

107 1171 203 1218 quod
226 1173 477 1217 interpretatur
502 1171 648 1213 Petrus3
682 1171 836 1205 secundo
864 1172 1072 1215 promissum
1099 1173 1284 1215 imposuit,
1322 1173 1414 1206 sicut
1443 1172 1496 1205 di-

107 1239 200 1272 citur
221 1237 335 1274 Marc.
359 1236 423 1272 III:
449 1242 483 1272 et
504 1238 668 1282 imposuit
689 1237 829 1282 Symoni
850 1247 974 1271 nomen
996 1235 1140 1277 Petrus3
1166 1238 1271 1271 tertio
1298 1238 1497 1282 impositum

108 1302 343 1345 confirmavit,
379 1313 455 1338 cnm
487 1302 576 1336 dixit
607 1302 733 1338 Matth.
766 1301 865 1336 XVI:
907 1306 942 1337 et
966 1312 1034 1347 ego
1062 1301 1139 1336 dico
1166 1303 1252 1343 tibi,
1290 1305 1372 1348 quia
1396 1309 1433 1338 tu
1459 1314 1496 1339 es

106 1368 231 1404 Petrus
256 1374 291 1404 et
316 1379 423 1413 super
446 1367 537 1402 lianc
563 1373 698 1412 petram
718 1372 784 1403 etc.
832 1366 918 1413 Ejus
940 1368 1131 1402 martirium
1152 1367 1361 1411 Marcellus,
1386 1369 1496 1404 Linus

107 1444 213 1480 papa,
238 1433 462 1480 Hegesippus
488 1437 523 1468 et
545 1432 739 1482 Leo-papa
762 1435 989 1478 scripserunt.

197 1504 241 1538 1.
265 1499 389 1534 Petrus
415 1499 597 1544 apostolus
622 1501 714 1534 inter
738 1504 898 1534 caeteros
926 1504 960 1535 et
992 1510 1100 1545 super
1121 1504 1284 1536 caeteros
1314 1501 1496 1545 apostolos

107 1566 252 1612 maj0ris
270 1565 422 1601 fervoris
444 1567 590 1608 exstitit,
609 1576 685 1600 nam
706 1570 740 1601 et
755 1567 846 1601 scire
867 1565 996 1599 domini
1017 1566 1232 1610 proditorem
1253 1566 1374 1607 voluit,
1403 1569 1496 1612 quia,

105 1636 145 1666 ut
170 1631 254 1666 dicit
277 1631 517 1677 Augustinus,
545 1633 577 1666 si
604 1642 679 1666 eum
706 1632 888 1672 scivisset,
927 1631 1091 1666 dentibus
1116 1631 1368 1676 discerpsisset
1395 1637 1429 1667 et
1453 1634 1497 1667 ob

106 1697 176 1732 hoc
200 1697 359 1732 dominus
383 1697 599 1743 proditorem
624 1708 721 1731 suum
748 1699 929 1731 nominare
954 1696 1108 1738 nolebat,
1139 1699 1233 1742 quia,
1260 1701 1297 1731 ut
1321 1699 1370 1731 ait
1389 1697 1499 1742 Chry-

107 1767 305 1814 sostomus,
341 1764 373 1797 si
396 1764 508 1809 ipsum
533 1762 767 1805 nominasset,
802 1762 926 1797 Petrus
956 1765 1119 1797 continuo
1145 1764 1361 1798 surrexisset
1385 1767 1419 1796 et
1443 1764 1498 1808 ip-

107 1839 182 1863 sum
205 1829 364 1874 protinus
388 1828 615 1863 trucidasset.
660 1828 724 1863 Hic
750 1839 858 1874 super
881 1839 977 1864 mare
1011 1829 1056 1863 ad
1089 1829 1262 1863 dominum
1297 1828 1498 1870 ambulavit,

108 1895 145 1929 in
161 1893 290 1928 domini
307 1893 618 1941 transfiguratione
635 1899 669 1930 et
691 1895 830 1940 puellae
845 1896 1077 1931 suscitatione
1091 1905 1111 1929 a
1123 1895 1261 1929 domino
1274 1894 1407 1929 electus
1422 1894 1499 1935 suit,

109 1963 275 1994 staterem
310 1961 345 1994 in
375 1970 437 1994 ore
468 1962 576 2005 piscis
603 1962 765 2012 invenit,
803 1960 921 1996 claves
955 1961 1056 2007 regni
1097 1960 1272 1995 caelorum
1294 1970 1330 2000 ,a
1356 1959 1497 1994 domino

109 2026 264 2070 accepit,
300 2024 499 2069 pascendas
532 2036 617 2060 oves
645 2036 667 2060 a
693 2025 834 2060 Christo
866 2028 1041 2070 suscepit,
1074 2028 1144 2060 tria
1178 2026 1289 2060 millia
1323 2025 1499 2058 hominum

110 2092 146 2125 in
170 2094 377 2136 pentecoste
404 2099 470 2124 sua
492 2090 757 2134 praedicatione
782 2093 964 2132 convertit,
992 2090 1150 2125 Ananiae
1170 2095 1203 2124 et
1217 2090 1390 2134 Sapliirae
1406 2099 1498 2122 mor-

109 2160 177 2191 tem
206 2155 403 2201 praedixit,
434 2155 591 2190 Aeneam
625 2155 846 2200 paraliticum
881 2157 1032 2197 curavit,
1070 2155 1267 2189 Cornelium
1292 2154 1500 2199 baptizavit,

111 2221 278 2256 Tabitam
303 2222 498 2263 suscitavit,
524 2221 647 2255 umbra
670 2223 724 2255 sui
749 2222 909 2266 corporis
934 2219 1088 2254 infirmos
1115 2221 1265 2262 sanavit,
1293 2219 1336 2254 ab
1361 2219 1499 2254 Herode

111 2288 372 2329 incarceratur,
408 2286 472 2321 sed
505 2286 549 2321 ab
583 2286 710 2333 angelo
747 2287 929 2322 liberatur.
979 2286 1100 2326 Qualis
1141 2290 1255 2320 autem
1290 2286 1366 2330 ejus
1399 2284 1498 2318 cibus

112 2352 169 2388 vel
193 2351 425 2386 indumentum
449 2351 576 2394 fuerit,
600 2345 774 2397 ipse'hoc
797 2354 833 2386 in
857 2352 949 2387 libro
977 2352 1164 2387 Clementis
1190 2355 1357 2385 testatur:
1382 2350 1499 2393 panis,

111 2418 244 2463 inquit,
271 2416 368 2451 solus
395 2420 449 2452 est
471 2417 556 2451 mihi
580 2427 655 2451 cum
683 2418 786 2452 olivis
815 2423 850 2452 ct
876 2428 957 2452 raro
983 2428 1057 2451 cum
1087 2416 1243 2451 oleribus
1270 2416 1305 2448 in
1330 2425 1394 2448 usu
1424 2418 1499 2455 est;

112 2483 347 2519 indumentum
374 2486 488 2516 autem
512 2481 579 2516 hoc
602 2487 658 2516 est
681 2483 777 2525 mihi,
806 2483 899 2528 quod
926 2482 1025 2517 vides
1040 2509 1048 2524 ,
1073 2482 1192 2515 tunica
1219 2490 1293 2514 cum
1318 2479 1442 2525 pallio,
1466 2483 1500 2514 et

113 2548 181 2584 hoc
204 2547 340 2583 habens
364 2547 453 2582 nihil
479 2547 574 2582 aliud
602 2549 756 2593 requiro.
803 2547 929 2582 Fertur
952 2557 1102 2593 quoque,
1130 2547 1213 2591 quia
1239 2546 1274 2580 in
1302 2547 1381 2580 sinu
1408 2555 1500 2580 sem-

113 2624 180 2660 per
203 2613 380 2649 sudarium
408 2612 584 2658 portabat,
613 2624 681 2658 quo
707 2613 831 2648 crebro
850 2613 998 2647 fluentes
1016 2612 1189 2657 lacrymas
1204 2610 1378 2657 tergebat,
1404 2611 1499 2656 quia,

116 2679 254 2724 quando
281 2679 392 2715 dulcis
418 2678 643 2713 allocutionis
671 2682 705 2713 et
730 2679 954 2724 praesentiae
978 2677 1041 2714 Dei
1066 2688 1196 2713 memor
1220 2681 1307 2718 erat,
1333 2686 1419 2721 prae
1445 2676 1499 2709 ni-

1127 2743 1172 2777 24
