1742 3005
197 122 291 172 Cap.
325 121 459 159 CLix.
520 121 578 159 De
610 122 746 159 sanctis
775 122 943 171 Syrnone
975 128 1012 159 et
1040 121 1139 158 Juda
1173 121 1367 172 apostolis·
1428 120 1507 158 705

124 225 201 260 dam
228 228 348 268 nocte,
384 225 460 261 dum
494 227 604 263 abbas
637 229 746 272 ipsius
779 228 980 262 monasterii
1012 237 1085 261 011111
1112 236 1175 261 suo
1202 230 1371 262 conventu
1397 230 1508 260 inatu-

117 293 211 326 tinas
243 296 423 333 cantaret,
457 294 555 339 virgo
588 294 649 327 illa
685 293 916 337 corporaliter
950 293 1100 337 desuper
1136 292 1239 326 altari
1266 291 1446 327 descendit
1472 295 1507 327 et

119 360 199 392 ante
225 357 336 392 aliare
372 364 574 394 reverenter
606 370 643 394 se
680 359 852 392 inclinans
878 369 941 403 per
964 358 1110 391 medium
1136 357 1278 391 chorum
1308 357 1504 392 videntibus

115 423 294 457 monachis
334 428 367 458 et
400 425 620 468 stupentibus
660 424 738 458 inde
772 425 931 457 recessit.
979 422 1101 456 Abbas
1134 423 1242 467 igitur
1279 422 1323 456 ad
1362 433 1503 468 capsam

116 498 257 523 currens
294 494 328 523 et
368 499 507 523 vacuam
541 491 650 534 ipsam
687 489 866 522 inveniens
894 487 1073 522 Coloniam
1100 488 1304 531 properavit
1333 492 1366 521 et
1391 488 1503 522 abba-

114 555 225 589 tissae
252 556 303 589 rei
341 554 496 588 ordinem
532 554 721 594 intimavit,
756 556 1015 598 pergentesque
1051 552 1095 586 ad
1127 552 1261 594 10011111,
1292 551 1383 587 1111110
1417 552 1501 586 illud

113 629 240 663 corpus
276 622 490 658 sumserant,
539 618 625 652 iilud
662 617 790 652 ibidem
825 619 1039 652 invenerunt.
1091 618 1171 652 Cum
1214 616 1325 651 abbas
1367 620 1500 653 veniam

115 688 238 728 petens
265 683 350 718 illud
376 683 430 718 vel
455 683 549 718 aliud
576 688 729 728 peteret,
765 685 960 718 certissime
988 685 1215 728 promittens,
1252 693 1391 728 capsam
1421 695 1500 728 pre-

115 750 240 783 tiosam
271 750 373 783 citius
403 759 442 784 se
469 749 658 791 facturum,
691 749 890 783 nullatenus
918 750 1125 793 impetravit.
1152 770 1193 774 —
1220 770 1262 773 —
1289 770 1332 773 —
1356 753 1404 787 3.
1431 750 1500 785 Re-

112 815 262 859 ligiosus
295 814 456 860 quidam,
495 825 569 849 011111
610 814 674 847 iias
715 815 870 859 virgines
910 815 943 847 in
979 813 1166 848 devotione
1201 814 1308 849 multa
1338 815 1499 859 liaberet,

116 880 303 926 ¹)quadam
352 880 429 923 die,
472 881 550 914 dum
596 881 754 926 graviter
787 878 1036 921 infirmaretur,
1081 879 1167 913 vidit
1207 880 1381 924 quandam
1427 883 1498 915 vir-

111 947 226 991 ginem
265 945 534 991 pulcherrimam
582 946 650 980 sibi
700 950 925 989 apparentem
968 949 1020 986 et,
1078 946 1107 977 si
1166 954 1203 979 se
1254 951 1499 991 cognosceret,

111 1012 351 1056 inquirentem.
401 1011 465 1051 Qui
501 1021 574 1045 011111
613 1011 656 1045 ad
693 1012 768 1055 ejus
806 1012 973 1045 visionem
1012 1011 1198 1044 miraretur
1229 1014 1262 1045 et
1295 1021 1333 1046 se
1364 1022 1499 1057 nequa-

112 1087 211 1122 qnam
257 1078 366 1121 ipsam
407 1086 624 1122 cognoscere
668 1076 858 1118 fateretur,
900 1077 962 1110 illa
994 1078 1062 1110 ait:
1097 1087 1164 1122 ego
1196 1087 1269 1111 sum
1295 1087 1363 1111 una
1390 1079 1499 1123 virgi-

109 1152 208 1184 num,
249 1152 336 1187 erga
369 1152 456 1187 quas
493 1146 622 1176 tantum
656 1142 768 1176 habes
808 1141 1005 1176 devotionis
1043 1141 1223 1184 affectum,
1264 1147 1298 1176 et
1339 1147 1376 1176 ut
1417 1143 1497 1177 inde

109 1207 301 1242 mercedem
327 1208 503 1252 accipias,
537 1209 566 1241 si
592 1217 709 1242 amore
735 1213 768 1242 et
793 1206 926 1241 honore
952 1209 1063 1241 nostri
1090 1207 1257 1241 undecies
1284 1208 1408 1242 millies
1433 1208 1496 1242 do—

109 1274 265 1308 minicam
292 1275 483 1308 orationem
510 1273 655 1316 dixeris,
682 1275 717 1307 in
744 1273 831 1307 hora
856 1274 977 1306 mortis
1004 1274 1038 1306 in
1065 1274 1315 1317 protectionem
1341 1278 1375 1308 et
1399 1274 1495 1309 sola-

110 1340 191 1373 tium
219 1349 283 1373 nos
320 1338 479 1373 habebis.
528 1339 605 1378 Qua
630 1339 834 1383 disparente
863 1339 942 1381 ille,
978 1340 1207 1383 quamcitius
1244 1341 1375 1384 potuit,
1408 1339 1497 1374 haec

108 1404 267 1449 implevit
291 1406 477 1449 statimque
503 1408 626 1438 voc-ato
652 1404 781 1438 abbate
807 1405 927 1449 inungi
953 1414 992 1437 se
1020 1404 1113 1438 feeit.
1164 1404 1227 1444 Qui
1252 1415 1325 1438 011111
1348 1407 1496 1450 inunge-

109 1474 215 1511 retur,
242 1469 358 1504 suhito
383 1470 600 1511 exclamavit,
626 1473 662 1503 ut
687 1469 849 1515 sugerent
874 1472 907 1503 et
934 1469 1153 1504 venientibus
1174 1471 1282 1503 saeris
1300 1469 1494 1514 virginibus

110 1535 219 1570 iocum
235 1535 372 1572 darent.
400 1534 729 1576 Quemcumabbas,
753 1534 911 1579 quidhoc
925 1538 1032 1575 esset,
1050 1534 1495 1580 interrogaretetillepro-

106 1601 306 1634 missionem
333 1602 479 1647 virginis
505 1601 573 1635 sibi
600 1611 662 1646 per
681 1600 836 1634 ordinem
859 1603 1074 1642 enarrasset,
1099 1600 1343 1635 recedentibus
1364 1601 1494 1633 eunctis

109 1669 141 1699 et
159 1665 263 1709 paulo
283 1670 363 1710 post
377 1665 603 1701 redeuntibus
624 1667 735 1710 ipsum
757 1666 930 1709 migrasse
957 1664 1001 1699 ad
1029 1665 1203 1699 dominum
1233 1669 1450 1709 repererunt.

555 1985 681 2051 cAl’.
716 1986 857 2052 CLIX.
901 1986 1049 2051 (154.)

136 2082 234 2126 De
266 2083 506 2127 sanetis
538 2083 817 2138 symone
850 2087 916 2130 et
944 2083 1120 2130 ,Iuda
1148 2083 1465 2138 apostolis.

196 2191 321 2236 Symon
349 2194 599 2238 interpretatur
624 2193 793 2228 obediens
821 2194 871 2229 vel
899 2204 1032 2239 ponens
1056 2195 1245 2229 tristitiam.
1294 2193 1353 2227 Hic
1375 2193 1497 2227 habuit

109 2255 237 2301 duplex
255 2266 463 2302 cognomen.
487 2257 610 2293 Dictus
628 2262 681 2293 est
701 2260 789 2293 enim
805 2259 930 2304 Syrnon
944 2259 1088 2293 Zelotes
1107 2262 1140 2294 et
1151 2259 1277 2304 Syinon
1292 2258 1496 2294 Cananaeus

107 2331 129 2355 a
146 2320 241 2355 Cana
261 2324 338 2356 vico
358 2321 552 2366 Galilaeae,
578 2324 638 2358 ubi
660 2324 819 2358 dominus
837 2335 961 2371 aquam
981 2326 1015 2358 111
1036 2326 1148 2359 vinum
1169 2326 1323 2366 mutavit,
1348 2329 1381 2359 et
1407 2325 1497 2359 idem

108 2390 161 2421 est
182 2385 337 2427 ZeloteS‚
365 2388 457 2432 quod
479 2388 695 2432 cananaeus,
724 2391 820 2425 Cana
837 2392 925 2426 enim
946 2390 1053 2425 Zelus
1069 2391 1330 2434 interpretatur.
1369 2389 1496 2423 Habuit

109 2453 217 2497 igitur
233 2451 467 2487 obedientiam
490 2459 754 2500 praeceptorum
777 2466 840 2500 per
856 2457 1126 2498 exsecutionem,
1151 2456 1329 2489 tristitiam
1345 2454 1496 2488 asssieto-

108 2527 180 2551 rum
205 2528 269 2562 per
292 2519 568 2562 compassionem
584 2546 592 2562 ,
621 2520 732 2553 zelum
764 2521 953 2555 animarum
979 2531 1042 2566 per
1067 2523 1283 2571 constantem
1310 2519 1494 2556 servorem.

107 2581 214 2618 Judas
240 2583 490 2627 interpretatur
513 2582 691 2618 conlidens
718 2585 772 2619 vel
796 2585 990 2630 gloriosus,
1018 2585 1073 2621 vel
1092 2584 1202 2620 Judas
1226 2587 1326 2630 quasi
1347 2584 1496 2630 jubiium

108 2646 206 2681 dans.
253 2647 331 2693 Ipse
359 2649 446 2683 enim
473 2647 593 2682 hahuit
617 2649 873 2683 confessionem
899 2648 1000 2693 fidei,
1037 2649 1186 2695 gloriam
1212 2651 1309 2695 regni
1338 2654 1372 2685 et
1399 2650 1494 2695 jubi-

178 2725 204 2757 1)
224 2725 276 2753 Ed.
296 2729 340 2753 Pr.
360 2727 467 2753 verba:
489 2736 557 2760 qna
571 2727 588 2753 d
600 2737 651 2754 am
673 2741 702 2747 --
724 2725 796 2754 insi
810 2737 855 2753 rm
867 2731 1000 2755 aretur
1019 2726 1139 2755 omittit.

1161 2781 1207 2817 45
