1742 3005
291 108 374 152 58ss
621 104 719 153 Cap.
742 102 876 141 CLIV.
934 103 993 142 De
1024 110 1156 142 sancto
1187 105 1350 144 Calixto.

294 216 454 251 nesciens
481 212 516 244 ln
539 218 673 244 canone
699 207 918 254 protulisset.
964 206 1008 243 Et
1024 218 1105 243 ecoe
1121 207 1232 244 eidem
1252 211 1388 246 miranti
1406 214 1479 247 tres
1497 209 1678 246 columbae

295 278 534 325 apparuerunt
560 284 668 319 super
693 284 829 310 crucem
857 275 981 309 altaris
1008 274 1224 318 residentes,
1250 284 1343 320 'quae
1367 281 1562 312 sanctorum
1589 286 1676 312 mar-

295 347 395 380 tirum
429 343 568 377 uomina
601 339 782 376 habebant
813 341 888 375 suis
921 340 1125 386 pectoribus
1153 342 1328 388 sanguine
1359 342 1537 387 insignita.
1585 343 1680 384 Quas

295 412 487 458 diligenter
528 410 667 443 intuens
708 411 850 441 sanctos
885 408 1060 453 migrasse
1097 417 1119 442 a
1149 417 1298 453 corpore
1339 407 1523 443 intellexit.
1579 408 1683 444 Circa

294 487 420 513 annum
449 475 579 510 domiui
602 472 775 509 DCXLIV
799 472 1023 519 Dagobertus
1051 484 1114 508 rex
1135 473 1347 508 Francorum
1380 475 1443 518 (ut
1473 474 1508 507 in
1533 472 1683 519 quadam

295 544 447 578 habetur
471 540 674 585 chronica),
701 541 760 585 qui
784 540 890 586 longe
915 544 995 575 ante
1018 539 1178 585 Pipinum
1203 543 1434 586 regnaverat,
1459 549 1481 573 a
1505 549 1571 574 sua.
1595 550 1680 585 pue-

295 612 377 645 ritia
402 612 560 643 sanctum
584 605 786 651 Dionysium
812 607 846 640 in
871 616 1000 653 magna
1027 607 1253 641 veneratione
1281 604 1412 641 habere
1436 606 1573 651 coepit3
1606 615 1684 640 nam

295 679 330 711 et
361 673 500 720 quando
534 672 681 706 Clotarii
715 673 826 716 patris
858 674 914 707 sui
947 673 1033 706 irarn
1059 671 1254 714 metuebat,
1286 670 1332 706 ad
1364 671 1548 707 ecclesiam
1573 674 1684 706 sancti

293 741 453 785 Dionysii
489 738 653 772 contiuuo
687 736 858 782 fugiebat.
916 737 1000 771 Cum
1034 747 1120 783 ergo
1157 737 1272 771 factus
1313 737 1388 783 jam
1423 748 1487 773 rex
1528 742 1683 772 mortuus

297 807 441 848 fuisset,
474 803 609 839 cuidam
635 806 756 838 sancto
782 803 858 838 viro
887 804 922 837 in
953 804 1088 838 visione
1114 806 1341 836 monstratum
1370 807 1443 845 est,
1477 804 1572 849 quod
1607 804 1684 848 ejus

296 874 413 907 anima
447 869 493 905 ad
526 869 697 915 jiidicium
730 872 833 913 rapta
865 869 931 903 suit
962 872 996 905 et
1027 868 1124 903 multi
1152 869 1265 902 sancti
1290 878 1429 903 suarum
1459 869 1685 904 ecelesiarum

298 937 590 982 exspoliationem
627 934 846 979 objiciebant
879 934 1003 969 eidem.
1053 935 1206 980 Cumque
1239 944 1324 980 ergo
1361 934 1441 968 mali
1473 934 1591 980 angeli
1611 934 1684 979 ¹jam

296 1004 341 1038 ad
369 1012 502 1048 poenas
528 1011 653 1046 rapere
680 1010 755 1035 eam
780 999 923 1042 vellent,
950 999 1048 1034 affuit
1072 1000 1197 1035 beatus
1225 1000 1414 1046 Dionysius
1430 1004 1464 1035 et
1484 1000 1559 1046 ejus
1578 1001 1685 1035 inter-

299 1073 403 1104 ventu
437 1068 590 1102 liberata
625 1070 679 1101 est
715 1070 750 1100 et
780 1075 929 1110 poenam
963 1067 1086 1101 evasit.
1135 1065 1240 1101 Forte
1274 1068 1364 1101 enim
1399 1067 1475 1112 eJ’us
1502 1067 1616 1100 anima
1641 1065 1687 1100 ad

300 1143 428 1179 eorpus
476 1132 581 1167 rediit
623 1135 657 1166 et
697 1131 747 1165 ibi
785 1132 1034 1175 poenitentiam
1075 1133 1159 1178 egit.
1225 1131 1423 1168 Clodoveus
1464 1143 1526 1167 rex
1559 1142 1686 1177 corpus

298 1200 411 1234 saneti
437 1198 594 1242 Dionysii
620 1198 732 1231 minus
758 1196 928 1242 religiose
960 1196 1225 1242 discooperiens
1251 1209 1290 1233 os
1318 1198 1454 1233 brachii
1480 1198 1556 1243 ejus
1581 1197 1688 1243 fregit

299 1269 333 1301 et
360 1264 486 1309 cupide
513 1265 650 1308 rapuit,
680 1264 737 1308 qui
766 1273 845 1297 mox
873 1263 907 1297 in
933 1264 1117 1297 amentiam
1144 1268 1266 1308 raptus
1293 1268 1357 1299 est.
1404 1263 1446 1298 Et
1471 1267 1567 1306 nota,
1594 1263 1687 1309 quod

302 1331 545 1377 ¹)Hincmarus
578 1330 766 1374 episcopus
801 1328 982 1364 Remensis
1016 1328 1100 1364 dicit
1122 1330 1157 1363 in
1185 1329 1356 1374 epistola,
1396 1339 1495 1375 quam
1522 1330 1617 1364 misit
1642 1329 1686 1364 ad

299 1397 483 1439 Carohnn,
528 1395 621 1441 quod
659 1395 846 1441 Dionysius
884 1396 951 1430 iste
984 1396 1111 1430 missus
1153 1397 1187 1429 in
1223 1394 1370 1430 Galliam
1405 1394 1470 1429 suit
1499 1395 1686 1440 Dionysius

299 1464 541 1509 Areopagita,
579 1466 617 1496 ut
655 1471 763 1507 supra
796 1461 922 1496 dictum
950 1465 1015 1496 est.
1063 1460 1156 1496 Idem
1181 1464 1333 1496 testatur
1355 1460 1535 1497 Juliannes
1563 1460 1688 1496 Scotus

300 1530 334 1562 in
353 1529 505 1574 epistola
524 1528 568 1563 ad
589 1528 765 1571 carolum,
791 1538 854 1563 nee
876 1527 967 1562 sorte
984 1528 1074 1562 ratio
1096 1538 1138 1562 ex
1167 1532 1329 1573 computo
1354 1528 1522 1573 temporis
1548 1530 1686 1562 eontra-

300 1593 403 1637 dicit,
431 1596 520 1629 sieut
545 1594 654 1640 aliqui
680 1594 837 1640 objicere
862 1594 1058 1631 voluerunt.

742 1913 868 1975 CAP.
910 1912 1047 1974 cuv.
1093 1910 1247 1976 (149.)

512 2015 631 2058 De
689 2011 995 2057 sancto
1057 2008 1474 2054 Calixtw).

392 2111 549 2146 Calixtus
575 2121 670 2156 papa
695 2120 786 2145 anno
813 2110 943 2144 domini
969 2107 1123 2144 ccxxii
1154 2109 1218 2144 sub
1244 2107 1447 2144 Alexandro
1481 2109 1689 2154 imperatore

301 2178 491 2212 martirium
510 2187 638 2221 passus
659 2180 723 2212 est.
758 2176 866 2221 Cujus
886 2175 1101 2220 temporibus
1119 2185 1202 2220 pars
1222 2175 1429 2211 eminentior
1448 2173 1545 2209 urbis
1560 2174 1690 2210 Romae

301 2243 420 2278 divino
439 2247 493 2278 est
509 2243 670 2277 incendio
694 2245 915 2277 concremata
936 2245 970 2276 et
991 2243 1136 2276 sinistra
1153 2251 1274 2276 manus
1291 2241 1388 2276 Jovis
1412 2244 1559 2284 ³)aurea
1576 2241 1689 2285 lique-

302 2309 405 2344 facta.
455 2308 554 2343 Tune
579 2319 697 2344 omnes
723 2307 926 2343 sacerdotes
945 2307 990 2342 ad
1006 2306 1240 2342 Alexandrum
1260 2308 1503 2351 imperatorem
1523 2309 1690 2341 venerunt

301 2378 480 2420 petenteS‚
512 2378 549 2409 ut
582 2374 638 2409 Dii
671 2375 751 2408 irati
783 2372 966 2408 sacrificiis
995 2372 1231 2417 placarentur.
1278 2371 1365 2407 Dum
1398 2382 1483 2417 ergo
1510 2371 1686 2413 offerrent,

301 2441 418 2475 subito
456 2440 556 2475 coelo
589 2450 714 2476 sereno
748 2450 847 2475 mane
882 2439 939 2475 die
962 2439 1061 2475 Jovis
1087 2438 1203 2472 divino
1229 2437 1371 2473 fulmine
1396 2441 1546 2483 quatuor
1568 2445 1686 2472 sacer-

370 2542 397 2573 1)
416 2540 490 2567 Alii:
522 2543 630 2571 lgnni
645 2548 701 2571 us,
728 2543 902 2571 Ignarus,
928 2536 1112 2569 Ignarius.
1150 2535 1209 2563 Sed
1229 2545 1292 2562 cuin
1314 2534 1390 2563 inter
1410 2534 1518 2568 scripta
1537 2531 1687 2559 Hincmari

302 2593 350 2617 cp.
371 2587 452 2612 nem.
473 2584 602 2618 epistola
622 2584 661 2611 nd
681 2584 818 2611 Cnrolum
838 2583 960 2610 Calvum
980 2582 1018 2609 de
1044 2581 1220 2609 auctoritaie
1244 2581 1324 2608 vitae
1349 2589 1372 2607 s.
1391 2577 1524 2611 Dionysii
1551 2577 1587 2603 ab
1607 2580 1686 2604 Ann-

305 2628 397 2653 sinam
425 2629 658 2655 liibliolln‘mario
687 2628 847 2655 transl-‘imo
875 2627 1044 2654 inveni-‘itur
1061 2626 1235 2660 (Maliillon.
1254 2625 1341 2652 Anni.
1360 2627 1395 2650 T.
1417 2627 1437 2650 1.
1457 2633 1487 2657 p.
1505 2625 1540 2650 5ss
1558 2632 1601 2655 sq.
1622 2622 1685 2654 [ed.

304 2674 340 2698 11.
361 2681 390 2705 p.
409 2674 499 2704 mi),
520 2681 577 2698 non
597 2672 722 2700 dubium
742 2682 808 2700 esse
827 2676 944 2707 polest,
964 2671 1035 2705 quin
1054 2671 1091 2698 de
1111 2670 1268 2698 ninom-‘iro
1287 2668 1340 2695 illo
1359 2668 1414 2695 hoc
1433 2667 1499 2695 loco
1520 2676 1616 2696 sr‘l‘ul‘)
1636 2666 1685 2695 sit.

303 2718 333 2749 2)
352 2719 421 2744 va.
440 2715 553 2743 addunt
572 2712 694 2751 pupi«.v
802 2718 831 2751 3)
850 2716 902 2744 Ed.
922 2720 965 2745 Pr.
985 2715 1095 2745 omittit
1114 2715 1172 2749 adj.
1191 2721 1315 2741 nitrea.
