1742 3005
253 112 333 151 224
573 113 668 162 Cap.
698 111 799 150 Lm.
856 112 913 149 De
943 112 1120 162 passione
1151 111 1307 148 domini.

256 221 426 254 mentum.
458 215 551 262 quod
577 214 662 250 fecit
686 213 846 250 Christus
880 215 915 248 111
941 218 1050 249 morte
1076 214 1232 260 pendens
1258 216 1293 250 in
1319 224 1431 250 cruces
1479 213 1642 249 Secundo

255 294 297 317 ex
324 294 387 321 eo,
423 281 516 327 quod
547 281 612 315 suit
637 281 788 326 injusta,
828 281 911 326 quia
940 284 1120 326 peccatum
1146 292 1215 315 non
1251 281 1335 316 fecit
1360 285 1394 316 et
1416 291 1485 315 non
1512 285 1567 315 est
1590 282 1643 314 in-

255 353 376 383 ventus
403 348 505 382 dolus
531 348 567 381 in
592 358 653 382 ore
682 348 781 392 ejus,
822 351 856 381 et
880 346 961 381 ideo
989 346 1082 392 quod
1111 348 1204 381 venit
1239 347 1404 393 indigne,
1441 357 1556 392 poena
1580 346 1643 380 do-

254 413 358 448 lenda
381 414 486 448 venit.
534 413 586 448 De
610 413 724 447 tribus
750 414 839 447 enim
864 414 994 458 injuste
1020 414 1210 458 praecipue
1235 423 1309 447 euni
1334 413 1567 454 accusabant,
1594 414 1644 446 vi-

254 479 384 514 delicet
410 481 492 525 quia
516 479 679 513 tributum
713 478 812 513 reddi
845 478 1076 523 prohibebat,
1117 479 1199 523 quia
1231 488 1269 513 se
1302 488 1420 523 regem
1452 477 1590 512 dicebat
1615 482 1649 511 et

255 547 337 591 quia
360 545 465 579 filium
491 545 554 579 Dei
581 555 619 579 se
646 543 811 579 faciebat.
871 543 1000 578 Contra
1024 543 1089 577 has
1120 547 1192 577 tres
1227 545 1469 578 accusationes
1503 543 1648 577 dicimus

256 612 290 645 in
315 621 508 656 parasceue
534 612 568 644 in
593 621 746 655 persona
773 610 961 645 salvatoris
979 614 1052 644 tres
1086 611 1351 644 excusationes:
1394 608 1523 654 popule
1551 618 1648 642 meus

257 676 341 721 quid
365 677 432 710 feci
458 677 520 710 tibi
542 681 627 717 etc,
660 676 721 709 ubi
749 676 937 720 exprobrat
965 674 1124 709 Christus
1150 676 1219 709 tria
1237 674 1409 709 beneficia
1434 676 1478 708 iis
1506 674 1648 715 collata,

255 743 390 776 scilicet
416 742 660 775 liberationem
688 740 731 774 ab
756 740 938 785 Aegypto,
965 742 1121 784 regimen
1145 742 1180 774 111
1205 740 1345 775 deserto
1361 768 1368 782 ,
1398 740 1647 785 plantationem

256 808 380 841 vineae
401 808 434 839 in
454 806 532 842 loco
549 807 678 850 optimo
692 832 700 847 ‚
731 807 833 850 quasi
852 805 1141 839 dieat‘Cbristus:
1163 815 1307 839 accusas
1323 817 1375 839 me
1394 805 1436 840 de
1452 804 1649 839 redditione

254 872 398 915 tributi,
437 873 555 916 potius
591 871 741 905 deberes
773 871 909 916 gratias
936 874 1071 916 agere,
1107 870 1190 915 quia
1223 870 1369 905 liberavi
1394 874 1429 905 te
1457 880 1477 904 a
1503 869 1648 913 tributo,

255 948 403 973 accusas
441 948 514 978 me,
560 939 642 982 quia
678 936 750 969 dixi
774 946 827 970 me
864 946 1003 981 regem,
1038 937 1154 981 potius
1188 935 1336 971 deberes
1370 937 1504 981 gratias
1529 945 1648 981 agere,

256 1005 339 1049 quia
363 1003 532 1048 regaliter
557 1003 637 1047 pavi
670 1006 705 1036 te
734 1003 768 1035 in
794 1001 954 1039 deserto,
988 1012 1133 1035 accusas
1161 1003 1243 1047 quia
1266 1012 1320 1036 me
1345 1001 1449 1036 filium
1474 1001 1539 1035 Dei
1565 1000 1649 1044 dixi‚

256 1070 374 1114 potius
400 1069 550 1103 deberes
576 1069 710 1112 gratias
734 1077 864 1112 agere,
899 1068 979 1112 quia
1004 1071 1038 1101 te
1070 1069 1103 1101 in
1136 1068 1272 1102 vineam
1297 1077 1404 1101 meam
1432 1067 1524 1112 elegi
1557 1070 1591 1100 et
1616 1068 1650 1100 111

257 1135 333 1176 loco
369 1135 499 1178 optimo
533 1133 699 1178 plantavi.
767 1132 890 1167 Tertio
917 1144 959 1167 ex
986 1144 1046 1175 eo,
1084 1132 1175 1177 quod
1203 1133 1267 1166 suit
1292 1143 1418 1177 passus
1439 1132 1481 1166 ab
1514 1132 1648 1173 amicis,

256 1199 479 1234 tolerabilior
507 1200 595 1234 enim
622 1201 718 1232 esset
757 1197 882 1235 dolor,
916 1200 946 1232 si
975 1202 1155 1242 pateretur
1180 1197 1222 1232 ab
1256 1198 1331 1241 his,
1370 1200 1428 1243 qui
1453 1198 1573 1243 aliqua
1606 1197 1649 1231 de

257 1276 366 1301 causa
389 1264 558 1299 deberent
586 1274 665 1298 esse
692 1264 767 1308 ejus
794 1264 942 1305 inimici,
967 1264 1022 1298 vel
1049 1262 1091 1298 ab
1122 1263 1197 1306 his,
1234 1265 1291 1309 qui
1319 1269 1438 1299 essent
1460 1264 1565 1297 alieni
1593 1264 1649 1297 vel

258 1331 438 1372 extranei,
482 1329 534 1364 vel
562 1330 604 1363 ab
639 1329 732 1371 illis,
781 1328 907 1374 quibus
945 1330 1065 1375 aliqua
1095 1329 1312 1364 incommoda
1342 1330 1535 1371 intulisset,
1586 1327 1648 1363 sed

257 1401 374 1431 tamen
397 1397 529 1440 patitur
554 1395 596 1429 ab
613 1396 745 1437 amicis,
772 1394 891 1434 idest,
926 1395 968 1429 ab
987 1395 1054 1437 bis,
1083 1396 1140 1440 qui
1161 1394 1328 1430 deberent
1354 1406 1432 1430 esse
1460 1396 1512 1428 sui
1538 1394 1648 1429 amici.

255 1463 340 1497 Item
365 1472 386 1496 a
409 1463 600 1506 proximis,
640 1460 674 1494 id
702 1465 775 1501 est,
802 1461 844 1495 ab
872 1461 947 1503 bis,
985 1460 1028 1495 de
1054 1471 1196 1506 quorum
1224 1463 1332 1505 stirpe
1358 1465 1460 1495 natus
1487 1464 1550 1495 est.
1599 1459 1651 1494 De

258 1529 313 1563 his
340 1528 477 1563 duobus
505 1527 632 1561 dicitur
657 1529 691 1561 in
717 1527 875 1562 Psalmo:
914 1528 1013 1561 amici
1038 1530 1106 1561 mei
1132 1531 1165 1562 et
1192 1529 1341 1571 proximi
1366 1528 1433 1561 mei
1461 1530 1546 1569 ete.‚
1570 1524 1648 1561 Job.

256 1594 361 1629 XIX:
387 1595 461 1627 noti
485 1594 551 1628 mei
577 1594 677 1638 quasi
702 1593 807 1627 alieni
836 1595 1058 1627 recesserunt
1084 1602 1104 1626 a
1129 1603 1193 1627 me.
1240 1592 1324 1627 Item
1352 1592 1396 1626 ab
1422 1591 1498 1633 bis,
1526 1590 1651 1637 quibus

256 1660 364 1694 multa
391 1660 485 1693 bona
512 1658 719 1699 contulerat,
739 1657 923 1693 ι1011.Υ111;
949 1659 1056 1692 multa
1079 1658 1173 1692 bona
1200 1662 1366 1703 operatus
1384 1668 1456 1692 sum
1478 1659 1531 1692 iis.
1562 1657 1649 1692 Ber-

258 1725 408 1760 nardus:
447 1736 467 1757 0
494 1725 585 1760 bone
609 1724 695 1759 Jesu
724 1735 824 1769 quam
852 1724 1000 1758 dulciter
1023 1734 1096 1758 cum
1123 1724 1321 1758 hominibus
1348 1727 1574 1758 conversatus
1600 1732 1651 1763 eS‚
1697 1732 1704 1739 ·

258 1801 360 1836 quam
386 1801 511 1835 magna
540 1794 574 1824 et
593 1789 894 1824 almndantissima
913 1790 1063 1835 largitus
1083 1792 1126 1824 iis
1154 1801 1204 1831 es,
1234 1800 1335 1835 quam
1354 1789 1441 1823 dura
1466 1793 1499 1823 et
1524 1798 1652 1833 aspera

257 1868 320 1901 pro
348 1857 389 1889 iis
417 1866 543 1900 passus
570 1865 620 1893 es,
647 1854 733 1889 dura
752 1855 871 1897 verba,
898 1855 1040 1889 duriora
1066 1855 1225 1898 verbera,
1254 1854 1442 1888 durissima
1464 1857 1648 1888 tormenta.

236 1909 391 1961 ‘Quarto
414 1932 455 1955 ex
483 1921 619 1954 ratione
646 1920 890 1954 teneritudinis
916 1922 1086 1964 corporis,
1113 1921 1205 1955 unde
1229 1922 1264 1954 in
1290 1920 1403 1964 ligura
1426 1918 1537 1953 David
1563 1918 1651 1953 dici-

258 1986 351 2021 turll
371 1985 618 2031 Reg.penult.:
645 1986 784 2028 ipseest
807 1987 906 2030 quasi
929 1986 1233 2030 tenerrinmsligui
1255 1984 1474 2020 vermiculus,
1500 1983 1651 2018 Bernar-

260 2052 345 2086 dus:
379 2063 398 2086 0
425 2051 550 2087 Judaci
576 2050 713 2095 lapides
743 2051 848 2092 estis,
876 2050 1027 2094 lapidem
1055 2053 1236 2095 percutitis
1263 2051 1480 2092 molliorem,
1515 2049 1559 2083 de
1585 2060 1651 2094 quo

260 2121 404 2151 resonat
442 2118 583 2150 tinnitus
617 2117 759 2159 pietatis
788 2119 822 2150 et
859 2115 982 2150 ebullit
1007 2116 1120 2151 oleum
1152 2118 1320 2151 caritatis.
1368 2116 1449 2150 Item
1482 2115 1650 2160 llierony-

263 2194 358 2217 nius:
389 2182 539 2217 traditus
566 2186 619 2216 est
644 2180 747 2216 Jesus
766 2182 934 2215 militibus
960 2182 1197 2216 verberandus
1217 2187 1250 2217 et
1276 2181 1360 2215 illud
1380 2181 1652 2215 sacratissinnun

260 2260 388 2293 eorpus
414 2252 606 2292 pectusque
629 2247 693 2281 Dei
713 2257 825 2291 capax
850 2247 993 2292 flagella
1018 2251 1214 2282 secuerunt.
1264 2246 1390 2286 Quinto
1414 2256 1454 2279 ex
1481 2256 1535 2288 eo,
1561 2244 1653 2290 quod

263 2315 327 2349 suit
353 2312 583 2352 universalis,
620 2313 701 2356 quia
736 2322 799 2355 per
832 2322 951 2346 omnes
985 2316 1104 2356 partes
1140 2316 1175 2346 et
1207 2322 1326 2347 omnes
1354 2321 1490 2346 sensus.
1538 2310 1652 2345 Primo

264 2383 352 2415 enim
388 2379 453 2413 suit
484 2377 539 2411 bic
567 2377 668 2410 dolor
700 2378 734 2410 111
771 2377 900 2418 oculis,
935 2378 1018 2422 quia
1044 2377 1252 2422 lacrymatus
1289 2381 1361 2415 est,
1401 2378 1492 2411 sicut
1528 2375 1654 2409 dicitur

263 2445 366 2480 llebr.
393 2444 432 2479 V.
460 2442 678 2478 Rei-nardus:
706 2442 891 2476 adscendit
915 2444 946 2476 111
975 2443 1100 2484 altum,
1128 2447 1165 2477 ut
1189 2443 1329 2488 longius
1354 2442 1552 2481 audiretur,
1579 2441 1651 2474 sor-

263 2513 345 2545 titer
370 2509 562 2549 clamabat,
597 2512 634 2542 ut
658 2508 772 2542 nullus
798 2512 1041 2550 excusaretur,
1074 2509 1217 2543 clamori
1244 2508 1412 2551 lacrymas
1437 2505 1588 2542 addidit.
1616 2507 1653 2537 ut

267 2576 330 2609 bos
358 2578 626 2619 compateretur.
682 2574 781 2608 Alias
809 2575 911 2608 etiam
941 2574 994 2607 bis
1030 2573 1190 2607 lacrimas
1226 2573 1331 2613 fudit,
1369 2572 1501 2606 scilieet
1537 2570 1569 2602 in
1596 2580 1650 2603 re-

267 2642 483 2673 sin-rectione
525 2640 650 2674 Lazari
692 2643 725 2673 et
762 2649 868 2684 super
900 2638 1105 2673 Jerusalem.
1163 2637 1282 2683 ltaque
1314 2637 1445 2681 primae
1483 2635 1652 2679 lacrymae.

269 2704 406 2738 suerunt
431 2705 579 2743 amoris,
609 2704 699 2739 unde
739 2709 771 2739 et
806 2703 944 2749 quidam
977 2714 1050 2738 cum
1088 2702 1259 2737 vidissent
1296 2711 1370 2735 eum
1395 2701 1652 2745 lacrsnmntem.
