1742 3005
42 117 136 168 Cap.
156 117 332 156 CXCIII.
364 117 421 156 De
439 125 568 156 sancto
588 120 798 170 Arbogasto
819 120 1000 171 episcopo
1021 120 1299 169 Argentinensi.
1341 119 1418 159 SSI

40 226 214 257 appareret,
239 233 328 256 quam
355 223 426 251 dum
451 224 585 257 ejusdem
611 225 710 260 operis
736 225 865 252 artifices
884 226 997 252 vellent
1016 226 1162 259 abjicere,
1188 225 1295 253 beatus
1321 226 1423 254 Gallus

39 267 179 299 virtutis,
204 277 293 300 quam
312 268 341 294 in
360 268 484 295 domino
502 270 651 301 habebat,
678 270 737 296 sibi
755 271 892 298 conscius
910 271 996 303 jussit
1015 280 1067 298 eos
1085 272 1123 297 ab
1143 280 1234 305 opere
1253 271 1424 305 disjungere

38 315 69 337 et
88 311 211 338 domum
230 312 269 338 ad
287 313 512 348 parcipieudam
531 323 632 341 secum
652 314 860 346 resectionem,
880 325 969 348 quam
987 315 1125 342 dominus
1145 316 1351 350 praeparavit,
1377 316 1424 342 iu-

40 360 128 385 trare.
163 357 279 392 Quibus
306 357 470 384 secundum
494 358 669 386 missionem
695 360 758 393 ejus
781 359 962 386 facientibus
987 360 1179 386 benedictum
1202 369 1312 393 panem
1334 370 1424 387 manu

40 409 92 426 sua
112 402 262 435 porrexit,
288 407 357 436 post
377 402 534 437 prandium
553 408 669 435 autem,
695 413 761 430 cum
780 411 882 429 omnes
901 403 1013 437 pariter
1031 412 1106 438 opus
1126 408 1295 438 repeterent
1314 405 1425 439 imper-

40 445 166 478 fectum,
186 446 364 473 invenerunt
382 447 533 479 tabulam,
559 458 648 480 quam
674 452 796 481 propter
822 446 868 473 sui
886 447 1066 474 brevitatem
1086 448 1203 482 pridem
1222 449 1351 481 abjicere
1369 458 1426 475 vo-

40 489 172 522 luerant,
199 491 324 518 caeteris
351 492 490 519 omnibus
518 492 682 523 longiorem
707 500 844 518 mensura
871 490 989 517 dimidii
1017 491 1102 525 pedis
1121 496 1150 517 et
1169 492 1368 519 admiratione
1386 493 1426 519 de.

39 542 90 566 eo,
116 535 198 568 quod
221 541 376 568 evenerat,
402 536 505 563 habita
530 536 658 568 lignum,
683 535 764 568 quod
790 535 922 561 mirabili
948 541 1082 562 creverat
1101 536 1208 568 modo,
1234 537 1266 563 in
1284 537 1351 563 loco
1371 547 1425 564 suo

39 578 147 612 parieti
166 584 355 614 aptaverunt.
392 581 481 615 Quod
498 580 597 614 ipsum
622 580 712 611 longo
738 579 881 614 deinceps
907 583 1043 614 tempore
1062 590 1079 607 a
1097 581 1239 608 fidelibus
1259 581 1427 616 expetitum

39 622 163 650 domino
188 624 317 651 faciente
339 624 475 651 dentium
500 623 656 650 doloribus
676 623 837 650 efficaciter
855 624 1047 656 medebatur,
1073 630 1192 659 praeter
1210 625 1326 659 antiqui
1344 634 1427 653 com-

40 669 285 695 memorationem
317 668 454 695 miraculi
479 668 567 695 novis
593 677 712 702 semper
745 667 901 695 effectibus
927 669 1145 697 honorandum.
1190 674 1224 697 ln
1255 679 1314 704 quo
1345 670 1427 698 sacto

39 712 212 739 meritorum
230 714 293 745 ejus
311 713 546 745 magnitudinem
565 718 595 740 et
613 714 757 740 orationis
776 721 938 747 possumus
964 722 1089 747 pensare
1115 714 1274 747 virtutem,
1300 715 1369 748 quia
1397 722 1428 742 et

36 755 151 788 lignum
169 756 285 783 aridum
303 762 406 784 contra
424 763 559 785 naturam
578 758 767 785 incrementis
786 762 904 784 auctum
929 762 973 784 est
998 762 1042 789 et,
1077 768 1114 784 ne.
1140 764 1228 786 vetus
1255 760 1428 786 aboleretur

39 800 229 834 miraculum,
254 801 392 828 rediviva
412 802 563 834 signorum
583 803 776 829 attestatione
802 811 921 836 semper
945 806 990 828 est
1024 803 1193 836 repetitum.
1242 807 1305 831 Non
1330 805 1426 832 multo

39 850 124 880 post,
151 856 218 873 cum
242 847 301 880 jam
329 847 477 873 bonorum
502 847 635 874 omnium
661 852 764 873 auctor
789 851 818 873 et
843 851 1024 880 propagator
1041 847 1184 874 athletam
1203 857 1289 875 suum
1308 849 1427 876 Gallum

38 890 78 917 (le
95 891 200 917 mundi
220 899 314 924 agone
333 892 484 918 sublatum
502 892 702 926 praemiorum
723 891 832 917 laureis
851 891 943 917 veltet
971 891 1154 924 perennibus
1181 892 1341 925 adornare,
1372 898 1428 919 Ar-

40 935 182 962 bonensis
202 936 353 970 presbiter
370 936 496 963 veniens
515 936 553 962 ad
572 936 677 962 cellam
697 935 792 962 sancti
811 935 868 961 viri
888 934 1004 966 rogavit
1022 944 1106 967 eum,
1131 940 1163 962 ut
1182 945 1283 963 secum
1302 937 1427 969 egredeâ€”

39 984 121 1005 retur
139 979 177 1006 ad
196 984 334 1007 castrum.
372 982 458 1014 Cujus
478 990 544 1007 cum
563 979 762 1014 postulationi
780 979 998 1012 acquiesceret,
1025 979 1119 1006 biduo
1146 981 1260 1008 ibidem
1287 981 1377 1008 ducto
1397 987 1427 1009 et

39 1024 264 1059 praedicatione
288 1024 368 1052 facta
387 1026 425 1051 ad
443 1024 589 1060 popul-um
608 1024 694 1051 tertia
723 1024 772 1050 die
797 1024 881 1050 febre
901 1028 1055 1058 correptus
1074 1029 1190 1051 tantum
1210 1025 1239 1051 in
1258 1026 1345 1053 brevi
1364 1029 1427 1060 ejus

38 1068 185 1095 violentia
205 1069 366 1104 depressus
384 1075 439 1101 est,
458 1073 490 1095 ut
507 1078 562 1095 nec
581 1069 619 1095 ad
639 1069 745 1096 cellam
764 1069 861 1095 redire
880 1078 934 1095 nec
954 1068 1013 1095 cibi
1025 1070 1262 1097 sustentaculum
1278 1072 1428 1106 potuisset

39 1112 204 1147 percipere.
241 1116 372 1147 Cumque
398 1114 454 1140 hac
480 1113 654 1140 infirmitate
678 1123 731 1148 per
757 1113 822 1139 dies
848 1115 917 1138 XIV
944 1112 1124 1146 laborasset,
1152 1114 1200 1141 die
1219 1118 1298 1144 XVI.
1317 1117 1428 1143 mensis

40 1157 190 1189 Octobris,
208 1157 241 1183 id
259 1162 304 1184 est
321 1160 404 1184 XVII
416 1158 471 1185 cal.
484 1159 672 1191 Novembris,
693 1158 821 1192 expletis
835 1160 913 1184 XCV
926 1158 1012 1184 anuis
1027 1167 1098 1184 suae
1111 1158 1217 1185 aetatis
1230 1159 1259 1186 in
1275 1165 1428 1187 senectute

40 1203 119 1229 bona
142 1202 229 1236 hujus
254 1202 336 1229 vitae
362 1202 507 1230 liberatus
534 1204 683 1235 ergastulo
710 1203 839 1229 animam
865 1202 978 1228 meritis
998 1202 1118 1236 plenam
1136 1202 1277 1231 felicibus
1296 1205 1430 1233 reddidit

39 1247 128 1274 bonis
154 1246 342 1273 inhaesuram
367 1248 558 1281 perennibus.
602 1252 684 1274 Inter
720 1248 800 1281 ipsas
833 1255 952 1279 quoque
983 1247 1066 1273 beati
1096 1247 1154 1274 viri
1185 1249 1343 1282 exsequias
1369 1258 1430 1277 non

39 1292 191 1319 mediocre
209 1292 272 1324 eius
291 1292 459 1319 sanctitatis
484 1292 628 1326 judicium
655 1292 803 1326 apparuit.
840 1291 950 1317 Habuit
969 1291 1016 1317 vir
1037 1292 1089 1318 Dei
1108 1293 1271 1326 capsellam
1291 1293 1328 1320 de.
1348 1295 1429 1321 corio

39 1337 151 1364 {actam
168 1337 331 1369 diligenter
351 1341 494 1369 seratam,
522 1339 604 1369 cujus
628 1337 745 1363 clavem
772 1337 827 1363 sub
855 1340 916 1362 tam
940 1336 1025 1367 vigili
1051 1337 1188 1364 custodia
1206 1337 1272 1372 ipse
1298 1339 1430 1372 retinuit,

40 1386 73 1408 ut
91 1381 191 1408 nullus
208 1381 426 1416 discipulorum
446 1383 524 1415 ejus,
545 1382 688 1415 quamdiu
707 1382 737 1408 in
756 1389 880 1414 corpore
900 1380 1033 1413 vixerat,
1059 1381 1132 1413 quid
1152 1381 1230 1409 intus
1250 1388 1430 1416 servaretur,

41 1434 221 1458 cognoscere
245 1426 404 1461 potuisset.
439 1430 521 1453 Hanc
545 1430 645 1453 autem
669 1436 707 1452 ex
733 1425 794 1453 suis
819 1424 949 1451 humeris
982 1425 1164 1459 pendentem
1197 1427 1274 1454 serre
1302 1428 1431 1461 solebat,

41 1479 230 1504 quocumque
256 1471 431 1499 ambulavit.
475 1473 514 1497 At
539 1471 593 1496 nbi
618 1471 656 1497 de
683 1471 737 1497 hac
758 1470 820 1496 vita
842 1468 1000 1500 migravit,
1025 1474 1121 1496 sumta
1141 1470 1227 1498 clave
1250 1479 1432 1506 aperuerunt

41 1515 206 1551 capsellam
238 1520 269 1542 et
299 1515 479 1542 invenerunt
503 1515 534 1542 in
559 1524 593 1541 ea
615 1515 745 1542 cilicium
765 1514 916 1541 modicum
935 1518 965 1539 et
989 1518 1124 1540 catenam
1145 1524 1267 1543 aeneam
1288 1518 1431 1550 sanguine

41 1569 205 1595 aspersam.
240 1560 356 1587 Deinde
383 1569 492 1594 corpus
517 1559 712 1595 inspicientes
738 1559 871 1592 magistri
896 1559 1074 1586 invenerunt
1092 1559 1191 1586 locum
1210 1565 1351 1594 catenae,
1379 1563 1432 1589 ubi

42 1605 162 1640 saepius
180 1605 331 1640 praecingi
350 1606 478 1637 solebat,
497 1614 674 1638 carnemque
690 1604 786 1639 ipsam
806 1605 835 1630 in
853 1603 927 1630 locis
947 1608 1074 1636 quatuor
1092 1604 1270 1638 profundius
1289 1617 1306 1633 a
1325 1612 1433 1635 catena

42 1649 202 1682 sulcatam,
229 1649 306 1676 adeo
331 1655 364 1677 ut
390 1650 428 1676 de
447 1650 555 1677 iisdem
577 1649 754 1676 vulneribus
773 1658 859 1675 cruor
877 1648 1037 1675 decurrens
1057 1648 1187 1676 cilicium
1206 1660 1259 1684 per
1277 1651 1343 1678 loca
1362 1662 1430 1686 per-

40 1693 163 1721 fuderit.
199 1698 362 1722 Posuerunt
388 1699 488 1721 autem
513 1694 677 1729 capsellam
703 1703 770 1720 cnm
793 1693 891 1719 cilicio
919 1693 957 1719 ad
976 1697 1065 1728 caput
1090 1694 1153 1727 ejus
1178 1693 1209 1721 in
1232 1693 1375 1722 feretrum
1400 1701 1431 1723 et

41 1740 280 1774 deportaverunt
313 1750 380 1766 cum
414 1746 539 1773 corpore
573 1738 611 1764 nd
638 1738 735 1765 locum
763 1737 947 1764 monumenti
973 1742 1002 1764 et
1028 1738 1250 1772 suspenderunt
1273 1739 1347 1766 haec
1374 1741 1429 1767 tria

42 1783 281 1811 mortificationis
300 1786 363 1817 ejus
383 1782 493 1810 indicia
511 1784 593 1816 juxta
612 1783 760 1809 tumulum
778 1782 817 1808 ad
836 1786 925 1816 caput
943 1783 1016 1815 ejus.
1052 1785 1105 1808 Per
1129 1793 1204 1816 qnae
1229 1783 1372 1819 deinceps
1391 1785 1430 1811 ad

41 1829 245 1856 ostensionem
275 1827 448 1856 meritortun
482 1826 577 1862 ipsius
611 1827 755 1861 plurimas
795 1827 934 1854 dominns
967 1826 1094 1854 virtutes
1128 1827 1178 1863 pie
1217 1828 1429 1862 quaerentibus

41 1872 188 1902 exhibuit.

461 2192 616 2255 â€CAR
643 2191 835 2254 cxmll.
869 2191 1020 2255 (180.)

176 2294 274 2340 De
315 2293 536 2338 sancto
573 2292 925 2348 arbogasto
958 2290 1296 2347 â€episcopo

491 2368 978 2427 Argentinensi.

147 2475 332 2504 sanctissimi
357 2477 521 2504 sacerdotis
548 2476 655 2504 Christi
673 2476 833 2509 Arbogasti
859 2481 994 2504 exortum
1019 2477 1068 2503 vel
1089 2476 1348 2503 conversationem
1367 2475 1431 2509 ejus

45 2530 61 2547 a
88 2529 181 2556 puero
211 2520 250 2546 ad
272 2520 498 2555 profectionem
527 2530 622 2554 usque
654 2521 847 2556 pontificatus
873 2531 926 2550 seu
956 2520 1118 2553 antiquitas
1145 2519 1355 2547 obliteraverit
1380 2518 1431 2546 vel

46 2565 226 2601 scriptorum
242 2565 348 2592 raritas
367 2573 428 2592 non
446 2565 658 2599 declaraverit,
685 2564 754 2600 quia
777 2566 900 2602 scriptio
919 2574 979 2592 non
998 2564 1104 2597 docet,
1131 2564 1275 2591 incertum
1293 2563 1429 2591 habetur.

113 2654 140 2686 1)
158 2656 256 2680 Hocce
275 2656 364 2687 caput
382 2651 436 2678 Ed.
456 2655 498 2680 Pr.
521 2652 658 2679 ultimum
677 2662 821 2688 perquam
840 2650 940 2678 differt
960 2660 976 2677 a
1002 2655 1083 2676 textu
1104 2650 1152 2676 hic
1171 2649 1298 2682 tradito,
1317 2648 1430 2683 quippe

45 2686 127 2719 quod
151 2686 194 2713 ibi
213 2686 307 2713 multo
335 2685 457 2712 brevius
483 2685 597 2718 omnia,
631 2696 706 2719 quae
731 2686 779 2714 hic
798 2686 964 2713 accuratius
983 2688 1119 2712 enarrata
1144 2688 1228 2717 sunt,
1254 2683 1430 2711 referantur.

43 2721 74 2754 2)
96 2723 162 2748 noc
179 2719 335 2755 epitheton
354 2719 530 2754 plermnque
548 2719 712 2752 omittitur.v
