1742 3005
248 111 329 150 568
388 114 483 162 Cap.
503 111 652 148 CXXV.
711 110 770 145 De
801 109 1058 145 decollatione
1088 108 1207 144 sancti
1228 107 1411 143 ‚iohannis
1434 105 1632 156 baptistae.

253 215 389 250 serebat
425 216 457 247 in
492 213 603 254 facie,
638 222 713 246 cum
746 211 915 245 laetitiam
940 209 1088 244 liaberet
1116 212 1149 243 in
1175 214 1305 252 mente3
1341 213 1486 246 excusat
1519 207 1635 242 scelus

246 282 467 324 JurauientO,
503 282 539 312 ut
564 277 627 311 sub
655 279 841 311 occasione
866 277 1007 320 pictatis
1035 276 1158 319 impius
1185 274 1293 309 fieret.
1340 274 1450 319 Igitur
1483 273 1636 318 spicula-

252 349 308 378 tor
332 346 497 385 mittitur,
522 347 628 388 caput
650 342 819 378 Johanuis
846 341 1100 386 praesciditur,
1127 340 1266 384 puellae
1293 340 1394 374 datur
1419 344 1452 373 et
1477 350 1497 373 a
1522 338 1641 383 puella

255 410 355 443 matri
393 409 574 444 adulterae
617 411 874 453 praesentatur.
930 407 1148 452 Augustinus
1185 406 1372 439 occasione
1406 404 1510 450 liujus
1541 405 1642 449 jura-

253 476 360 509 tionis
387 479 508 508 narrat
532 477 566 509 in
594 484 752 509 sermone
782 472 949 518 quodam,
976 482 1075 517 quem
1100 471 1182 505 fecit
1210 473 1244 504 in
1270 470 1504 505 decollatione
1533 471 1645 503 sancti

255 540 427 576 ,Iohannis
452 541 642 585 baptistae,
666 540 737 574 tale
766 538 969 582 exemplum.
1018 536 1097 571 Fuit
1123 536 1262 582 quidam
1291 535 1393 570 homo
1419 537 1586 569 innocens
1613 538 1646 568 et

258 606 385 646 fidelis,
412 616 433 640 a
458 617 525 651 quo
552 606 683 647 audivi,
711 604 805 650 quod
830 613 945 637 narro.
997 602 1079 636 Cum
1107 603 1194 636 enim
1220 601 1359 646 quidam
1379 601 1445 635 sibi
1466 604 1646 646 negasset,

261 671 355 716 quod
372 672 405 706 ei
422 671 755 711 accommodaverat,
777 669 831 703 vel
853 669 944 713 quod
964 668 1031 701 sibi
1052 667 1257 708 debebatur,
1278 671 1468 701 commotus
1489 666 1547 701 ille
1567 675 1649 710 pro-

264 738 400 770 vocavit
433 747 508 771 eum
542 736 586 769 ad
618 733 875 780 jusjurandum.
932 733 995 768 Ille
1034 735 1141 778 igitur
1180 733 1333 777 juravit,
1377 734 1443 767 iste
1483 730 1648 776 perdidit.

264 801 416 836 Videbat
442 812 528 847 ergo
556 802 590 834 iu
618 801 695 844 ipsa
719 803 841 840 nocte,
867 808 906 832 se
932 798 976 831 ad
1002 798 1156 842 judicem
1183 802 1316 842 raptum
1345 799 1454 832 fuisse
1481 801 1514 831 et
1539 796 1582 830 ab
1609 806 1649 830 eo

263 869 519 913 interrogatum
548 866 658 900 fuisse
682 865 737 899 his
764 864 900 899 verbis:
933 874 1041 909 quare
1066 865 1264 908 provocasti
1290 863 1461 897 hominem
1486 862 1531 896 ad
1552 863 1652 907 jura-

264 935 417 975 tionem,
455 942 553 977 quem
579 931 718 966 sciebas
746 931 869 965 salsum
896 940 974 964 esse
998 931 1221 975 juraturum?
1268 928 1461 973 Respondit
1486 927 1560 962 ille:
1593 937 1653 961 ne-

267 1000 367 1045 gavit
402 998 485 1032 mihi
528 1008 598 1032 rem
642 1007 761 1032 meam.
825 995 869 1030 Et
903 994 1030 1039 judex:
1072 996 1195 1029 melius
1238 998 1334 1036 erat,
1383 998 1421 1028 ut
1457 1004 1526 1028 rem
1562 997 1654 1027 tuam

268 1064 458 1109 perderes,
523 1073 624 1108 quam
674 1067 712 1097 ut
755 1063 902 1096 animam
945 1062 1055 1104 ipsius
1099 1061 1190 1094 salsa
1231 1062 1412 1105 juratione
1452 1061 1655 1105 perimeres,

268 1130 470 1164 Prostratus
497 1130 605 1174 igitur
630 1133 697 1162 tani
724 1128 882 1173 graviter
907 1125 1007 1160 caedi
1033 1127 1155 1170 jussus
1182 1130 1252 1167 est,
1288 1131 1326 1160 ut
1350 1128 1382 1160 in
1409 1127 1514 1160 dorso
1545 1126 1657 1170 evigi-

269 1195 376 1228 lantis
407 1195 590 1240 plagarum
629 1194 781 1238 vestigia
814 1195 1034 1236 apparerent.
1085 1192 1155 1225 Sed
1187 1191 1354 1226 indultum
1393 1196 1445 1226 est
1471 1193 1523 1233 ei,
1559 1195 1658 1235 post-

272 1270 372 1305 quam
408 1259 609 1294 emendatus
645 1263 711 1296 est.
757 1257 850 1292 Haec
883 1257 1112 1302 Augustinus.
1160 1256 1199 1291 ln
1241 1257 1306 1292 hac
1346 1262 1459 1291 autem
1504 1257 1560 1291 die
1593 1256 1657 1292 Jo-

272 1326 405 1361 hannes
439 1325 634 1360 decollatus
669 1335 737 1359 non
775 1328 847 1366 cst,
888 1323 949 1357 sed
981 1324 1076 1356 circa
1108 1321 1184 1356 dies
1217 1324 1403 1356 azimorum
1432 1333 1521 1357 anno
1554 1333 1658 1367 prae-

274 1391 419 1426 cedente
454 1393 655 1436 passionem
690 1390 838 1427 Cin-isti.
888 1389 1051 1433 Oportuit
1085 1399 1194 1433 ergo,
1237 1392 1274 1422 ut
1307 1393 1452 1433 propter
1486 1388 1658 1422 douiinica

273 1461 494 1492 sacramenta
528 1459 639 1490 minor
672 1456 812 1491 cedere-t
846 1456 982 1500 majori.
1030 1454 1092 1488 llic
1134 1454 1305 1488 exclamat
1335 1453 1514 1488 Johannes
1552 1453 1659 1498 Chry-

276 1529 451 1556 sostomus
484 1523 621 1557 dicens:
663 1522 843 1557 Johannes
885 1520 1008 1555 schola
1056 1521 1238 1562 virtutum,
1282 1521 1519 1565 magisterium
1556 1521 1659 1562 vitae,

275 1589 472 1621 sanctitatis
498 1588 628 1629 forma,
654 1598 775 1621 norma
799 1588 981 1633 justitiae,
1011 1587 1225 1630 virginitatis
1251 1586 1445 1630 speculum,
1473 1585 1662 1630 pudicitiae

274 1652 419 1694 titulus,
455 1653 629 1686 castitatis
656 1653 867 1696 exemplum,
903 1653 1140 1697 poenitentiae
1168 1653 1245 1693 via,
1290 1655 1514 1696 peccatorum
1550 1652 1661 1692 venia,

276 1717 358 1752 fidei
398 1717 596 1761 disciplina.
665 1716 844 1752 ,Iohannes
896 1719 1008 1761 maJor
1052 1717 1210 1758 homine,
1256 1727 1322 1761 par
1360 1717 1496 1763 augelis
1514 1745 1521 1759 ,
1569 1717 1661 1762 legis

277 1793 430 1825 sumina,
459 1783 633 1828 evangelii
664 1784 862 1825 ¹)saucti0,
890 1781 1131 1825 apostolorum
1157 1792 1243 1822 vox,
1269 1782 1444 1816 silentium
1472 1782 1661 1826 propheta-

276 1859 371 1889 rum,
406 1849 547 1882 lucerna
573 1847 712 1889 inmitti,
752 1857 963 1891 praecursor
989 1846 1142 1891 judicis,
1178 1848 1285 1879 totius
1321 1847 1452 1881 medius
1482 1847 1659 1879 trinitatis.

276 1912 321 1947 Et
347 1913 403 1946 liic
430 1917 545 1946 tantus
573 1913 675 1946 datur
702 1914 946 1953 incestuosae,
974 1912 1123 1945 traditur
1149 1912 1355 1954 adulterae,
1392 1911 1567 1945 addicitur
1591 1912 1662 1944 sal*

277 1980 406 2013 latrici.
453 1978 610 2012 Herodes
637 1983 749 2013 autem
778 1979 963 2022 impunitus
990 1989 1057 2010 non
1083 1977 1187 2018 abiit,
1222 1977 1284 2011 sed
1318 1977 1443 2011 exsilio
1481 1977 1663 2009 (lauinatus

277 2044 356 2079 suit.
403 2043 501 2085 Nam,
530 2045 618 2076 sicut
639 2043 788 2077 liabetur
814 2045 845 2076 iu
873 2043 1030 2087 hystoria
1055 2042 1278 2084 scholastica,
1306 2042 1395 2077 alter
1421 2042 1577 2076 Herodes
1603 2052 1665 2076 seu

277 2109 439 2153 Agrippa
463 2118 537 2141 cum
564 2112 658 2142 esset
684 2110 736 2141 vir
760 2101 934 2149 strenuus,
962 2108 1023 2142 sed
1051 2118 1196 2152 pauper,
1222 2118 1307 2152 prae
1334 2109 1438 2141 nimia
1460 2112 1666 2152 paupertate

278 2174 472 2218 desperans
505 2173 675 2218 quandam
710 2175 830 2207 turrhn
867 2175 1029 2216 intravit,
1076 2178 1112 2208 ut
1145 2173 1273 2207 ibidem
1306 2184 1344 2208 se
1387 2173 1475 2208 same
1510 2173 1666 2207 afficiens

277 2243 481 2273 moreretur.
531 2239 629 2278 Quod
668 2250 741 2273 cum
778 2238 949 2274 llerodias
983 2250 1085 2273 soror
1120 2249 1184 2273 sua
1219 2239 1433 2281 audivisset,
1474 2240 1548 2273 viro
1589 2249 1665 2281 suo,

278 2304 416 2339 scilicet
443 2305 477 2348 ²)
491 2304 618 2338 Herodi
647 2305 798 2348 Autipae
824 2305 1022 2339 tetrarchae
1049 2305 1284 2348 supplicavit,
1312 2309 1347 2338 ut
1373 2315 1447 2338 eum
1476 2305 1555 2339 inde
1583 2305 1667 2339 edu-

277 2374 374 2404 ceret
406 2374 440 2403 et
473 2369 541 2402 sibi
576 2371 778 2403 necessaria
812 2372 1036 2404 ministraret.
1088 2370 1187 2409 Quod
1222 2381 1296 2404 cum
1337 2370 1479 2405 fecisset
1506 2376 1540 2405 et
1567 2371 1666 2405 ambo

279 2437 424 2469 invicem
466 2435 711 2479 epularentur,
754 2435 910 2470 Herodes
951 2435 1130 2469 tetrarcha
1172 2437 1251 2469 vino
1296 2437 1440 2470 incaluit
1473 2440 1506 2470 et
1540 2434 1666 2470 Herodi

277 2502 458 2546 Agrippae
492 2500 679 2542 heueiieia,
718 2511 808 2546 quae
843 2502 911 2534 sibi
950 2501 1167 2541 contulerat,
1212 2503 1450 2546 improperare
1484 2501 1599 2544 coepit
1634 2504 1667 2533 et

282 2566 344 2599 hoc
371 2566 429 2600 ille
457 2565 680 2600 veliementer
705 2566 817 2600 ‹loluit
843 2571 876 2601 et
902 2567 1041 2601 Romam
1070 2567 1294 2611 proficiscens
1322 2569 1354 2601 in
1382 2570 1507 2600 tantum
1534 2576 1553 2598 a
1580 2564 1665 2610 Cajo

350 2705 373 2734 t)
395 2704 443 2728 tid.
466 2708 507 2732 Ιϊ,
528 2705 729 2732 s.··1itit.1s.
768 2706 1114 2741 '.’)Aiii1³¹*ssiiirel‹‘·3.;
1147 2706 1310 2733 scilic-vi
1333 2704 1667 2739 ansspvtrarcliae.
