1742 3005
278 77 359 118 348
467 78 562 128 Cap.
590 75 762 114 LXXXI.
827 75 887 113 De
917 81 1049 114 sancto
1081 75 1260 113 Barnaba
1293 74 1482 125 apostolo.

275 189 329 219 tes
354 187 389 219 et
415 180 699 225 evangelizantes
727 190 802 214 eum
828 179 908 213 aliis
933 178 1091 223 pluribus
1113 181 1256 216 verbum
1281 179 1422 214 domini.
1473 176 1543 212 Hoc
1564 178 1666 212 etlam

276 254 372 295 patet
398 259 461 292 per
486 246 581 280 illam
609 247 792 279 maximam
818 245 1090 287 multitudinem,
1118 255 1220 290 quam
1247 245 1457 280 Antiochiae
1484 244 1666 279 convertit.

276 316 366 350 adeo
393 318 430 348 ut
453 313 502 346 ibi
529 314 639 356 primo
665 314 873 346 vocarentur
898 310 1063 355 discipuli
1090 310 1283 346 christiani.
1316 310 1476 345 Secundo
1494 308 1665 353 exemplo,

276 381 359 427 quia
385 382 456 414 vita
481 388 547 412 sua
571 378 637 412 fuit
663 377 823 411 omnibus
850 376 1027 422 speculum
1056 377 1255 411 sanctitatis
1296 379 1329 411 et
1364 375 1556 419 exemplum
1584 374 1666 408 reli»

274 448 402 493 gionis.
452 444 530 479 Fuit
555 445 643 478 enim
669 445 703 477 in
737 445 829 477 omni
856 454 964 488 opere
1001 453 1064 477 suo
1092 443 1205 478 virilis
1232 446 1266 477 et
1294 441 1485 487 religiosus
1511 444 1545 474 et
1574 444 1664 473 stre-

274 524 383 555 nuuS,
418 512 566 546 omnium
598 520 728 544 morum
764 510 921 544 bonitate
955 511 1188 554 conspicuus,
1229 510 1321 543 omni
1367 508 1486 553 gratia
1519 506 1666 550 spiritus

274 581 385 616 sancti
418 578 543 623 plenus
578 581 612 611 et
647 577 739 611 omni
776 577 902 610 virtute
935 580 969 609 et
996 574 1062 609 tide
1094 575 1310 620 praeclarus.
1359 573 1490 609 Deliis
1519 574 1667 616 quatuor

273 647 424 681 hahetur
448 644 523 678 Act.
544 642 626 678 XV:
652 644 820 676 miserunt
840 641 1037 675 Barnabam
1061 641 1297 683 Antiochiam,
1324 646 1359 675 et
1377 641 1555 686 sequitur:
1582 637 1665 672 hor-

271 712 414 747 tabatur
440 719 560 743 omnes
585 709 769 753 proposito
792 706 909 741 cordis
934 716 1140 750 permanere
1163 708 1199 740 in
1225 706 1377 749 domino,
1405 707 1487 752 quia
1514 708 1590 740 erat
1614 704 1666 737 vir

271 781 405 819 bonus,
440 776 564 821 plenus
590 775 718 818 spiritu
750 776 872 806 sancto
908 775 942 805 et
969 770 1048 806 fide.
1098 771 1223 806 Tertio
1247 771 1417 806 beneficio
1447 775 1482 806 et
1506 771 1574 804 hoc
1599 769 1663 803 du-

269 846 420 891 pliciter.
469 841 533 877 Est
559 842 648 876 enim
671 839 800 884 duplex
825 836 1030 872 beneficium
1059 838 1133 873 sive
1159 838 1371 882 elemosina,
1405 837 1542 872 scilicet
1575 839 1663 870 tem-

269 911 425 956 poralis,
461 918 550 954 quae
577 907 740 941 consistit
764 906 798 938 in
822 905 1102 938 necessariorum
1129 903 1472 946 sulmiinistratione,
1500 906 1534 938 et
1560 902 1665 947 spiri-

268 976 398 1017 tualis,
439 984 528 1019 quae
561 973 723 1007 consistit
748 973 781 1005 in
807 970 964 1004 offensae
993 969 1207 1005 dimissione.
1259 970 1407 1005 Primam
1432 969 1556 1004 habuit
1577 968 1662 1002 bea-

268 1048 324 1077 tus
350 1039 554 1080 Barnabas,
581 1037 719 1083 quando
746 1037 970 1072 elemosinam
996 1036 1177 1079 fratribus,
1205 1039 1262 1082 qui
1284 1041 1383 1072 erant
1405 1039 1438 1071 in
1453 1035 1662 1076 Jerusalem,

270 1106 405 1142 detulit.
454 1104 540 1139 Nam
568 1106 657 1137 sieut
681 1102 807 1137 dieitur
830 1103 906 1136 Act.
932 1101 1000 1136 XI:
1034 1112 1109 1136 cum
1136 1102 1231 1137 sacta
1256 1107 1353 1137 esset
1378 1103 1488 1137 sames
1514 1102 1663 1135 maxima

269 1173 333 1208 sub
376 1170 523 1207 Claudio
570 1169 759 1204 secundum
803 1169 897 1215 quod
930 1168 1242 1213 prophetizaverat
1276 1168 1436 1214 Agabus,
1483 1166 1661 1211 discipuli,

268 1243 372 1284 prout
398 1239 545 1283 quisque
570 1235 744 1277 habehat,
781 1239 1042 1280 proposuerunt
1074 1236 1108 1268 in
1145 1235 1372 1268 ministerium
1398 1235 1532 1268 mittere
1556 1232 1658 1266 habi-

267 1304 421 1340 tantibus
446 1305 480 1337 in
506 1302 642 1338 Judaea
670 1301 857 1336 fratribus:
892 1300 985 1346 quod
1022 1304 1056 1335 et
1087 1300 1245 1334 fecerunt
1269 1301 1444 1334 mittentes
1470 1298 1515 1333 ad
1539 1299 1658 1333 senion

268 1381 325 1406 res
360 1381 423 1416 per
449 1379 570 1403 manus
603 1368 789 1403 Barnabae
825 1371 859 1402 et
882 1367 993 1402 Pauli.
1044 1366 1253 1408 Secundam,
1287 1367 1370 1411 quia
1392 1364 1566 1406 Johanni,
1600 1364 1659 1408 qui

265 1435 580 1482 cognominabatur
612 1434 773 1474 Marcus,
813 1433 984 1469 offensam
1024 1433 1175 1467 dimisit:
1221 1442 1294 1467 cum
1336 1433 1424 1467 enim
1457 1430 1659 1475 praedictus

266 1502 461 1547 discipulus
488 1500 685 1535 Barnabam
713 1504 747 1535 et
766 1499 909 1534 Paulum
934 1499 1157 1545 reliquisset,
1190 1499 1347 1535 redeunti
1371 1502 1486 1532 tamen
1514 1499 1548 1531 et
1572 1506 1657 1540 poe-

265 1570 388 1603 nitenti
412 1567 594 1602 Barnabas
619 1566 766 1600 indulsit
795 1570 828 1599 et
854 1567 976 1599 iterum
1004 1566 1038 1599 in
1063 1566 1270 1611 discipulum
1297 1564 1504 1608 resumpsit,
1530 1561 1659 1596 Paulus

265 1638 380 1669 autem
417 1636 528 1679 ipsum
564 1635 687 1667 iterum
720 1642 901 1666 assumere
936 1633 971 1666 in
1002 1631 1209 1677 discipulum
1249 1632 1363 1666 renuit
1396 1633 1430 1665 ct
1463 1628 1542 1663 ideo
1569 1630 1659 1663 inter

265 1711 326 1734 eos
353 1701 532 1745 separatio
567 1699 660 1733 sacta
688 1698 762 1732 fuit.
802 1697 955 1743 Uterque
988 1688 1076 1734 enim
1109 1709 1152 1733 ex
1180 1699 1240 1744 pia
1273 1707 1382 1732 causa
1406 1699 1440 1731 et
1466 1696 1658 1730 intentione

264 1766 366 1807 fecit,
393 1776 470 1799 nam
497 1765 588 1810 quod
616 1764 800 1798 Barnabas
828 1765 940 1807 ipsum
966 1766 1176 1809 assumpsit,
1202 1765 1269 1798 hoc
1297 1765 1382 1798 fecit
1407 1773 1448 1797 cx
1475 1760 1657 1796 dulcedine

263 1829 548 1871 misericordiae,
585 1829 678 1875 quod
704 1833 817 1863 autem
844 1828 972 1863 Paulus
1000 1831 1111 1873 ipsum
1138 1839 1318 1864 assumere
1343 1826 1473 1869 noluit,
1510 1825 1577 1860 hoe
1604 1826 1654 1860 se-

263 1898 311 1931 (it
336 1907 379 1931 ex
405 1895 556 1930 fervoris
582 1894 803 1929 rectitudine.
852 1893 937 1929 Nam
963 1895 1055 1929 sicut
1082 1895 1212 1929 ibidem
1233 1894 1316 1928 dieii
1338 1892 1467 1928 Glossa
1485 1891 1654 1926 Act.xv2

263 1963 425 2007 quoniam
453 1962 486 1994 in
513 1960 639 1995 frontis
665 1961 754 1995 facie
781 1970 821 1996 se
848 1962 1065 1996 constituens
1091 1962 1192 1995 nimis
1218 1959 1377 2004 trepidus
1395 1962 1555 2001 steterat,
1584 1968 1653 1992 me-

263 2029 328 2061 rito
355 2028 467 2071 ipsum
493 2026 622 2061 Paulus
648 2025 799 2071 abjecit,
835 2027 1000 2061 neillius
1027 2029 1128 2072 quasi
1155 2028 1367 2071 contagione
1391 2025 1482 2059 vires
1508 2024 1654 2058 aliorum

261 2096 577 2137 corrumperentur.
625 2092 691 2127 llla
715 2097 828 2127 autem
856 2095 1035 2137 separatio
1061 2103 1129 2127 non
1157 2095 1211 2127 est
1237 2092 1331 2126 sacta
1356 2102 1398 2125 ex
1425 2091 1654 2125 commotione

261 2159 355 2200 xiiii,
383 2158 445 2193 sed
472 2169 513 2193 ex
539 2159 705 2193 instinctu
730 2160 876 2204 spiritus
903 2161 1035 2202 sancti,
1071 2163 1109 2193 ut
1141 2158 1277 2193 scilicet
1301 2156 1344 2191 ab
1373 2157 1520 2191 invicem
1549 2167 1652 2201 sepa-

261 2227 422 2258 rarentur
448 2228 482 2257 et
508 2224 666 2268 pluribus
690 2225 958 2269 praedicarent,
994 2226 1084 2259 sicut
1116 2228 1150 2259 et
1183 2222 1401 2269 postmodum
1434 2222 1561 2257 sactum
1588 2227 1651 2257 est.

261 2289 346 2323 Nam
380 2300 453 2323 cum
490 2293 585 2323 esset
615 2289 797 2324 Barnabas
832 2292 866 2325 in
902 2290 1033 2325 Yconio
1068 2291 1230 2331 civitate,
1270 2289 1452 2334 praedicto
1492 2288 1651 2323 ,Iohanne

261 2356 337 2401 ejus
362 2354 600 2397 consobrino,
637 2357 690 2390 vir
724 2356 864 2401 quidam
895 2356 1102 2401 splendidus
1138 2357 1170 2389 in
1210 2356 1286 2390 visu
1324 2356 1486 2400 apparuit
1511 2354 1648 2388 dicens:

260 2420 437 2455 „lohannes
463 2426 628 2456 constans
656 2425 751 2464 esto,
786 2423 869 2468 quia
902 2422 1028 2457 amodo
1065 2434 1132 2456 non
1165 2420 1366 2463 Johannes,
1402 2419 1465 2455 sed
1490 2419 1649 2455 excelsus

263 2489 458 2523 mulieris.
509 2487 609 2528 Quod
636 2499 709 2522 cum
736 2488 795 2523 ille
820 2488 1004 2523 Barnabae
1032 2488 1231 2530 retulisset,
1265 2474 1448 2532 respondit
1481 2486 1530 2519 ei:
1564 2493 1649 2518 care

261 2553 470 2597 diligenter,
506 2565 548 2589 ne
577 2555 759 2600 cuiquam,
787 2554 879 2600 quod
908 2554 1047 2596 vidisti,
1086 2553 1244 2589 reveles:
1281 2562 1358 2587 nam
1386 2555 1419 2585 et
1443 2549 1524 2583 mihi
1551 2550 1647 2582 simi-

262 2618 342 2650 liter
374 2618 533 2654 dominus
559 2619 623 2655 hac
658 2624 761 2655 noete
787 2621 950 2665 apparuit
978 2619 1118 2654 dicens:
1153 2623 1318 2653 constans
1346 2620 1435 2657 esm,
1470 2615 1645 2652 Barnaha,

262 2684 343 2727 quia
367 2687 509 2719 aeterna
545 2688 700 2729 praemia
735 2687 929 2731 percipies,
967 2697 1008 2721 eo
1047 2684 1139 2730 quod
1173 2687 1309 2730 gentem
1349 2685 1439 2716 tuam
1475 2681 1645 2727 reliquisti
