1742 3005
231 95 312 136 784
516 96 613 143 Cap.
645 92 797 130 CLXX.
869 94 929 128 De
960 98 1090 128 sancto
1123 94 1333 129 Clemente.

229 204 328 237 diens
354 200 481 245 Synion
506 198 589 231 illuc
613 198 770 242 perrexit
795 199 829 230 et
854 194 1020 240 populum
1045 205 1242 230 convocans
1267 198 1333 231 ait:
1361 198 1484 238 miror,
1512 194 1617 241 quod,

228 278 302 301 cum
337 275 400 299 vos
435 263 639 298 salubribus
674 263 874 308 praeceptis
907 262 1131 296 instruxerim
1174 265 1208 296 et
1240 271 1262 295 a
1293 262 1476 299 seductore
1514 264 1618 299 Petro

228 342 291 366 vos
317 340 441 365 cavere
467 330 678 371 monuerim,
713 338 775 362 vos
802 329 913 372 ipsum
940 338 1008 361 non
1035 327 1145 361 solum
1179 327 1387 370 audivistis,
1424 330 1487 364 sed
1515 333 1618 365 etiam

229 396 426 443 episcopali
442 394 611 430 cathedra
630 394 858 428 sublimastis.
893 392 993 428 Tunc
1004 403 1121 427 omnes
1133 403 1207 427 cum
1219 393 1335 428 furore
1354 394 1522 429 adversus
1544 407 1619 431 eum

228 464 406 499 dixerunt:
432 465 586 496 monstro
615 460 716 495 nobis
745 460 870 495 similis
897 470 947 501 eS,
976 459 1102 494 nudius
1128 461 1252 494 tertius
1278 463 1312 494 te
1329 462 1545 504 poenituisse
1565 462 1618 496 ‹li-

227 530 334 566 cebas
361 534 395 565 et
418 538 506 564 nunc
531 532 566 562 te
595 532 630 563 et
655 538 719 563 nos
755 527 992 573 praecipitare
1028 526 1186 568 conaris,
1222 530 1256 561 et
1290 527 1452 571 impetum
1485 528 1519 561 in
1545 538 1619 562 eum

229 598 400 632 facientes
427 606 499 630 cum
520 595 710 641 ignominia
732 605 806 628 eum
828 595 987 638 protinus
1014 592 1234 638 expulerunt.
1282 592 1376 627 Haec
1402 595 1519 628 omnia
1539 594 1619 629 Cle-

228 673 324 697 mens
344 664 378 696 in
396 661 487 695 libro
505 672 568 695 suo
587 661 630 695 de
651 671 689 695 se
708 661 785 704 ipso
805 664 925 693 narrat
943 664 977 694 et
996 659 1084 693 hanc
1104 658 1294 703 hystoriam
1313 659 1440 694 ibidem
1461 661 1621 697 inseruit.

227 729 313 764 Post
332 728 419 762 haec
437 731 551 761 autem
570 726 708 767 Petrus,
734 736 807 759 cum
829 724 970 759 Romam
986 726 1142 759 venisset
1161 730 1195 759 et
1215 735 1310 759 suam
1332 727 1531 769 passionem
1554 727 1618 760 im-

229 796 359 829 minere
387 792 542 834 videret,
578 791 786 826 Clementem
813 794 894 834 post
930 799 969 824 se
1006 791 1209 834 episcopum
1242 791 1429 827 ordinavit.
1476 791 1619 826 Mortuo

229 862 337 907 igitur
354 860 512 905 principe
534 857 772 903 apostolorum
791 856 895 891 Petro
913 855 1071 890 Clemens
1091 857 1143 890 vir
1167 855 1335 900 providus
1355 866 1568 900 praecavens
1586 859 1620 892 in

231 927 399 968 futurum,
441 935 482 960 ne
525 924 660 958 scilicet
701 933 765 968 per
810 922 878 956 hoc
922 922 1115 966 exemplum
1158 921 1308 967 quilibet
1346 921 1450 956 vellet
1481 923 1549 957 sibi
1587 925 1620 958 in

230 992 380 1027 eeclesia
418 1000 659 1025 successorem
703 993 859 1023 statuere
898 992 932 1022 ct
968 987 1166 1022 hereditate
1208 989 1442 1022 sanctuarium
1492 988 1622 1024 domini

230 1057 436 1103 possidere,
474 1056 564 1090 Lino
604 1056 712 1089 cessit
745 1059 779 1089 et
814 1053 1032 1099 postmodum
1071 1053 1181 1089 (licto,
1240 1053 1406 1087 Nonnulli
1444 1059 1621 1098 asserunt,

231 1123 325 1170 quod
357 1123 467 1158 Linus
503 1125 537 1156 et
569 1122 688 1156 Cletus
724 1131 793 1154 non
826 1119 965 1154 suerunt
996 1121 1115 1154 summi
1150 1120 1357 1164 pontifices,
1392 1119 1454 1154 sed
1491 1124 1621 1155 tantuin

230 1190 324 1225 Petri
356 1187 511 1234 apostoli
546 1187 793 1233 coadjutores,
839 1190 984 1231 propter
1017 1186 1109 1231 quod
1152 1187 1186 1219 in
1221 1186 1385 1231 catalogo
1423 1189 1620 1231 pontificum

231 1259 431 1290 meruerunt
462 1255 695 1288 annumerari.
743 1252 829 1287 Post
858 1252 922 1286 hos
956 1256 1069 1286 autem
1097 1251 1255 1286 Clemens
1281 1252 1424 1297 eligitur
1459 1258 1493 1288 et
1517 1265 1621 1298 prae-

231 1322 350 1357 sidere
377 1320 616 1365 compellitur,
650 1320 709 1365 qui
738 1320 787 1353 ita
812 1329 943 1353 morum
971 1320 1175 1352 ornamento
1202 1317 1375 1362 pollebat,
1408 1323 1445 1353 ut
1474 1320 1619 1356 Judaeis

232 1392 267 1423 et
291 1387 483 1434 gentilibus
508 1391 543 1421 et
570 1386 729 1420 omnibus
757 1384 960 1420 christianis
987 1383 1127 1429 populis
1158 1376 1403 1428 complaceret.
1453 1386 1620 1432 Singula-

231 1466 304 1489 rum
321 1456 443 1499 inopes
464 1455 722 1498 provinciarum
751 1453 951 1485 nominatim
979 1451 1132 1495 scriptos
1160 1449 1329 1493 habebat,
1356 1455 1390 1485 et
1415 1462 1503 1497 quos
1530 1451 1619 1498 bap-

230 1522 324 1554 tismi
350 1520 628 1554 sanctificatione
657 1518 907 1559 mundaverat,
933 1528 1002 1551 non
1029 1517 1169 1551 sinebat
1196 1517 1358 1561 publicae
1388 1516 1461 1552 lieri
1487 1519 1620 1553 mendi-

230 1588 328 1621 citati
350 1587 543 1630 subJectos.
573 1585 654 1620 Cum
675 1586 793 1629 itaque
814 1583 1032 1618 Domicillam
1062 1585 1245 1629 virginem,
1274 1587 1409 1628 neptem
1432 1584 1621 1619 Domitiani

231 1653 466 1697 imperatoris,
487 1661 589 1685 sacro
606 1650 773 1685 velamine
786 1653 1032 1684 consecrasset
1043 1649 1309 1685 etTlieodoram
1323 1661 1462 1685 uxorem
1477 1650 1622 1686 Sisinnii

230 1720 330 1753 amici
349 1718 571 1763 imperatoris
594 1716 638 1750 ad
659 1715 758 1750 fidem
778 1716 1011 1750 convertisset
1028 1720 1063 1750 et
1087 1717 1121 1749 in
1148 1717 1321 1750 eastitatis
1342 1718 1525 1762 proposito
1547 1727 1620 1752 ma-

229 1795 312 1819 nere
330 1786 560 1829 promitteret,
587 1782 760 1817 Sisinnius
786 1782 863 1816 zelo
890 1781 1012 1816 ductus
1040 1781 1226 1816 ecclesiam
1253 1785 1334 1826 post
1360 1793 1502 1818 uxorem
1521 1794 1618 1818 suam

230 1850 367 1884 occulte
393 1851 553 1892 intravit,
587 1850 678 1883 scire
704 1848 846 1890 volens,
879 1851 1025 1892 propter
1050 1846 1144 1892 quod
1172 1847 1233 1880 illa
1259 1848 1310 1881 sic
1336 1848 1519 1883 ecclesiam
1547 1849 1617 1884 sre-

230 1918 424 1960 quentaret.
472 1915 519 1949 At
544 1925 626 1949 vero
653 1924 675 1948 a
699 1916 822 1948 sancto
850 1913 1027 1947 Clemente
1052 1914 1166 1946 oratio
1193 1911 1271 1946 susa
1297 1916 1350 1946 est
1377 1917 1411 1947 et
1436 1923 1456 1947 a
1483 1915 1614 1959 populo

229 1991 434 2025 responsum
469 1984 533 2016 est.
582 1980 671 2014 Tum
705 1980 879 2014 Sisinnius
911 1988 1036 2013 caecus
1070 1982 1104 2012 et
1137 1977 1263 2013 surdus
1297 1980 1435 2023 penitus
1472 1980 1616 2015 effectus

229 2051 299 2087 est,
334 2047 391 2091 qui
416 2047 532 2080 statim
557 2047 675 2090 pueris
710 2047 783 2079 suis
817 2044 921 2078 dixit:
955 2046 1023 2078 cito
1061 2054 1112 2078 me
1138 2044 1251 2078 tollite
1277 2044 1432 2079 etseras
1465 2045 1615 2082 educite.

226 2111 329 2146 Pueri
354 2116 468 2146 autem
495 2122 559 2156 per
582 2115 688 2145 totam
715 2111 900 2146 ecclesiam
927 2121 1002 2145 eum
1038 2109 1226 2155 girabant,
1260 2109 1324 2145 sed
1362 2114 1396 2146 et
1421 2111 1463 2146 ad
1486 2113 1615 2157 januas

227 2178 411 2222 pervenire
436 2188 504 2211 non
530 2180 702 2222 poterant.
753 2177 848 2216 Quos
876 2187 950 2211 cum
978 2176 1125 2211 vidisset
1147 2175 1341 2211 Theodora
1367 2178 1417 2211 sic
1443 2182 1615 2221 errantes,

227 2245 338 2288 primo
356 2243 493 2288 quidem
510 2243 553 2277 ab
569 2244 611 2277 iis
631 2243 830 2285 declinavit,
857 2247 997 2287 putans,
1025 2242 1117 2288 quod
1139 2244 1191 2276 vir
1205 2253 1289 2277 suus
1308 2254 1382 2277 euni
1399 2252 1615 2288 cognoscere

226 2313 360 2354 posset,
387 2309 602 2354 postmodum
624 2314 750 2352 autem,
777 2309 939 2354 quidnam
964 2308 1031 2342 hoc
1056 2312 1164 2351 esset,
1191 2319 1252 2343 eos
1284 2311 1527 2355 interrogavit,
1554 2310 1613 2355 qui

226 2375 409 2411 dixerunt:
437 2375 594 2409 dominus
613 2379 744 2418 noster,
773 2374 850 2409 dum
868 2375 938 2408 vult
955 2374 1076 2409 videre
1097 2378 1131 2409 et
1151 2375 1288 2417 audire,
1318 2384 1408 2420 quae
1433 2386 1499 2409 non
1518 2375 1612 2416 licet,

225 2452 350 2476 caecus
378 2446 412 2476 et
437 2441 564 2476 surdus
590 2441 702 2475 sactus
729 2445 793 2476 est.
842 2440 943 2475 Tunc
964 2440 1026 2475 illa
1045 2442 1078 2474 in
1099 2443 1291 2475 orationem
1314 2451 1352 2476 se
1371 2441 1468 2476 dedit
1487 2441 1612 2486 ‹lepre-

226 2517 322 2550 cans,
349 2511 387 2541 ut
413 2509 464 2541 vir
488 2518 572 2542 suus
598 2508 677 2543 inde
702 2509 798 2542 exire
826 2510 959 2552 posset,
985 2510 1020 2541 et
1045 2510 1125 2551 post
1152 2508 1344 2541 orationem
1370 2507 1457 2541 (lixit
1475 2507 1609 2550 pueris:

228 2573 274 2606 ite
316 2573 416 2607 modo
460 2578 494 2609 et
533 2573 712 2618 perducite
755 2573 927 2608 dominum
974 2578 1123 2609 vestrum
1165 2573 1208 2607 ad
1253 2573 1399 2607 domum.
1458 2571 1610 2615 Cumque

227 2637 420 2681 abiissent,
465 2644 586 2674 sancto
625 2640 795 2675 Clementi
827 2639 1036 2683 Theodora,
1080 2639 1161 2685 quid
1202 2639 1387 2679 acciderit,
1431 2636 1609 2672 indicavit.

229 2701 329 2737 Tunc
361 2708 502 2739 sanctus
539 2708 666 2751 rogatu
700 2705 912 2742 Theodorae
946 2705 990 2740 ad
1029 2716 1104 2741 cum
1141 2706 1233 2741 veuit
1265 2707 1299 2739 et
1336 2705 1447 2747 ipsum
1480 2703 1610 2738 invenit

1720 52 1740 250 A.
