<?xml version="1.0" encoding="UTF-8"?>
<!DOCTYPE html PUBLIC "-//W3C//DTD XHTML 1.0 Transitional//EN"
    "http://www.w3.org/TR/xhtml1/DTD/xhtml1-transitional.dtd">
<html xmlns="http://www.w3.org/1999/xhtml" xml:lang="en" lang="en">
 <head>
  <title>
</title>
<meta http-equiv="Content-Type" content="text/html;charset=utf-8" />
  <meta name='ocr-system' content='tesseract 3.04.00' />
  <meta name='ocr-capabilities' content='ocr_page ocr_carea ocr_par ocr_line ocrx_word'/>
</head>
<body>
  <div class='ocr_page' id='page_1' title='image "./legendaaureavulg00jacouoft_0395.png"; bbox 0 0 1742 3005; ppageno 0'>
   <div class='ocr_carea' id='block_1_1' title="bbox 300 91 1471 145">
    <p class='ocr_par' dir='ltr' id='par_1_1' title="bbox 300 91 1471 145">
     <span class='ocr_line' id='line_1_1' title="bbox 300 91 1471 145; baseline 0.003 -16"><span class='ocrx_word' id='word_1_1' title='bbox 300 94 397 143; x_wconf 82' lang='lat' dir='ltr'>Cap.</span> <span class='ocrx_word' id='word_1_2' title='bbox 429 91 677 129; x_wconf 77' lang='lat' dir='ltr'>LXXXVIII.</span> <span class='ocrx_word' id='word_1_3' title='bbox 736 93 794 130; x_wconf 83' lang='lat' dir='ltr'>De</span> <span class='ocrx_word' id='word_1_4' title='bbox 825 99 955 130; x_wconf 77' lang='lat' dir='ltr'>sancto</span> <span class='ocrx_word' id='word_1_5' title='bbox 986 92 1119 130; x_wconf 77' lang='lat' dir='ltr'>Leone</span> <span class='ocrx_word' id='word_1_6' title='bbox 1147 106 1260 145; x_wconf 84' lang='lat' dir='ltr'>papa.</span> <span class='ocrx_word' id='word_1_7' title='bbox 1394 91 1471 132; x_wconf 82' lang='lat'>367</span> 
     </span>
    </p>
   </div>
   <div class='ocr_carea' id='block_1_2' title="bbox 55 191 1477 1292">
    <p class='ocr_par' dir='ltr' id='par_1_2' title="bbox 55 191 1477 1292">
     <span class='ocr_line' id='line_1_2' title="bbox 88 191 1472 245; baseline -0.001 -11"><span class='ocrx_word' id='word_1_8' title='bbox 88 200 238 236; x_wconf 79' lang='lat' dir='ltr'>rentiani</span> <span class='ocrx_word' id='word_1_9' title='bbox 262 209 283 234; x_wconf 87' lang='lat' dir='ltr'>a</span> <span class='ocrx_word' id='word_1_10' title='bbox 309 198 478 233; x_wconf 79' lang='lat' dir='ltr'>daemone</span> <span class='ocrx_word' id='word_1_11' title='bbox 504 199 672 242; x_wconf 72' lang='lat' dir='ltr'>arripitur</span> <span class='ocrx_word' id='word_1_12' title='bbox 697 191 731 233; x_wconf 85' lang='lat' dir='ltr'>et</span> <span class='ocrx_word' id='word_1_13' title='bbox 759 198 849 232; x_wconf 88' lang='lat' dir='ltr'>inl&#39;ra</span> <span class='ocrx_word' id='word_1_14' title='bbox 873 198 1008 232; x_wconf 88' lang='lat' dir='ltr'>domum</span> <span class='ocrx_word' id='word_1_15' title='bbox 1036 198 1186 233; x_wconf 81' lang='lat' dir='ltr'>ciamare</span> <span class='ocrx_word' id='word_1_16' title='bbox 1209 200 1346 244; x_wconf 81' lang='lat' dir='ltr'>eoepit,</span> <span class='ocrx_word' id='word_1_17' title='bbox 1382 200 1472 245; x_wconf 88' lang='lat' dir='ltr'>quod</span> 
     </span>
     <span class='ocr_line' id='line_1_3' title="bbox 85 262 1476 309; baseline -0.002 -8"><span class='ocrx_word' id='word_1_18' title='bbox 85 277 104 301; x_wconf 87' lang='lat' dir='ltr'>a</span> <span class='ocrx_word' id='word_1_19' title='bbox 134 266 318 301; x_wconf 83' lang='lat' dir='ltr'>daemone·</span> <span class='ocrx_word' id='word_1_20' title='bbox 342 268 547 299; x_wconf 79' lang='lat' dir='ltr'>vexaretur:</span> <span class='ocrx_word' id='word_1_21' title='bbox 590 262 682 309; x_wconf 80' lang='lat' dir='ltr'>quod</span> <span class='ocrx_word' id='word_1_22' title='bbox 719 263 840 298; x_wconf 85' lang='lat' dir='ltr'>videns</span> <span class='ocrx_word' id='word_1_23' title='bbox 879 263 1113 298; x_wconf 75' lang='lat' dir='ltr'>Terentianus</span> <span class='ocrx_word' id='word_1_24' title='bbox 1143 265 1261 300; x_wconf 84' lang='lat' dir='ltr'>scelus</span> <span class='ocrx_word' id='word_1_25' title='bbox 1293 263 1476 300; x_wconf 84' lang='lat' dir='ltr'>confitetur</span> 
     </span>
     <span class='ocr_line' id='line_1_4' title="bbox 85 329 1473 376; baseline -0.001 -10"><span class='ocrx_word' id='word_1_26' title='bbox 85 336 119 366; x_wconf 90' lang='lat' dir='ltr'>et</span> <span class='ocrx_word' id='word_1_27' title='bbox 144 330 356 366; x_wconf 82' lang='lat' dir='ltr'>christianus</span> <span class='ocrx_word' id='word_1_28' title='bbox 382 329 549 373; x_wconf 77' lang='lat' dir='ltr'>efficitur7</span> <span class='ocrx_word' id='word_1_29' title='bbox 578 330 697 374; x_wconf 77' lang='lat' dir='ltr'>passio</span> <span class='ocrx_word' id='word_1_30' title='bbox 723 334 921 363; x_wconf 81' lang='lat' dir='ltr'>sanctorum</span> <span class='ocrx_word' id='word_1_31' title='bbox 946 329 990 363; x_wconf 93' lang='lat' dir='ltr'>ab</span> <span class='ocrx_word' id='word_1_32' title='bbox 1017 341 1058 365; x_wconf 88' lang='lat' dir='ltr'>eo</span> <span class='ocrx_word' id='word_1_33' title='bbox 1081 330 1314 365; x_wconf 76' lang='lat' dir='ltr'>conscribitur</span> <span class='ocrx_word' id='word_1_34' title='bbox 1338 335 1372 365; x_wconf 89' lang='lat' dir='ltr'>et</span> <span class='ocrx_word' id='word_1_35' title='bbox 1397 331 1473 376; x_wconf 88' lang='lat' dir='ltr'>ejus</span> 
     </span>
     <span class='ocr_line' id='line_1_5' title="bbox 84 395 1473 432; baseline 0 -2"><span class='ocrx_word' id='word_1_36' title='bbox 84 397 175 432; x_wconf 78' lang='lat' dir='ltr'>lilius</span> <span class='ocrx_word' id='word_1_37' title='bbox 211 396 394 431; x_wconf 73' lang='lat' dir='ltr'>liberatur.</span> <span class='ocrx_word' id='word_1_38' title='bbox 442 395 543 430; x_wconf 90' lang='lat' dir='ltr'>Passi</span> <span class='ocrx_word' id='word_1_39' title='bbox 577 399 656 430; x_wconf 89' lang='lat' dir='ltr'>sunt</span> <span class='ocrx_word' id='word_1_40' title='bbox 691 399 805 429; x_wconf 88' lang='lat' dir='ltr'>autem</span> <span class='ocrx_word' id='word_1_41' title='bbox 839 396 932 428; x_wconf 84' lang='lat' dir='ltr'>circa</span> <span class='ocrx_word' id='word_1_42' title='bbox 962 404 1086 428; x_wconf 89' lang='lat' dir='ltr'>annum</span> <span class='ocrx_word' id='word_1_43' title='bbox 1113 395 1241 429; x_wconf 91' lang='lat' dir='ltr'>domini</span> <span class='ocrx_word' id='word_1_44' title='bbox 1268 395 1473 431; x_wconf 83' lang='lat' dir='ltr'>CCCLXIV.</span> 
     </span>
     <span class='ocr_line' id='line_1_6' title="bbox 85 460 1477 508; baseline -0.001 -11"><span class='ocrx_word' id='word_1_45' title='bbox 85 461 206 498; x_wconf 76' lang='lat' dir='ltr'>Refert</span> <span class='ocrx_word' id='word_1_46' title='bbox 241 460 434 508; x_wconf 77' lang='lat' dir='ltr'>Gregorius</span> <span class='ocrx_word' id='word_1_47' title='bbox 472 463 505 495; x_wconf 92' lang='lat' dir='ltr'>in</span> <span class='ocrx_word' id='word_1_48' title='bbox 541 460 692 494; x_wconf 81' lang='lat' dir='ltr'>homelia</span> <span class='ocrx_word' id='word_1_49' title='bbox 727 460 922 505; x_wconf 82' lang='lat' dir='ltr'>evangelii:</span> <span class='ocrx_word' id='word_1_50' title='bbox 957 460 988 492; x_wconf 88' lang='lat' dir='ltr'>si</span> <span class='ocrx_word' id='word_1_51' title='bbox 1022 461 1099 504; x_wconf 86' lang='lat' dir='ltr'>quis</span> <span class='ocrx_word' id='word_1_52' title='bbox 1137 461 1208 494; x_wconf 78' lang='lat' dir='ltr'>vult</span> <span class='ocrx_word' id='word_1_53' title='bbox 1244 463 1362 495; x_wconf 84' lang='lat' dir='ltr'>venire</span> <span class='ocrx_word' id='word_1_54' title='bbox 1396 465 1477 506; x_wconf 86' lang='lat' dir='ltr'>post</span> 
     </span>
     <span class='ocr_line' id='line_1_7' title="bbox 85 524 1474 573; baseline -0.001 -11"><span class='ocrx_word' id='word_1_55' title='bbox 85 538 159 570; x_wconf 87' lang='lat' dir='ltr'>me,</span> <span class='ocrx_word' id='word_1_56' title='bbox 197 527 290 573; x_wconf 84' lang='lat' dir='ltr'>quod</span> <span class='ocrx_word' id='word_1_57' title='bbox 325 526 495 572; x_wconf 84' lang='lat' dir='ltr'>quaedam</span> <span class='ocrx_word' id='word_1_58' title='bbox 523 529 681 559; x_wconf 86' lang='lat' dir='ltr'>matrona</span> <span class='ocrx_word' id='word_1_59' title='bbox 707 524 786 557; x_wconf 91' lang='lat' dir='ltr'>dum</span> <span class='ocrx_word' id='word_1_60' title='bbox 812 524 998 559; x_wconf 79' lang='lat' dir='ltr'>eeclesiam</span> <span class='ocrx_word' id='word_1_61' title='bbox 1031 526 1176 559; x_wconf 89' lang='lat' dir='ltr'>istorum</span> <span class='ocrx_word' id='word_1_62' title='bbox 1202 527 1380 559; x_wconf 86' lang='lat' dir='ltr'>martirum</span> <span class='ocrx_word' id='word_1_63' title='bbox 1403 527 1474 561; x_wconf 83' lang='lat' dir='ltr'>sre-</span> 
     </span>
     <span class='ocr_line' id='line_1_8' title="bbox 55 589 1473 639; baseline -0.002 -11"><span class='ocrx_word' id='word_1_64' title='bbox 55 600 58 601; x_wconf 72' lang='grc'>’</span> <span class='ocrx_word' id='word_1_65' title='bbox 85 594 246 639; x_wconf 82' lang='lat' dir='ltr'>quentius</span> <span class='ocrx_word' id='word_1_66' title='bbox 276 593 436 626; x_wconf 83' lang='lat' dir='ltr'>visitaret</span> <span class='ocrx_word' id='word_1_67' title='bbox 473 594 507 625; x_wconf 91' lang='lat' dir='ltr'>et</span> <span class='ocrx_word' id='word_1_68' title='bbox 541 590 597 624; x_wconf 90' lang='lat' dir='ltr'>die</span> <span class='ocrx_word' id='word_1_69' title='bbox 633 589 781 635; x_wconf 82' lang='lat' dir='ltr'>quadam</span> <span class='ocrx_word' id='word_1_70' title='bbox 811 589 891 624; x_wconf 89' lang='lat' dir='ltr'>inde</span> <span class='ocrx_word' id='word_1_71' title='bbox 923 589 1073 631; x_wconf 79' lang='lat' dir='ltr'>rediret,</span> <span class='ocrx_word' id='word_1_72' title='bbox 1110 590 1198 625; x_wconf 90' lang='lat' dir='ltr'>duos</span> <span class='ocrx_word' id='word_1_73' title='bbox 1231 595 1365 625; x_wconf 84' lang='lat' dir='ltr'>stantes</span> <span class='ocrx_word' id='word_1_74' title='bbox 1400 602 1473 626; x_wconf 28' lang='lat' dir='ltr'>mor</span> 
     </span>
     <span class='ocr_line' id='line_1_9' title="bbox 86 654 1474 702; baseline -0.001 -9"><span class='ocrx_word' id='word_1_75' title='bbox 86 658 217 693; x_wconf 73' lang='lat' dir='ltr'>nat-lios</span> <span class='ocrx_word' id='word_1_76' title='bbox 242 656 307 690; x_wconf 87' lang='lat' dir='ltr'>sub</span> <span class='ocrx_word' id='word_1_77' title='bbox 332 656 521 702; x_wconf 81' lang='lat' dir='ltr'>peregrino</span> <span class='ocrx_word' id='word_1_78' title='bbox 548 654 671 689; x_wconf 86' lang='lat' dir='ltr'>habitu</span> <span class='ocrx_word' id='word_1_79' title='bbox 697 656 847 697; x_wconf 81' lang='lat' dir='ltr'>invenit,</span> <span class='ocrx_word' id='word_1_80' title='bbox 876 666 963 700; x_wconf 86' lang='lat' dir='ltr'>quos</span> <span class='ocrx_word' id='word_1_81' title='bbox 989 658 1197 701; x_wconf 81' lang='lat' dir='ltr'>peregrinos</span> <span class='ocrx_word' id='word_1_82' title='bbox 1225 657 1372 691; x_wconf 87' lang='lat' dir='ltr'>credens</span> <span class='ocrx_word' id='word_1_83' title='bbox 1402 657 1474 692; x_wconf 87' lang='lat' dir='ltr'>ele-</span> 
     </span>
     <span class='ocr_line' id='line_1_10' title="bbox 87 720 1476 766; baseline 0 -8"><span class='ocrx_word' id='word_1_84' title='bbox 87 724 255 758; x_wconf 88' lang='lat' dir='ltr'>mosinam</span> <span class='ocrx_word' id='word_1_85' title='bbox 279 721 349 756; x_wconf 89' lang='lat' dir='ltr'>sibi</span> <span class='ocrx_word' id='word_1_86' title='bbox 374 721 452 755; x_wconf 90' lang='lat' dir='ltr'>dari</span> <span class='ocrx_word' id='word_1_87' title='bbox 477 722 679 766; x_wconf 80' lang='lat' dir='ltr'>praecepit,</span> <span class='ocrx_word' id='word_1_88' title='bbox 714 720 778 755; x_wconf 87' lang='lat' dir='ltr'>sed</span> <span class='ocrx_word' id='word_1_89' title='bbox 805 726 989 766; x_wconf 80' lang='lat' dir='ltr'>postquam</span> <span class='ocrx_word' id='word_1_90' title='bbox 1016 722 1242 766; x_wconf 83' lang='lat' dir='ltr'>dispensator</span> <span class='ocrx_word' id='word_1_91' title='bbox 1266 724 1309 757; x_wconf 89' lang='lat' dir='ltr'>iis</span> <span class='ocrx_word' id='word_1_92' title='bbox 1335 723 1379 757; x_wconf 87' lang='lat' dir='ltr'>ad</span> <span class='ocrx_word' id='word_1_93' title='bbox 1405 724 1476 758; x_wconf 84' lang='lat' dir='ltr'>lar-</span> 
     </span>
     <span class='ocr_line' id='line_1_11' title="bbox 84 786 1477 835; baseline 0.001 -13"><span class='ocrx_word' id='word_1_94' title='bbox 84 788 250 835; x_wconf 80' lang='lat' dir='ltr'>giendum</span> <span class='ocrx_word' id='word_1_95' title='bbox 275 788 607 833; x_wconf 66' lang='lat' dir='ltr'>appropinquasset,</span> <span class='ocrx_word' id='word_1_96' title='bbox 632 786 843 821; x_wconf 81' lang='lat' dir='ltr'>adstiterunt</span> <span class='ocrx_word' id='word_1_97' title='bbox 868 789 900 822; x_wconf 86' lang='lat' dir='ltr'>ei</span> <span class='ocrx_word' id='word_1_98' title='bbox 926 788 1073 821; x_wconf 76' lang='lat' dir='ltr'>vicinius</span> <span class='ocrx_word' id='word_1_99' title='bbox 1099 792 1133 822; x_wconf 88' lang='lat' dir='ltr'>et</span> <span class='ocrx_word' id='word_1_100' title='bbox 1153 788 1333 823; x_wconf 85' lang='lat' dir='ltr'>dixerunt:</span> <span class='ocrx_word' id='word_1_101' title='bbox 1361 794 1477 824; x_wconf 87' lang='lat' dir='ltr'>tunes</span> 
     </span>
     <span class='ocr_line' id='line_1_12' title="bbox 86 851 1474 899; baseline 0 -10"><span class='ocrx_word' id='word_1_102' title='bbox 86 854 189 889; x_wconf 88' lang='lat' dir='ltr'>modo</span> <span class='ocrx_word' id='word_1_103' title='bbox 212 855 358 895; x_wconf 84' lang='lat' dir='ltr'>visitas,</span> <span class='ocrx_word' id='word_1_104' title='bbox 384 863 447 886; x_wconf 93' lang='lat' dir='ltr'>nos</span> <span class='ocrx_word' id='word_1_105' title='bbox 472 856 506 887; x_wconf 81' lang='lat' dir='ltr'>te</span> <span class='ocrx_word' id='word_1_106' title='bbox 532 853 566 886; x_wconf 90' lang='lat' dir='ltr'>in</span> <span class='ocrx_word' id='word_1_107' title='bbox 591 851 647 887; x_wconf 90' lang='lat' dir='ltr'>die</span> <span class='ocrx_word' id='word_1_108' title='bbox 669 852 795 896; x_wconf 86' lang='lat' dir='ltr'>judieii</span> <span class='ocrx_word' id='word_1_109' title='bbox 821 854 1048 898; x_wconf 74' lang='lat' dir='ltr'>requiremus,</span> <span class='ocrx_word' id='word_1_110' title='bbox 1084 857 1118 886; x_wconf 86' lang='lat' dir='ltr'>et</span> <span class='ocrx_word' id='word_1_111' title='bbox 1146 853 1316 898; x_wconf 81' lang='lat' dir='ltr'>quidquid</span> <span class='ocrx_word' id='word_1_112' title='bbox 1343 857 1474 899; x_wconf 85' lang='lat' dir='ltr'>poteri-</span> 
     </span>
     <span class='ocr_line' id='line_1_13' title="bbox 87 917 1476 964; baseline 0.001 -10"><span class='ocrx_word' id='word_1_113' title='bbox 87 930 181 962; x_wconf 77' lang='lat' dir='ltr'>mus,</span> <span class='ocrx_word' id='word_1_114' title='bbox 208 919 272 953; x_wconf 87' lang='lat' dir='ltr'>tibi</span> <span class='ocrx_word' id='word_1_115' title='bbox 298 919 567 964; x_wconf 83' lang='lat' dir='ltr'>praestabimus.</span> <span class='ocrx_word' id='word_1_116' title='bbox 617 918 691 957; x_wconf 84' lang='lat' dir='ltr'>Quo</span> <span class='ocrx_word' id='word_1_117' title='bbox 720 917 813 951; x_wconf 84' lang='lat' dir='ltr'>dieto</span> <span class='ocrx_word' id='word_1_118' title='bbox 842 918 885 951; x_wconf 88' lang='lat' dir='ltr'>ab</span> <span class='ocrx_word' id='word_1_119' title='bbox 904 918 1015 952; x_wconf 82' lang='lat' dir='ltr'>oculis</span> <span class='ocrx_word' id='word_1_120' title='bbox 1035 920 1110 962; x_wconf 82' lang='lat' dir='ltr'>ejus</span> <span class='ocrx_word' id='word_1_121' title='bbox 1127 918 1344 954; x_wconf 85' lang='lat' dir='ltr'>ablatisunt.</span> <span class='ocrx_word' id='word_1_122' title='bbox 1392 921 1476 955; x_wconf 81' lang='lat' dir='ltr'>Am-</span> 
     </span>
     <span class='ocr_line' id='line_1_14' title="bbox 86 983 1477 1028; baseline 0.001 -8"><span class='ocrx_word' id='word_1_123' title='bbox 86 985 227 1020; x_wconf 87' lang='lat' dir='ltr'>brosius</span> <span class='ocrx_word' id='word_1_124' title='bbox 261 985 303 1020; x_wconf 89' lang='lat' dir='ltr'>de</span> <span class='ocrx_word' id='word_1_125' title='bbox 339 984 392 1018; x_wconf 82' lang='lat' dir='ltr'>his</span> <span class='ocrx_word' id='word_1_126' title='bbox 427 983 628 1018; x_wconf 84' lang='lat' dir='ltr'>martiribus</span> <span class='ocrx_word' id='word_1_127' title='bbox 664 985 697 1017; x_wconf 93' lang='lat' dir='ltr'>in</span> <span class='ocrx_word' id='word_1_128' title='bbox 733 983 954 1028; x_wconf 82' lang='lat' dir='ltr'>praefatione</span> <span class='ocrx_word' id='word_1_129' title='bbox 980 985 1031 1017; x_wconf 85' lang='lat' dir='ltr'>sie</span> <span class='ocrx_word' id='word_1_130' title='bbox 1057 984 1161 1017; x_wconf 73' lang='lat' dir='ltr'>dicit:</span> <span class='ocrx_word' id='word_1_131' title='bbox 1196 984 1290 1019; x_wconf 83' lang='lat' dir='ltr'>beati</span> <span class='ocrx_word' id='word_1_132' title='bbox 1317 988 1477 1021; x_wconf 85' lang='lat' dir='ltr'>martires</span> 
     </span>
     <span class='ocr_line' id='line_1_15' title="bbox 85 1049 1475 1094; baseline 0 -8"><span class='ocrx_word' id='word_1_133' title='bbox 85 1051 263 1087; x_wconf 87' lang='lat' dir='ltr'>Johannes</span> <span class='ocrx_word' id='word_1_134' title='bbox 290 1055 324 1085; x_wconf 91' lang='lat' dir='ltr'>et</span> <span class='ocrx_word' id='word_1_135' title='bbox 350 1050 478 1084; x_wconf 87' lang='lat' dir='ltr'>Paulus</span> <span class='ocrx_word' id='word_1_136' title='bbox 502 1050 676 1084; x_wconf 84' lang='lat' dir='ltr'>veraciter</span> <span class='ocrx_word' id='word_1_137' title='bbox 701 1049 950 1093; x_wconf 74' lang='lat' dir='ltr'>impleverunt,</span> <span class='ocrx_word' id='word_1_138' title='bbox 984 1049 1075 1094; x_wconf 82' lang='lat' dir='ltr'>quod</span> <span class='ocrx_word' id='word_1_139' title='bbox 1101 1050 1274 1084; x_wconf 77' lang='lat' dir='ltr'>Ilavidica</span> <span class='ocrx_word' id='word_1_140' title='bbox 1310 1062 1394 1086; x_wconf 82' lang='lat' dir='ltr'>voce</span> <span class='ocrx_word' id='word_1_141' title='bbox 1422 1052 1475 1086; x_wconf 91' lang='lat' dir='ltr'>di-</span> 
     </span>
     <span class='ocr_line' id='line_1_16' title="bbox 85 1114 1475 1162; baseline 0 -10"><span class='ocrx_word' id='word_1_142' title='bbox 85 1119 190 1152; x_wconf 84' lang='lat' dir='ltr'>citur:</span> <span class='ocrx_word' id='word_1_143' title='bbox 217 1126 298 1152; x_wconf 82' lang='lat' dir='ltr'>eece</span> <span class='ocrx_word' id='word_1_144' title='bbox 317 1126 419 1162; x_wconf 81' lang='lat' dir='ltr'>quain</span> <span class='ocrx_word' id='word_1_145' title='bbox 439 1114 565 1149; x_wconf 85' lang='lat' dir='ltr'>bonum</span> <span class='ocrx_word' id='word_1_146' title='bbox 586 1118 621 1149; x_wconf 89' lang='lat' dir='ltr'>et</span> <span class='ocrx_word' id='word_1_147' title='bbox 645 1125 743 1160; x_wconf 85' lang='lat' dir='ltr'>quam</span> <span class='ocrx_word' id='word_1_148' title='bbox 765 1115 956 1159; x_wconf 81' lang='lat' dir='ltr'>jucundum</span> <span class='ocrx_word' id='word_1_149' title='bbox 975 1115 1137 1150; x_wconf 85' lang='lat' dir='ltr'>habitare</span> <span class='ocrx_word' id='word_1_150' title='bbox 1159 1116 1286 1151; x_wconf 80' lang='lat' dir='ltr'>fratres</span> <span class='ocrx_word' id='word_1_151' title='bbox 1310 1118 1475 1161; x_wconf 82' lang='lat' dir='ltr'>inunum,</span> 
     </span>
     <span class='ocr_line' id='line_1_17' title="bbox 84 1180 1475 1229; baseline 0.001 -13"><span class='ocrx_word' id='word_1_152' title='bbox 84 1182 251 1217; x_wconf 82' lang='lat' dir='ltr'>nascendi</span> <span class='ocrx_word' id='word_1_153' title='bbox 277 1182 358 1228; x_wconf 84' lang='lat' dir='ltr'>Iege</span> <span class='ocrx_word' id='word_1_154' title='bbox 383 1185 585 1222; x_wconf 81' lang='lat' dir='ltr'>consortes,</span> <span class='ocrx_word' id='word_1_155' title='bbox 614 1180 694 1215; x_wconf 82' lang='lat' dir='ltr'>fidei</span> <span class='ocrx_word' id='word_1_156' title='bbox 719 1182 883 1215; x_wconf 78' lang='lat' dir='ltr'>societati</span> <span class='ocrx_word' id='word_1_157' title='bbox 909 1182 1106 1226; x_wconf 80' lang='lat' dir='ltr'>conjuncti,</span> <span class='ocrx_word' id='word_1_158' title='bbox 1140 1183 1318 1227; x_wconf 84' lang='lat' dir='ltr'>passionis</span> <span class='ocrx_word' id='word_1_159' title='bbox 1344 1193 1475 1229; x_wconf 59' lang='lat' dir='ltr'>aequa&lt;</span> 
     </span>
     <span class='ocr_line' id='line_1_18' title="bbox 85 1243 1100 1292; baseline -0.001 -10"><span class='ocrx_word' id='word_1_160' title='bbox 85 1243 182 1284; x_wconf 84' lang='lat' dir='ltr'>litate</span> <span class='ocrx_word' id='word_1_161' title='bbox 211 1248 432 1290; x_wconf 78' lang='lat' dir='ltr'>consimiles,</span> <span class='ocrx_word' id='word_1_162' title='bbox 460 1249 493 1281; x_wconf 93' lang='lat' dir='ltr'>in</span> <span class='ocrx_word' id='word_1_163' title='bbox 519 1258 586 1282; x_wconf 89' lang='lat' dir='ltr'>uno</span> <span class='ocrx_word' id='word_1_164' title='bbox 611 1256 750 1291; x_wconf 73' lang='lat' dir='ltr'>semper</span> <span class='ocrx_word' id='word_1_165' title='bbox 775 1246 912 1280; x_wconf 87' lang='lat' dir='ltr'>domino</span> <span class='ocrx_word' id='word_1_166' title='bbox 939 1247 1100 1292; x_wconf 77' lang='lat' dir='ltr'>gloriosi.</span> 
     </span>
    </p>
   </div>
   <div class='ocr_carea' id='block_1_3' title="bbox 476 1550 1086 1625">
    <p class='ocr_par' dir='ltr' id='par_1_3' title="bbox 476 1550 1086 1625">
     <span class='ocr_line' id='line_1_19' title="bbox 476 1550 1086 1625; baseline 0.003 -3"><span class='ocrx_word' id='word_1_167' title='bbox 476 1561 601 1624; x_wconf 73' lang='lat' dir='ltr'>GAP.</span> <span class='ocrx_word' id='word_1_168' title='bbox 637 1550 908 1622; x_wconf 78' lang='lat' dir='ltr'>LXXXVIII.</span> <span class='ocrx_word' id='word_1_169' title='bbox 954 1561 1086 1625; x_wconf 80' lang='lat'>(83.)</span> 
     </span>
    </p>
   </div>
   <div class='ocr_carea' id='block_1_4' title="bbox 377 1663 1186 1716">
    <p class='ocr_par' dir='ltr' id='par_1_4' title="bbox 377 1663 1186 1716">
     <span class='ocr_line' id='line_1_20' title="bbox 377 1663 1186 1716; baseline -0.004 -10"><span class='ocrx_word' id='word_1_170' title='bbox 377 1663 476 1706; x_wconf 79' lang='lat' dir='ltr'>Be</span> <span class='ocrx_word' id='word_1_171' title='bbox 507 1663 728 1706; x_wconf 80' lang='lat' dir='ltr'>sancto</span> <span class='ocrx_word' id='word_1_172' title='bbox 758 1663 979 1706; x_wconf 74' lang='lat' dir='ltr'>Leone</span> <span class='ocrx_word' id='word_1_173' title='bbox 1008 1672 1186 1716; x_wconf 81' lang='lat' dir='ltr'>papa.</span> 
     </span>
    </p>
   </div>
   <div class='ocr_carea' id='block_1_5' title="bbox 89 1767 1482 2586">
    <p class='ocr_par' dir='ltr' id='par_1_5' title="bbox 89 1767 1482 2586">
     <span class='ocr_line' id='line_1_21' title="bbox 176 1767 1474 1815; baseline 0.002 -13"><span class='ocrx_word' id='word_1_174' title='bbox 176 1768 248 1804; x_wconf 89' lang='lat' dir='ltr'>Leo</span> <span class='ocrx_word' id='word_1_175' title='bbox 274 1779 376 1814; x_wconf 83' lang='lat' dir='ltr'>papa,</span> <span class='ocrx_word' id='word_1_176' title='bbox 403 1773 440 1803; x_wconf 88' lang='lat' dir='ltr'>ut</span> <span class='ocrx_word' id='word_1_177' title='bbox 466 1770 503 1804; x_wconf 88' lang='lat' dir='ltr'>in</span> <span class='ocrx_word' id='word_1_178' title='bbox 527 1769 704 1814; x_wconf 72' lang='lat' dir='ltr'>mjraeulis</span> <span class='ocrx_word' id='word_1_179' title='bbox 732 1769 857 1803; x_wconf 82' lang='lat' dir='ltr'>beatae</span> <span class='ocrx_word' id='word_1_180' title='bbox 884 1771 1031 1815; x_wconf 58' lang='lat' dir='ltr'>virginis</span> <span class='ocrx_word' id='word_1_181' title='bbox 1050 1770 1191 1815; x_wconf 68' lang='lat' dir='ltr'>legitur,</span> <span class='ocrx_word' id='word_1_182' title='bbox 1219 1767 1297 1801; x_wconf 89' lang='lat' dir='ltr'>dum</span> <span class='ocrx_word' id='word_1_183' title='bbox 1316 1769 1348 1801; x_wconf 93' lang='lat' dir='ltr'>in</span> <span class='ocrx_word' id='word_1_184' title='bbox 1365 1768 1474 1804; x_wconf 29' lang='lat' dir='ltr'>eccle*</span> 
     </span>
     <span class='ocr_line' id='line_1_22' title="bbox 90 1833 1479 1880; baseline -0.001 -11"><span class='ocrx_word' id='word_1_185' title='bbox 90 1836 145 1869; x_wconf 84' lang='lat' dir='ltr'>sia</span> <span class='ocrx_word' id='word_1_186' title='bbox 168 1838 315 1870; x_wconf 82' lang='lat' dir='ltr'>sauctae</span> <span class='ocrx_word' id='word_1_187' title='bbox 338 1833 475 1870; x_wconf 87' lang='lat' dir='ltr'>Mariae</span> <span class='ocrx_word' id='word_1_188' title='bbox 496 1836 528 1880; x_wconf 93' lang='lat'>¹)</span> <span class='ocrx_word' id='word_1_189' title='bbox 553 1836 698 1880; x_wconf 88' lang='lat' dir='ltr'>majoris</span> <span class='ocrx_word' id='word_1_190' title='bbox 729 1835 870 1868; x_wconf 88' lang='lat' dir='ltr'>missam</span> <span class='ocrx_word' id='word_1_191' title='bbox 893 1835 1101 1876; x_wconf 75' lang='lat' dir='ltr'>celebraret,</span> <span class='ocrx_word' id='word_1_192' title='bbox 1128 1839 1162 1869; x_wconf 90' lang='lat' dir='ltr'>et</span> <span class='ocrx_word' id='word_1_193' title='bbox 1182 1835 1260 1869; x_wconf 91' lang='lat' dir='ltr'>dum</span> <span class='ocrx_word' id='word_1_194' title='bbox 1280 1834 1400 1868; x_wconf 83' lang='lat' dir='ltr'>fideles</span> <span class='ocrx_word' id='word_1_195' title='bbox 1418 1844 1479 1879; x_wconf 83' lang='lat' dir='ltr'>per·</span> 
     </span>
     <span class='ocr_line' id='line_1_23' title="bbox 89 1900 1480 1946; baseline -0.001 -12"><span class='ocrx_word' id='word_1_196' title='bbox 89 1900 244 1934; x_wconf 83' lang='lat' dir='ltr'>ordinem</span> <span class='ocrx_word' id='word_1_197' title='bbox 278 1901 549 1935; x_wconf 81' lang='lat' dir='ltr'>communicaret</span> <span class='ocrx_word' id='word_1_198' title='bbox 581 1905 615 1935; x_wconf 93' lang='lat' dir='ltr'>et</span> <span class='ocrx_word' id='word_1_199' title='bbox 652 1900 823 1946; x_wconf 85' lang='lat' dir='ltr'>quaedam</span> <span class='ocrx_word' id='word_1_200' title='bbox 856 1905 1016 1934; x_wconf 88' lang='lat' dir='ltr'>matrona</span> <span class='ocrx_word' id='word_1_201' title='bbox 1047 1911 1182 1934; x_wconf 86' lang='lat' dir='ltr'>manum</span> <span class='ocrx_word' id='word_1_202' title='bbox 1219 1902 1294 1946; x_wconf 84' lang='lat' dir='ltr'>ejus</span> <span class='ocrx_word' id='word_1_203' title='bbox 1322 1900 1480 1934; x_wconf 84' lang='lat' dir='ltr'>osculata</span> 
     </span>
     <span class='ocr_line' id='line_1_24' title="bbox 90 1965 1480 2007; baseline 0.001 -10"><span class='ocrx_word' id='word_1_204' title='bbox 90 1965 234 2006; x_wconf 75' lang='lat' dir='ltr'>fuisset,</span> <span class='ocrx_word' id='word_1_205' title='bbox 260 1976 312 2000; x_wconf 84' lang='lat' dir='ltr'>ex</span> <span class='ocrx_word' id='word_1_206' title='bbox 337 1965 405 1999; x_wconf 83' lang='lat' dir='ltr'>hoe</span> <span class='ocrx_word' id='word_1_207' title='bbox 429 1966 464 1999; x_wconf 92' lang='lat' dir='ltr'>in</span> <span class='ocrx_word' id='word_1_208' title='bbox 488 1976 564 2000; x_wconf 89' lang='lat' dir='ltr'>eum</span> <span class='ocrx_word' id='word_1_209' title='bbox 592 1965 780 2001; x_wconf 84' lang='lat' dir='ltr'>vehemens</span> <span class='ocrx_word' id='word_1_210' title='bbox 810 1967 925 2000; x_wconf 86' lang='lat' dir='ltr'>earnis</span> <span class='ocrx_word' id='word_1_211' title='bbox 950 1967 1099 2000; x_wconf 88' lang='lat' dir='ltr'>tentatio</span> <span class='ocrx_word' id='word_1_212' title='bbox 1127 1967 1332 2007; x_wconf 82' lang='lat' dir='ltr'>insurrexit,</span> <span class='ocrx_word' id='word_1_213' title='bbox 1369 1970 1405 1999; x_wconf 85' lang='lat' dir='ltr'>at</span> <span class='ocrx_word' id='word_1_214' title='bbox 1428 1966 1480 1998; x_wconf 82' lang='lat' dir='ltr'>vir</span> 
     </span>
     <span class='ocr_line' id='line_1_25' title="bbox 93 2029 1480 2076; baseline -0.001 -13"><span class='ocrx_word' id='word_1_215' title='bbox 93 2029 155 2064; x_wconf 85' lang='lat' dir='ltr'>Ilei</span> <span class='ocrx_word' id='word_1_216' title='bbox 182 2030 214 2062; x_wconf 94' lang='lat' dir='ltr'>in</span> <span class='ocrx_word' id='word_1_217' title='bbox 239 2033 350 2064; x_wconf 84' lang='lat' dir='ltr'>semet</span> <span class='ocrx_word' id='word_1_218' title='bbox 374 2031 486 2073; x_wconf 89' lang='lat' dir='ltr'>ipsum</span> <span class='ocrx_word' id='word_1_219' title='bbox 514 2032 744 2065; x_wconf 85' lang='lat' dir='ltr'>saevissimus</span> <span class='ocrx_word' id='word_1_220' title='bbox 769 2031 863 2065; x_wconf 91' lang='lat' dir='ltr'>ultor</span> <span class='ocrx_word' id='word_1_221' title='bbox 887 2032 1039 2076; x_wconf 81' lang='lat' dir='ltr'>insurgit</span> <span class='ocrx_word' id='word_1_222' title='bbox 1064 2035 1098 2065; x_wconf 90' lang='lat' dir='ltr'>et</span> <span class='ocrx_word' id='word_1_223' title='bbox 1125 2032 1246 2066; x_wconf 88' lang='lat' dir='ltr'>eadem</span> <span class='ocrx_word' id='word_1_224' title='bbox 1270 2031 1327 2064; x_wconf 90' lang='lat' dir='ltr'>die</span> <span class='ocrx_word' id='word_1_225' title='bbox 1344 2040 1480 2063; x_wconf 86' lang='lat' dir='ltr'>manum</span> 
     </span>
     <span class='ocr_line' id='line_1_26' title="bbox 91 2093 1478 2140; baseline -0.001 -11"><span class='ocrx_word' id='word_1_226' title='bbox 91 2105 130 2129; x_wconf 89' lang='lat' dir='ltr'>se</span> <span class='ocrx_word' id='word_1_227' title='bbox 153 2093 450 2128; x_wconf 78' lang='lat' dir='ltr'>scandalizantem</span> <span class='ocrx_word' id='word_1_228' title='bbox 480 2094 515 2138; x_wconf 82' lang='lat'>²)</span> <span class='ocrx_word' id='word_1_229' title='bbox 527 2094 663 2128; x_wconf 81' lang='lat' dir='ltr'>occulte</span> <span class='ocrx_word' id='word_1_230' title='bbox 686 2097 824 2139; x_wconf 89' lang='lat' dir='ltr'>penitus</span> <span class='ocrx_word' id='word_1_231' title='bbox 849 2097 1041 2140; x_wconf 86' lang='lat' dir='ltr'>amputavit</span> <span class='ocrx_word' id='word_1_232' title='bbox 1068 2099 1102 2129; x_wconf 90' lang='lat' dir='ltr'>et</span> <span class='ocrx_word' id='word_1_233' title='bbox 1127 2105 1148 2128; x_wconf 89' lang='lat' dir='ltr'>a</span> <span class='ocrx_word' id='word_1_234' title='bbox 1174 2105 1212 2130; x_wconf 91' lang='lat' dir='ltr'>se</span> <span class='ocrx_word' id='word_1_235' title='bbox 1238 2096 1374 2139; x_wconf 75' lang='lat' dir='ltr'>reJecit.</span> <span class='ocrx_word' id='word_1_236' title='bbox 1421 2093 1478 2128; x_wconf 82' lang='lat' dir='ltr'>In-</span> 
     </span>
     <span class='ocr_line' id='line_1_27' title="bbox 92 2158 1480 2204; baseline -0.003 -8"><span class='ocrx_word' id='word_1_237' title='bbox 92 2166 189 2196; x_wconf 88' lang='lat' dir='ltr'>terea</span> <span class='ocrx_word' id='word_1_238' title='bbox 224 2170 374 2194; x_wconf 84' lang='lat' dir='ltr'>murmur</span> <span class='ocrx_word' id='word_1_239' title='bbox 408 2158 590 2193; x_wconf 88' lang='lat' dir='ltr'>oriebatur</span> <span class='ocrx_word' id='word_1_240' title='bbox 623 2160 657 2193; x_wconf 91' lang='lat' dir='ltr'>in</span> <span class='ocrx_word' id='word_1_241' title='bbox 692 2160 841 2204; x_wconf 89' lang='lat' dir='ltr'>populo,</span> <span class='ocrx_word' id='word_1_242' title='bbox 889 2170 951 2194; x_wconf 87' lang='lat' dir='ltr'>cur</span> <span class='ocrx_word' id='word_1_243' title='bbox 985 2170 1136 2194; x_wconf 87' lang='lat' dir='ltr'>summus</span> <span class='ocrx_word' id='word_1_244' title='bbox 1170 2159 1327 2204; x_wconf 83' lang='lat' dir='ltr'>pontifex</span> <span class='ocrx_word' id='word_1_245' title='bbox 1361 2159 1480 2193; x_wconf 82' lang='lat' dir='ltr'>divina</span> 
     </span>
     <span class='ocr_line' id='line_1_28' title="bbox 91 2224 1474 2270; baseline 0 -11"><span class='ocrx_word' id='word_1_246' title='bbox 91 2235 186 2260; x_wconf 91' lang='lat' dir='ltr'>more</span> <span class='ocrx_word' id='word_1_247' title='bbox 213 2224 326 2258; x_wconf 27' lang='lat' dir='ltr'>solito*</span> <span class='ocrx_word' id='word_1_248' title='bbox 343 2234 412 2258; x_wconf 88' lang='lat' dir='ltr'>non</span> <span class='ocrx_word' id='word_1_249' title='bbox 439 2224 647 2266; x_wconf 81' lang='lat' dir='ltr'>celebraret.</span> <span class='ocrx_word' id='word_1_250' title='bbox 696 2224 796 2259; x_wconf 85' lang='lat' dir='ltr'>Tune</span> <span class='ocrx_word' id='word_1_251' title='bbox 814 2225 888 2259; x_wconf 92' lang='lat' dir='ltr'>Leo</span> <span class='ocrx_word' id='word_1_252' title='bbox 910 2224 955 2259; x_wconf 86' lang='lat' dir='ltr'>ad</span> <span class='ocrx_word' id='word_1_253' title='bbox 975 2224 1113 2259; x_wconf 86' lang='lat' dir='ltr'>beatam</span> <span class='ocrx_word' id='word_1_254' title='bbox 1133 2226 1303 2270; x_wconf 83' lang='lat' dir='ltr'>virginem</span> <span class='ocrx_word' id='word_1_255' title='bbox 1329 2236 1368 2260; x_wconf 91' lang='lat' dir='ltr'>se</span> <span class='ocrx_word' id='word_1_256' title='bbox 1394 2236 1474 2260; x_wconf 82' lang='lat' dir='ltr'>con-</span> 
     </span>
     <span class='ocr_line' id='line_1_29' title="bbox 93 2290 1479 2335; baseline -0.001 -10"><span class='ocrx_word' id='word_1_257' title='bbox 93 2291 196 2326; x_wconf 85' lang='lat' dir='ltr'>vertit</span> <span class='ocrx_word' id='word_1_258' title='bbox 235 2293 270 2324; x_wconf 88' lang='lat' dir='ltr'>et</span> <span class='ocrx_word' id='word_1_259' title='bbox 305 2290 382 2334; x_wconf 81' lang='lat' dir='ltr'>ejus</span> <span class='ocrx_word' id='word_1_260' title='bbox 407 2290 651 2335; x_wconf 86' lang='lat' dir='ltr'>providentiae</span> <span class='ocrx_word' id='word_1_261' title='bbox 676 2291 836 2326; x_wconf 85' lang='lat' dir='ltr'>totaliter</span> <span class='ocrx_word' id='word_1_262' title='bbox 860 2301 898 2326; x_wconf 89' lang='lat' dir='ltr'>se</span> <span class='ocrx_word' id='word_1_263' title='bbox 924 2292 1106 2325; x_wconf 78' lang='lat' dir='ltr'>commisit.</span> <span class='ocrx_word' id='word_1_264' title='bbox 1157 2290 1257 2324; x_wconf 86' lang='lat' dir='ltr'>Tunc</span> <span class='ocrx_word' id='word_1_265' title='bbox 1280 2291 1341 2324; x_wconf 88' lang='lat' dir='ltr'>illa</span> <span class='ocrx_word' id='word_1_266' title='bbox 1367 2291 1479 2324; x_wconf 83' lang='lat' dir='ltr'>conti-</span> 
     </span>
     <span class='ocr_line' id='line_1_30' title="bbox 91 2354 1482 2391; baseline -0.002 0"><span class='ocrx_word' id='word_1_267' title='bbox 91 2366 159 2391; x_wconf 92' lang='lat' dir='ltr'>nuo</span> <span class='ocrx_word' id='word_1_268' title='bbox 194 2354 263 2389; x_wconf 89' lang='lat' dir='ltr'>sibi</span> <span class='ocrx_word' id='word_1_269' title='bbox 297 2354 434 2388; x_wconf 84' lang='lat' dir='ltr'>adstitit</span> <span class='ocrx_word' id='word_1_270' title='bbox 464 2359 498 2389; x_wconf 87' lang='lat' dir='ltr'>et</span> <span class='ocrx_word' id='word_1_271' title='bbox 536 2365 671 2390; x_wconf 90' lang='lat' dir='ltr'>manum</span> <span class='ocrx_word' id='word_1_272' title='bbox 703 2356 756 2389; x_wconf 89' lang='lat' dir='ltr'>illi</span> <span class='ocrx_word' id='word_1_273' title='bbox 788 2357 860 2391; x_wconf 92' lang='lat' dir='ltr'>suis</span> <span class='ocrx_word' id='word_1_274' title='bbox 889 2357 1121 2390; x_wconf 77' lang='lat' dir='ltr'>sanctissimis</span> <span class='ocrx_word' id='word_1_275' title='bbox 1143 2356 1301 2389; x_wconf 88' lang='lat' dir='ltr'>manibus</span> <span class='ocrx_word' id='word_1_276' title='bbox 1329 2356 1482 2389; x_wconf 86' lang='lat' dir='ltr'>restituit</span> 
     </span>
     <span class='ocr_line' id='line_1_31' title="bbox 92 2418 1479 2465; baseline -0.001 -9"><span class='ocrx_word' id='word_1_277' title='bbox 92 2426 127 2456; x_wconf 81' lang='lat' dir='ltr'>et</span> <span class='ocrx_word' id='word_1_278' title='bbox 151 2420 367 2456; x_wconf 82' lang='lat' dir='ltr'>confirmavit</span> <span class='ocrx_word' id='word_1_279' title='bbox 387 2418 537 2464; x_wconf 75' lang='lat' dir='ltr'>jubens,</span> <span class='ocrx_word' id='word_1_280' title='bbox 574 2425 612 2454; x_wconf 86' lang='lat' dir='ltr'>ut</span> <span class='ocrx_word' id='word_1_281' title='bbox 636 2421 845 2465; x_wconf 83' lang='lat' dir='ltr'>procederet</span> <span class='ocrx_word' id='word_1_282' title='bbox 876 2426 910 2456; x_wconf 89' lang='lat' dir='ltr'>et</span> <span class='ocrx_word' id='word_1_283' title='bbox 934 2421 1004 2455; x_wconf 83' lang='lat' dir='ltr'>filio</span> <span class='ocrx_word' id='word_1_284' title='bbox 1034 2431 1098 2455; x_wconf 82' lang='lat' dir='ltr'>suo</span> <span class='ocrx_word' id='word_1_285' title='bbox 1125 2421 1332 2455; x_wconf 79' lang='lat' dir='ltr'>saei-ilicium</span> <span class='ocrx_word' id='word_1_286' title='bbox 1358 2421 1479 2454; x_wconf 91' lang='lat' dir='ltr'>immo-</span> 
     </span>
     <span class='ocr_line' id='line_1_32' title="bbox 91 2485 1480 2531; baseline -0.001 -10"><span class='ocrx_word' id='word_1_287' title='bbox 91 2487 190 2521; x_wconf 87' lang='lat' dir='ltr'>laret.</span> <span class='ocrx_word' id='word_1_288' title='bbox 238 2485 309 2520; x_wconf 90' lang='lat' dir='ltr'>Leo</span> <span class='ocrx_word' id='word_1_289' title='bbox 335 2485 444 2530; x_wconf 81' lang='lat' dir='ltr'>igitur</span> <span class='ocrx_word' id='word_1_290' title='bbox 469 2486 561 2518; x_wconf 90' lang='lat' dir='ltr'>omni</span> <span class='ocrx_word' id='word_1_291' title='bbox 588 2486 737 2530; x_wconf 88' lang='lat' dir='ltr'>populo,</span> <span class='ocrx_word' id='word_1_292' title='bbox 764 2486 845 2531; x_wconf 81' lang='lat' dir='ltr'>quid</span> <span class='ocrx_word' id='word_1_293' title='bbox 871 2485 940 2519; x_wconf 83' lang='lat' dir='ltr'>sibi</span> <span class='ocrx_word' id='word_1_294' title='bbox 967 2487 1176 2531; x_wconf 76' lang='lat' dir='ltr'>contigerit,</span> <span class='ocrx_word' id='word_1_295' title='bbox 1202 2485 1420 2530; x_wconf 80' lang='lat' dir='ltr'>praedicavit</span> <span class='ocrx_word' id='word_1_296' title='bbox 1445 2490 1480 2520; x_wconf 89' lang='lat' dir='ltr'>et</span> 
     </span>
     <span class='ocr_line' id='line_1_33' title="bbox 91 2549 1482 2586; baseline 0 0"><span class='ocrx_word' id='word_1_297' title='bbox 91 2562 226 2586; x_wconf 87' lang='lat' dir='ltr'>manum</span> <span class='ocrx_word' id='word_1_298' title='bbox 264 2551 459 2585; x_wconf 82' lang='lat' dir='ltr'>restitutam</span> <span class='ocrx_word' id='word_1_299' title='bbox 496 2549 656 2584; x_wconf 88' lang='lat' dir='ltr'>omnibus</span> <span class='ocrx_word' id='word_1_300' title='bbox 691 2551 872 2586; x_wconf 76' lang='lat' dir='ltr'>evidenter</span> <span class='ocrx_word' id='word_1_301' title='bbox 896 2550 1060 2584; x_wconf 87' lang='lat' dir='ltr'>ostendit.</span> <span class='ocrx_word' id='word_1_302' title='bbox 1108 2550 1171 2584; x_wconf 85' lang='lat' dir='ltr'>Hic</span> <span class='ocrx_word' id='word_1_303' title='bbox 1196 2550 1482 2586; x_wconf 83' lang='lat' dir='ltr'>Clialeedonense</span> 
     </span>
    </p>
   </div>
   <div class='ocr_carea' id='block_1_6' title="bbox 91 2646 1477 2724">
    <p class='ocr_par' dir='ltr' id='par_1_6' title="bbox 91 2646 1477 2724">
     <span class='ocr_line' id='line_1_34' title="bbox 158 2646 1477 2682; baseline -0.001 -6"><span class='ocrx_word' id='word_1_304' title='bbox 158 2649 187 2682; x_wconf 89' lang='lat'>1)</span> <span class='ocrx_word' id='word_1_305' title='bbox 204 2652 275 2678; x_wconf 82' lang='lat' dir='ltr'>Rec,</span> <span class='ocrx_word' id='word_1_306' title='bbox 295 2649 411 2681; x_wconf 70' lang='lat' dir='ltr'>legunt:</span> <span class='ocrx_word' id='word_1_307' title='bbox 430 2651 470 2677; x_wconf 79' lang='lat' dir='ltr'>M.</span> <span class='ocrx_word' id='word_1_308' title='bbox 490 2647 661 2681; x_wconf 70' lang='lat' dir='ltr'>virginis</span> <span class='ocrx_word' id='word_1_309' title='bbox 682 2647 717 2673; x_wconf 81' lang='lat' dir='ltr'>in</span> <span class='ocrx_word' id='word_1_310' title='bbox 737 2647 798 2674; x_wconf 70' lang='lat' dir='ltr'>die</span> <span class='ocrx_word' id='word_1_311' title='bbox 818 2656 948 2675; x_wconf 77' lang='lat' dir='ltr'>resurr</span> <span class='ocrx_word' id='word_1_312' title='bbox 963 2646 1137 2675; x_wconf 75' lang='lat' dir='ltr'>ectionis</span> <span class='ocrx_word' id='word_1_313' title='bbox 1155 2647 1320 2676; x_wconf 75' lang='lat' dir='ltr'>missam.</span> <span class='ocrx_word' id='word_1_314' title='bbox 1359 2649 1389 2682; x_wconf 78' lang='lat'>2)</span> <span class='ocrx_word' id='word_1_315' title='bbox 1408 2650 1477 2675; x_wconf 65' lang='lat' dir='ltr'>noc.</span> 
     </span>
     <span class='ocr_line' id='line_1_35' title="bbox 91 2692 417 2724; baseline 0 -4"><span class='ocrx_word' id='word_1_316' title='bbox 91 2692 231 2722; x_wconf 85' lang='lat' dir='ltr'>omittunt</span> <span class='ocrx_word' id='word_1_317' title='bbox 249 2693 417 2724; x_wconf 71' lang='lat' dir='ltr'>occulto.</span> 
     </span>
    </p>
   </div>
  </div>
 </body>
</html>
