1742 3005
269 94 352 133 600
410 96 507 145 Cap.
539 94 747 132 CXXXIV.
807 94 866 131 De
897 102 1027 131 sancto
1052 93 1216 131 Adriano
1247 106 1332 130 cum
1363 93 1476 130 sociis
1507 94 1598 129 suis.

273 200 353 235 aliis
370 210 443 234 cum
464 198 595 243 gaudio
617 197 804 232 referebat.
832 196 933 231 Tunc
953 207 1015 231 rex
1033 207 1055 231 a
1073 202 1222 242 quatuor
1242 197 1468 233 validissimis
1482 198 1566 232 viris
1577 197 1659 232 feeit

274 275 348 300 eum
373 265 530 309 graviter
555 262 679 304 caedi,
714 272 833 296 omnes
861 265 974 296 autem
1001 272 1133 306 poenas
1161 267 1194 297 et
1218 264 1516 308 interrogationes
1543 266 1577 297 et
1602 272 1658 297 re-

272 329 482 372 sponsiones
505 326 646 360 Natalia
671 326 751 360 aliis
778 326 1000 368 martiribus,
1027 328 1086 372 qui
1113 331 1212 361 erant
1237 328 1273 360 in
1301 337 1464 369 carcere,
1493 329 1658 361 continuo

272 393 460 428 referebat.
508 391 543 426 In
562 396 692 426 tantum
712 396 825 426 autem
845 402 970 426 caesus
988 395 1052 433 est,
1080 396 1117 426 ut
1134 393 1210 436 ejus
1232 393 1372 426 viscera
1389 391 1658 426 effunderentur.

273 458 372 493 Tunc
407 458 499 492 ferro
531 459 666 491 vinctus
699 468 773 491 cum
806 457 887 490 aliis
921 458 956 490 in
993 466 1134 491 carcere
1170 456 1371 491 recluditur.
1418 455 1505 490 Erat
1546 461 1660 491 autem

272 525 449 560 Adrianus
473 524 613 569 juvenis
640 523 810 557 delicatus
838 522 941 556 valde
968 526 1003 556 et
1028 521 1178 556 decorus
1205 532 1371 556 annorum
1395 520 1556 563 XXVIII,
1588 521 1660 555 Na-

271 590 360 624 talia
387 599 470 623 vero
498 590 606 622 virum
633 599 730 622 suum
757 589 917 632 supinum
947 588 1124 632 jacentem
1159 591 1194 622 et
1226 591 1335 620 totum
1361 587 1552 621 laceratum
1579 596 1662 620 con-

274 655 454 695 siderans,
482 656 620 687 mittens
646 663 780 686 manum
806 653 869 687 sub
899 654 1030 687 vertice
1057 654 1132 696 ejus
1158 652 1315 686 dicebat:
1352 651 1477 685 beatus
1504 661 1560 693 es,
1599 651 1662 685 do—

273 722 362 754 mine
389 729 496 760 meus,
523 719 582 762 qui
608 718 734 762 dignus
758 718 900 752 effectus
919 728 956 751 es
975 717 1017 751 de
1035 728 1177 751 numero
1196 727 1275 752 esse
1296 720 1512 755 sanctorum3
1538 716 1662 750 beatus

274 795 324 827 es,
354 784 468 818 lumen
494 793 616 823 meum,
644 786 681 816 ut
706 783 852 826 patiaris
879 793 942 826 pro
968 792 1022 822 eo,
1049 783 1106 825 qui
1132 792 1194 825 pro
1219 786 1254 815 te
1282 791 1408 825 passus
1437 785 1500 815 est.
1549 780 1662 826 Perge

273 860 384 892 nunc,
419 848 529 882 dulcis
554 858 670 889 meus,
704 852 741 881 ut
768 847 890 881 videas
915 846 1066 892 gloriam
1092 847 1182 890 ejus.
1230 846 1386 880 Audiens
1412 849 1527 879 autem
1553 847 1663 890 impe-

273 920 382 957 rator,
410 913 503 959 quod
530 913 658 946 multae
685 917 866 947 matronae
893 914 1024 946 sanctis
1050 913 1084 945 in
1110 921 1253 945 carcere
1279 912 1528 951 ministrarent,
1558 920 1663 954 prae-

273 982 386 1024 cepit,
430 990 473 1013 ne
512 978 658 1012 ulterius
703 977 749 1011 ad
795 988 855 1012 eos
897 977 1036 1023 ingredi
1072 978 1326 1021 permittantur.
1385 975 1484 1015 Quod
1517 975 1663 1010 audiens

272 1045 415 1079 Natalia
445 1054 484 1078 se
519 1046 633 1088 ipsam
666 1045 864 1076 tonsuravit
900 1047 933 1077 et
967 1042 1121 1077 habitum
1159 1042 1292 1076 virilem
1324 1051 1505 1076 assumens
1531 1042 1664 1075 sanctis

274 1112 307 1143 in
335 1120 475 1143 carcere
500 1107 730 1142 ministrabat.
781 1108 879 1142 Alias
914 1118 1052 1152 quoque
1080 1108 1238 1151 exemplo
1271 1118 1334 1140 suo
1366 1107 1410 1156 ad
1437 1105 1505 1140 hoc
1529 1106 1666 1140 induxit

273 1176 485 1220 rogavitque
515 1174 646 1214 virum,
687 1177 741 1213 ut,
777 1183 851 1206 cum
886 1177 981 1207 esset
1016 1174 1050 1206 in
1082 1172 1221 1217 gloria,
1255 1171 1344 1205 hane
1370 1181 1507 1215 precem
1535 1182 1598 1215 pro
1625 1182 1664 1207 se

273 1241 426 1281 faceret,
453 1243 490 1273 ut
516 1248 554 1272 se
580 1239 745 1271 intactam
770 1237 972 1271 custodiens
998 1237 1092 1271 Deus
1118 1237 1162 1270 ab
1186 1237 1253 1270 hoc
1279 1236 1420 1271 saeculo
1449 1238 1552 1270 citius
1579 1248 1664 1270 evo-

272 1309 379 1340 caret.
428 1304 586 1338 Audiens
611 1307 725 1337 autem
753 1313 827 1345 rex,
858 1313 947 1348 quae
965 1307 1143 1336 matronae
1169 1302 1348 1344 fecissent,
1370 1303 1479 1347 jussit
1506 1302 1665 1336 incudem

271 1371 412 1412 afferri,
454 1374 492 1404 ut
524 1370 644 1403 fractis
687 1379 794 1412 super
826 1378 901 1402 eum
936 1367 1097 1401 cruribus
1129 1368 1242 1401 sancti
1272 1368 1432 1401 martires
1467 1369 1665 1402 interirent.

272 1436 417 1470 Timens
444 1446 528 1470 vero
556 1434 716 1476 Natalia,
755 1444 796 1468 ne
823 1435 875 1467 vir
899 1444 982 1467 suus
1009 1444 1051 1467 ex
1076 1433 1222 1466 aliorum
1249 1432 1433 1476 suppliciis
1462 1436 1666 1475 terreretur,

272 1503 414 1546 rogavit
447 1502 647 1542 ministros,
692 1486 739 1533 ιιῐι
762 1500 804 1533 ab
845 1510 885 1533 eo
917 1500 1124 1543 inciperent.
1181 1498 1361 1533 Abscissis
1406 1499 1515 1543 igitur
1547 1497 1590 1531 ab
1624 1508 1665 1532 eo

273 1566 423 1610 pedibus
455 1566 686 1610 erurilmsque
724 1565 845 1598 fractis
882 1566 1023 1609 rogavit
1055 1575 1130 1599 eum
1162 1563 1322 1605 Natalia,
1363 1567 1400 1597 ut
1430 1573 1565 1596 manum
1599 1562 1668 1596 sibi

273 1631 408 1665 abscidi
436 1632 665 1674 permitteret,
694 1635 865 1675 quatenus
893 1632 974 1664 aliis
1001 1632 1147 1672 sanctis,
1176 1632 1233 1675 qui
1261 1630 1363 1673 plura
1389 1629 1488 1672 passi
1515 1628 1666 1671 fuerunt,

273 1706 415 1740 compar
448 1700 551 1730 esset.
614 1697 687 1735 Quo
734 1696 826 1729 sacto
862 1695 1040 1729 Adrianus
1082 1697 1242 1740 spiritum
1277 1694 1430 1729 reddidit
1468 1696 1668 1740 caeterique

272 1761 364 1794 ultro
412 1760 521 1805 pedes
563 1760 812 1805 protendentes
859 1761 903 1794 ad
940 1760 1113 1795 dominum
1149 1762 1398 1806 migraverunt.
1446 1760 1519 1795 Rex
1554 1765 1667 1794 autem

274 1836 395 1859 eorum
423 1836 573 1870 corpora
599 1827 747 1860 eremari
774 1827 974 1868 mandavit,
1014 1825 1154 1859 Natalia
1190 1836 1273 1859 vero
1300 1835 1435 1858 manum
1461 1825 1607 1859 Adriani
1633 1826 1667 1858 in

273 1892 350 1924 sinu
377 1901 440 1924 suo
467 1890 663 1926 abscondit.
713 1890 795 1923 Cum
822 1895 937 1924 autem
961 1900 1111 1934 corpora
1136 1894 1333 1923 sanctorum
1358 1891 1393 1923 in
1419 1891 1535 1935 ignem
1561 1900 1665 1934 prac—

273 1956 524 2000 cipum-entur,
561 1955 672 1988 voluit
705 1958 738 1988 et
769 1953 910 1988 Natalia
943 1965 980 1989 se
1015 1964 1090 1988 eum
1124 1955 1168 1988 iis
1202 1956 1238 1988 in
1271 1956 1387 1999 ignem
1418 1956 1667 2000 praecipitare,

272 2020 336 2054 sed
378 2019 495 2054 subito
536 2019 862 2054 vehementissinuls
906 2019 1016 2054 imber
1055 2021 1170 2064 erupit
1217 2024 1251 2054 et
1285 2021 1400 2065 ignem
1439 2021 1666 2065 exstinguens

273 2095 425 2130 corpora
457 2089 656 2118 sanctorum
695 2085 822 2118 illaesa
855 2085 1028 2126 servavit,
1064 2084 1248 2118 christiani
1281 2096 1363 2119 vero
1399 2085 1548 2119 consilio
1582 2086 1668 2119 inito

273 2160 424 2194 corpora
449 2149 792 2193 Constantinopolim
817 2148 1003 2183 transferri
1029 2149 1207 2193 fecerunt,
1234 2161 1416 2195 quousque
1441 2160 1528 2195 pace
1553 2149 1668 2185 eccle-

273 2217 349 2249 siae
385 2214 525 2248 reddita
561 2226 634 2249 cum
663 2214 798 2248 honore
825 2214 1052 2249 reserrentur.
1102 2215 1204 2249 Passi
1229 2220 1310 2249 sunt
1336 2217 1430 2250 circa
1456 2225 1579 2249 annum
1606 2214 1670 2249 do-

271 2280 354 2313 mini
381 2279 581 2314 CCLXXX.
632 2279 774 2314 Natalia
800 2291 884 2315 vero
911 2280 1001 2314 domi
1027 2290 1210 2315 remanens
1236 2291 1371 2315 manum
1393 2282 1504 2315 sancti
1524 2280 1671 2314 Adriani

273 2343 343 2377 sibi
368 2345 533 2386 retinuit,
568 2355 670 2390 quam
700 2347 733 2378 in
763 2345 927 2378 solatium
955 2347 1046 2380 vitae
1073 2356 1158 2380 suae
1189 2357 1326 2391 semper
1352 2346 1396 2380 ad
1422 2349 1527 2390 caput
1551 2344 1671 2379 lectuli

270 2410 326 2443 sui
358 2410 509 2443 tenebat.
558 2409 643 2443 Post
679 2409 744 2443 hoc
778 2415 895 2445 autem
928 2411 1089 2445 tribunus
1126 2412 1248 2447 videns
1278 2411 1451 2446 Nataliam
1486 2415 1556 2445 tam
1591 2410 1669 2455 pul-

268 2473 474 2508 cherrimam
514 2478 653 2520 tamque
696 2475 840 2509 divitem
886 2479 920 2509 et
960 2475 1115 2510 nobilem
1155 2476 1197 2512 de
1235 2477 1412 2512 voluntate
1449 2475 1670 2520 imperatoris

268 2537 436 2573 honestas
463 2544 641 2574 matronas
668 2542 774 2582 misit,
801 2541 893 2574 utin
916 2551 1014 2574 suum
1034 2542 1235 2587 conjugium
1262 2542 1488 2577 consentiret.
1536 2539 1669 2577 Quibus

269 2602 410 2637 Natalia
444 2605 645 2649 respondit:
683 2607 760 2651 quis
798 2606 887 2640 mihi
920 2611 1104 2650 praestare
1135 2608 1285 2652 poterit,
1319 2609 1356 2640 ut
1388 2605 1583 2649 conjungar
1607 2604 1669 2637 tali

271 2667 373 2700 viro?
421 2667 490 2703 Sed
529 2674 636 2715 peto,
672 2675 707 2705 ut
744 2672 845 2705 trium
882 2670 1013 2706 dierum
1052 2672 1136 2706 mihi
1173 2672 1298 2707 dentur
1329 2668 1510 2711 induciae,
1550 2673 1586 2703 ut
1619 2680 1670 2705 me
