1742 3005
136 62 232 112 Cap.
265 60 400 97 CXlX.
459 60 518 98 De
549 60 781 98 assumtione
813 66 966 98 sanctae
991 60 1133 99 Mariae
1161 60 1326 110 virginis.
1384 60 1461 97 511

77 167 165 201 enim
202 167 296 200 ratio
332 169 407 207 est,
443 166 604 211 quoniam
641 169 838 199 sanctorum
870 174 997 209 eorpus
1032 163 1126 199 Deus
1162 165 1317 208 pretiose
1351 164 1463 199 subii<

74 234 201 275 mavit,
227 236 265 266 ut
301 236 386 277 puta
417 231 512 266 Petri
553 235 587 266 et
616 230 740 266 Jacobi
772 236 840 265 tam
875 230 1034 277 gloriose
1068 230 1285 264 venerabilia
1309 230 1465 266 reddidit

75 302 111 332 et
149 296 282 332 honore
320 301 389 331 tam
433 296 576 331 mirifico
617 296 837 338 sublimavit,
880 301 916 329 ut
955 300 988 329 et
1030 296 1117 339 ipsis
1145 294 1331 340 deputetur
1364 296 1465 331 locus

75 373 194 398 eorum
230 364 449 397 venerationi
492 372 667 408 congruus
712 366 747 396 et
787 361 830 396 ad
870 363 948 406 ipsa
989 360 1135 394 mundus
1175 366 1342 405 properet
1386 363 1464 396 uni-

77 438 212 465 versus.
287 428 324 463 Si
360 430 469 474 igitur
499 427 637 462 Mariae
672 436 799 470 corpus
832 436 939 469 super
971 428 1100 458 terram
1137 435 1215 459 esse
1252 426 1388 461 dicatur
1430 432 1465 463 et

74 497 190 528 tamen
223 503 288 528 uec
322 493 450 528 devota
474 492 716 537 frequentetur
740 492 941 525 visitatione
971 488 1142 530 fidelium,
1168 490 1230 524 sed
1256 493 1359 525 etiam
1398 503 1463 526 nec

74 559 186 594 eidem
211 559 308 593 locus
333 558 520 603 deputetur
545 556 704 598 honoris,
730 557 889 589 nimirum
908 554 1084 589 videbitur
1109 553 1270 589 Christus
1296 555 1462 592 honorem

72 625 221 659 materni
252 624 410 668 corporis
441 622 691 663 contemsisse,
743 631 818 655 cum
861 625 976 655 tamen
1012 631 1118 665 super
1150 624 1278 655 terram
1316 621 1461 656 aliorum

72 693 271 724 sanctorum
310 697 461 733 corpora
502 688 552 721 sic
599 686 759 725 honoret.
818 687 1046 731 Hieronymus
1082 687 1185 721 etiam
1221 686 1324 729 dicit,
1368 688 1461 733 quod

71 752 181 789 xvlss
204 754 270 789 cal.
297 753 522 798 Septembres
547 752 663 786 Maria
688 752 733 786 ad
758 753 877 787 coelos
905 751 1090 786 adscendit
1107 780 1114 794 ,
1151 751 1243 797 quod
1271 763 1352 786 vero
1377 755 1463 787 dicit

72 819 115 855 de
138 818 275 854 Mariae
308 818 487 863 corporali
522 819 756 859 assumtione,
800 818 953 852 ecclesia
990 819 1107 862 potius
1141 817 1242 862 eligit
1272 819 1328 860 pie
1360 817 1461 851 dubi-

71 888 160 927 tare,
188 895 289 930 quam
311 884 444 930 aliquid
467 888 598 918 temere
624 883 779 918 definire.
829 882 864 916 ln
892 883 1120 927 sequentibus
1146 882 1355 916 credendum
1383 894 1461 917 esse

70 952 122 985 sic
148 950 286 996 probat.
335 950 373 985 Si
397 960 466 984 non
488 949 630 991 desunt,
658 950 714 994 qui
742 948 880 991 dicunt,
909 949 942 981 iu
968 947 1042 990 his,
1070 949 1126 993 qui
1152 958 1226 981 cum
1245 947 1385 982 Christo
1403 960 1459 983 re—

70 1020 315 1058 surrexerunt,
342 1019 544 1060 perpetuam
571 1017 858 1049 resurrectionem
881 1015 953 1059 jam
985 1024 1064 1048 esse
1088 1014 1293 1058 completam
1320 1018 1354 1049 et
1374 1025 1460 1047 nou-

70 1081 156 1116 nuiii
190 1080 336 1115 credant
367 1079 547 1114 custodem
582 1081 730 1125 virginis
763 1079 956 1114 Johannem
990 1081 1093 1114 etiam
1125 1079 1324 1125 glorificata
1354 1090 1458 1114 carne

69 1146 225 1193 gaudere
249 1156 323 1181 cum
351 1145 510 1188 Christo,
549 1156 610 1179 cur
643 1145 679 1179 id
713 1156 781 1179 nou
813 1147 926 1191 magis
963 1149 1017 1179 est
1043 1144 1253 1179 credendum
1284 1144 1327 1179 de
1353 1150 1460 1180 matre

68 1212 286 1248 salvatoris?
336 1212 402 1252 Qui
428 1213 516 1246 enim
546 1211 651 1245 dixit:
689 1210 825 1245 honora
859 1215 993 1255 patrem
1030 1215 1063 1244 et
1099 1215 1263 1251 matrem,
1304 1215 1358 1252 et,
1392 1222 1460 1245 non

70 1278 148 1312 veni
180 1278 320 1313 solvere
353 1277 487 1323 legem,
531 1276 594 1311 sed
627 1276 832 1320 adimplere,
866 1276 1025 1320 profecto
1051 1281 1192 1310 matrem
1223 1287 1319 1310 suam
1354 1287 1460 1321 super

69 1354 189 1378 omnes
213 1343 414 1384 honoravit,
438 1352 502 1377 nec
528 1352 591 1376 nos
617 1341 660 1375 de
685 1341 791 1376 beata
819 1341 936 1376 Maria
961 1342 1062 1376 modo
1090 1331 1215 1375 sactum
1237 1342 1458 1389 ambigimus.

67 1409 286 1454 Augustinus
306 1412 419 1442 autem
437 1418 506 1441 nou
524 1407 634 1440 solum
653 1406 719 1441 hoc
737 1408 899 1450 affirmat,
925 1407 987 1442 sed
1006 1409 1107 1441 eliam
1134 1408 1245 1442 tribus
1265 1409 1458 1443 rationibus

68 1474 134 1509 hoc
178 1473 317 1519 probat.
381 1472 425 1507 Et
463 1474 576 1518 prima
619 1473 757 1518 quidem
801 1477 854 1507 est
895 1474 1010 1507 carnis
1056 1472 1186 1506 Christi
1232 1478 1266 1507 et
1310 1475 1458 1519 virginis

67 1541 194 1573 unitas.
242 1539 303 1573 Ait
329 1540 418 1574 enim
446 1540 517 1573 sic:
554 1538 705 1583 putredo
730 1548 878 1583 namque
907 1542 941 1573 et
967 1539 1092 1572 vermis
1118 1538 1288 1573 humanae
1315 1543 1368 1574 est
1393 1550 1457 1584 op-

67 1605 245 1650 probrium
279 1603 514 1648 conditionis,
560 1614 580 1638 a
612 1614 680 1649 quo
721 1604 914 1649 opprobrio
966 1614 1041 1638 cum
1078 1603 1183 1639 Jesus
1224 1605 1360 1640 alienus
1398 1607 1457 1647 sit,

66 1671 205 1706 Mariae
230 1674 355 1705 natura
379 1671 571 1714 excipitur,
605 1679 707 1715 quam
741 1668 844 1704 Jesus
879 1669 922 1704 dc
954 1680 997 1704 ea
1034 1672 1245 1705 assumsisse
1273 1671 1454 1715 probatur.

66 1735 229 1771 Secunda
259 1737 350 1770 ratio
385 1739 439 1770 est
463 1737 623 1780 corporis
656 1736 733 1781 ejus
760 1735 936 1781 dignitas,
971 1735 1063 1770 unde
1089 1738 1156 1769 ait:
1190 1736 1352 1770 thronum
1380 1737 1455 1773 Dei,

63 1801 252 1836 thalamum
270 1801 412 1843 domini,
437 1800 698 1836 tabernaculum
721 1801 849 1836 Christi
879 1801 1018 1847 dignum
1039 1806 1092 1836 est
1111 1801 1160 1835 ibi
1181 1812 1273 1844 esse,
1301 1803 1360 1836 ubi
1380 1803 1456 1847 ipse

66 1871 132 1910 est,
155 1871 225 1901 tam
243 1867 435 1912 pretiosum
458 1866 660 1901 thesaurum
682 1867 824 1913 dignius
843 1872 897 1902 est
922 1867 1021 1901 coelo
1052 1869 1199 1909 servari,
1229 1878 1329 1912 quam
1348 1871 1454 1902 terra.

63 1932 189 1967 Tertia
204 1936 259 1967 est
275 1931 457 1978 virginalis
475 1934 591 1966 carnis
610 1933 770 1977 perfecta
789 1934 987 1979 integritas
1023 1933 1085 1967 Ait
1102 1935 1191 1968 enim
1207 1934 1278 1967 sic:
1306 1934 1453 1974 laetare,

60 1996 189 2039 Maria,
215 1997 352 2031 laetitia
372 1997 600 2031 inenarrabili
628 2007 778 2042 corpore
801 2002 835 2032 et
851 1999 965 2031 anima
990 1999 1024 2031 in
1044 1998 1183 2032 Christo
1209 2000 1352 2043 proprio
1381 1998 1453 2032 filio

61 2072 136 2097 cum
162 2062 306 2106 proprio
331 2059 402 2094 filio
426 2071 490 2104 per
514 2063 692 2104 proprium
720 2062 838 2103 tilium,
866 2072 928 2096 nec
956 2064 1057 2106 sequi
1083 2062 1189 2096 debet
1216 2064 1452 2106 corruptionis

62 2137 246 2170 aerumna,
274 2135 376 2172 quam
402 2125 499 2160 nulla
523 2130 645 2160 secuta
671 2130 724 2161 est
750 2130 880 2160 tantum
907 2127 1013 2160 lilium
1041 2126 1211 2171 pariendo
1237 2127 1451 2172 integritatis

63 2194 254 2238 corruptio,
281 2195 318 2226 ut
342 2192 390 2226 sit
413 2201 552 2236 semper
578 2192 792 2236 incorrupta,
818 2201 919 2237 quam
943 2196 1041 2226 tanta
1067 2192 1223 2236 perfudit
1247 2194 1375 2238 gratia,
1406 2194 1451 2226 sit

60 2259 198 2304 integre
216 2259 350 2299 vivens,
376 2266 465 2302 quae
480 2258 810 2303 oniniumintegram
828 2256 1090 2302 perfectamque
1110 2260 1232 2302 genuit
1253 2259 1378 2301 vitam,
1405 2260 1451 2292 sit

61 2333 137 2357 cum
160 2322 235 2365 illo,
261 2332 363 2368 quem
389 2323 424 2355 in
448 2332 511 2356 suo
531 2324 644 2368 gessit
666 2327 778 2365 utero,
807 2323 854 2357 sit
878 2322 971 2368 apud
987 2322 1082 2356 illum
1110 2323 1183 2365 illa,
1204 2333 1295 2368 quae
1313 2325 1448 2368 genuit,

60 2388 148 2422 fovit
159 2391 194 2423 et
212 2388 300 2422 aluit
317 2387 424 2430 illum,
453 2387 570 2423 Maria
586 2387 650 2422 Dei
669 2388 836 2433 genitrix,
853 2387 919 2422 Dei
938 2389 1112 2421 ministrix
1131 2392 1166 2422 et
1185 2389 1360 2423 servitrix.
1397 2387 1448 2423 De

58 2463 140 2498 qua,
161 2453 244 2498 quia
261 2452 367 2488 aliter
384 2454 515 2488 sentire
535 2463 605 2487 non
619 2452 746 2496 audeo,
765 2452 861 2487 aliud
878 2452 996 2487 dicere
1015 2463 1082 2486 non
1092 2462 1289 2496 praesumo.
1315 2452 1368 2487 Ad
1381 2452 1448 2487 hoc

58 2516 161 2560 facit,
187 2516 281 2563 quod
307 2517 369 2553 ilie
393 2519 561 2564 egregius
589 2516 805 2553 versificator
828 2519 896 2552 ait:
929 2517 1069 2552 scandit
1102 2516 1146 2551 ad
1174 2516 1321 2553 aethera
1345 2518 1447 2564 virgo

56 2592 244 2627 puerpera,
275 2583 414 2629 virgula
436 2584 536 2628 Jesse
564 2594 630 2618 non
656 2584 733 2618 sine
772 2592 920 2628 corpore
948 2581 1012 2617 sed
1048 2583 1125 2617 sine
1151 2585 1309 2628 tempore
1334 2582 1447 2618 tendit

54 2647 193 2684 adesse.
241 2647 401 2684 Secundo
435 2648 620 2684 laeta-nter.
668 2648 718 2683 De
752 2647 820 2683 hoc
860 2647 945 2683 dicit
978 2646 1156 2683 Ger-ardus
1190 2649 1377 2694 episcopus
1411 2651 1446 2682 et
