1742 3005
427 109 520 159 Cap.
553 108 725 146 Lxxm.
786 110 842 147 De
873 117 1001 146 sancto
1034 110 1180 160 spiritu.
1421 107 1500 148 333

111 220 163 248 tes
200 223 220 247 a
254 219 445 258 conspectu
482 215 623 249 consilii
662 220 725 249 etc.
776 215 972 250 Secundum
1009 215 1144 260 signum
1170 218 1224 249 est
1249 225 1316 248 non
1342 215 1420 259 plus
1447 227 1499 249 re-

112 280 229 323 cipere
266 279 341 313 sive
375 282 571 315 satietatem
604 280 746 315 habere.
796 281 943 321 Quando
983 282 1071 315 enim
1113 290 1174 315 vas
1209 280 1328 325 aliquo
1365 280 1502 326 liquore

110 343 245 389 plenum
272 349 344 387 est,
380 345 475 380 aliud
511 348 668 391 recipere
703 357 770 380 non
805 351 939 391 potest:
974 346 1133 380 similiter
1165 346 1267 379 homo
1301 350 1400 380 satur
1434 358 1500 381 non

109 412 245 455 appetit
270 411 430 455 amplius.
480 412 538 445 Sic
560 414 695 453 sancti,
724 413 780 457 qni
807 411 937 446 habent
963 411 1211 455 plenitudinem
1239 414 1398 456 gratiae,
1433 424 1501 446 non

108 481 257 520 possunt
285 478 444 522 recipere
470 477 574 510 alium
601 478 770 522 liquorem
799 477 1000 511 dilectionis
1027 480 1210 516 terrenae,
1246 476 1336 510 Ysai.
1364 477 1395 510 l:
1424 478 1498 522 plor*

108 552 173 575 nus
208 553 281 576 sum
318 547 352 577 et
389 541 468 576 ideo
502 541 711 576 holocausta
746 547 810 577 etc.
861 542 1030 576 Similiter
1069 543 1128 586 qni
1160 546 1391 586 gustaverunt
1418 552 1498 577 coe-

109 607 230 642 lestem
259 609 487 648 suavitatem,
516 606 594 641 ideo
620 618 687 642 non
714 609 836 642 sitiunt
860 612 1034 642 terrenam
1059 607 1282 651 voluptatem.
1332 608 1501 653 Augusti-

110 684 192 708 nus:
228 674 287 718 qui
323 672 454 707 biberit
485 672 528 707 de
564 673 670 707 fluvio
705 674 884 718 paradisi,
930 674 1029 718 cujus
1063 683 1131 706 nna
1164 677 1265 718 gutta
1300 674 1413 718 major
1448 679 1502 708 est

109 749 261 781 oceano,
297 742 431 780 restat,
468 742 506 772 ut
540 739 572 772 in
612 750 653 774 eo
690 741 769 773 sitis
811 739 916 785 hujus
953 739 1070 773 mundi
1107 740 1282 773 exstincta
1323 740 1378 772 sit.
1428 739 1499 773 Hoc

107 806 244 850 signum
277 803 457 839 habebant
490 805 665 849 apostoli,
708 806 767 850 qui
804 805 891 839 nihil
924 806 1101 849 proprium
1136 804 1320 838 volucrunt
1354 804 1498 841 hahere.

107 869 171 904 sed
207 871 239 903 in
274 871 445 904 communi
479 871 595 904 omnia
621 870 789 905 dividere.
841 870 999 904 Tertium
1024 871 1160 914 signum
1189 873 1241 903 est
1267 870 1497 913 superfluere,

108 940 145 970 ut
174 939 271 980 patet
308 936 342 970 in
378 936 482 970 ssuvio
518 935 774 978 inundante¹);
814 934 946 969 Eccles.
982 934 1110 968 XMV:
1150 936 1208 979 qui
1245 934 1364 978 implet
1397 936 1498 979 quasi

108 1001 238 1035 Phison
262 1002 481 1045 sapientiam.
530 1000 584 1035 Ad
610 1001 778 1035 litteram:
813 1000 908 1034 illius
944 1000 1038 1033 fluvii
1071 1001 1247 1044 proprium
1275 1004 1328 1034 est
1354 1000 1499 1035 el'lluerc

108 1070 142 1101 et
169 1066 499 1112 circumadJacentia
526 1067 697 1112 irrigare:
732 1068 782 1100 sie
810 1066 963 1111 apostoli
991 1070 1183 1110 coeperunt
1216 1065 1382 1107 effluere,
1417 1068 1500 1111 quia

105 1136 297 1177 coeperunt
321 1132 418 1178 loqui
445 1133 552 1166 variis
577 1132 721 1178 linguis,
747 1132 806 1166 ubi
832 1132 917 1166 dicit
941 1131 1087 1165 Glossa:
1112 1141 1194 1166 ecce
1223 1132 1359 1183 signum
1386 1132 1498 1176 pleni-

105 1197 259 1241 tudinis,
296 1198 436 1242 plenum
460 1208 522 1232 vas
549 1199 716 1243 erumpit,
751 1199 843 1243 ignis
879 1199 913 1231 in
947 1199 1024 1232 sinu
1058 1208 1127 1230 non
1162 1201 1280 1242 potest
1314 1197 1498 1234 occultari.

107 1267 299 1309 coeperunt
335 1265 458 1298 iterum
492 1263 841 1309 circumadjacientia
876 1264 1038 1309 irrigare.
1087 1262 1185 1297 Unde
1221 1264 1337 1297 statim
1374 1263 1498 1298 Petrus

106 1328 315 1374 praedicare
341 1332 457 1374 coepit
483 1334 517 1364 et
541 1332 609 1364 tria
635 1330 744 1363 millia
779 1331 959 1364 convertit.
1010 1328 1173 1363 Secundo
1208 1330 1335 1362 missus
1372 1332 1427 1363 est
1465 1330 1498 1362 in

108 1395 239 1440 linguis
265 1395 399 1440 igneis,
437 1396 531 1429 circa
562 1395 653 1440 quod
685 1396 754 1429 tria
782 1394 933 1429 videnda
964 1398 1064 1437 sunt,
1101 1395 1233 1438 primo,
1270 1404 1377 1439 quare
1414 1404 1495 1429 con-

103 1460 248 1504 junctim
275 1461 309 1493 in
334 1459 468 1506 linguis
494 1461 630 1506 igneis,
667 1460 821 1495 secundo
858 1470 967 1504 quare
994 1461 1027 1492 in
1054 1461 1135 1504 igne
1162 1460 1300 1504 potius,
1334 1470 1435 1504 quam
1464 1462 1498 1494 in

107 1524 178 1560 alio
205 1525 388 1567 elemento,
413 1527 518 1560 tertio
545 1536 653 1571 quare
682 1527 716 1559 in
741 1526 863 1571 lingua
890 1526 1020 1569 potius,
1048 1534 1148 1569 quam
1176 1525 1210 1558 in
1236 1524 1306 1558 alio
1332 1525 1497 1560 membro.

107 1590 157 1626 De
182 1592 294 1636 primo
321 1591 521 1634 sciendum,
549 1591 642 1636 quod
667 1592 797 1636 triplici
825 1590 927 1625 modo
952 1592 1117 1635 apparuit
1142 1591 1175 1623 in
1201 1590 1332 1635 linguis
1360 1592 1498 1636 igneis:

109 1657 240 1700 primo,
267 1660 305 1690 ut
333 1656 441 1691 verba
464 1658 571 1702 ignea
596 1658 814 1702 proferrent,
841 1656 995 1692 secundo
1023 1660 1059 1690 ut
1085 1655 1199 1701 legem
1230 1657 1367 1701 igneam
1393 1666 1497 1701 prae-

110 1721 278 1764 dicarent,
302 1721 436 1757 scilicet
454 1722 567 1768 legem
580 1724 723 1758 amoris.
748 1722 799 1758 De
821 1722 874 1757 liis
894 1721 1028 1756 duobus
1043 1721 1262 1755 Bel-nardus:
1287 1723 1379 1756 venit
1393 1723 1498 1767 spiri-

110 1791 164 1821 tus
189 1791 332 1822 sanetus
349 1789 383 1822 in
403 1788 535 1834 linguis
551 1789 680 1834 igneis,
708 1794 744 1824 ut
764 1789 896 1835 linguis
917 1788 1066 1822 omnium
1088 1788 1242 1833 gentium
1266 1787 1374 1822 verba
1394 1789 1501 1834 ignea

108 1852 336 1898 loquerentur
368 1858 403 1889 et
434 1853 547 1900 legem
581 1855 719 1900 igneam
742 1855 886 1901 linguae
915 1856 1041 1900 igneae
1070 1853 1324 1898 praedicarent.
1375 1853 1499 1888 Tertio

108 1922 145 1952 ut
170 1920 328 1963 spiritum
354 1924 508 1954 sanctum
524 1948 532 1963 ,
574 1922 632 1965 qui
657 1922 751 1967 ignis
778 1925 852 1963 est,
886 1931 950 1965 per
974 1930 1035 1954 eos
1061 1919 1159 1964 loqui
1183 1924 1440 1965 cognoscerent
1467 1924 1502 1954 ct

109 1983 176 2017 hoc
201 1994 242 2019 ne
267 1984 467 2020 diffiderent
490 1990 525 2020 et
558 1997 601 2020 nc
624 1987 771 2020 aliorum
797 1987 1062 2020 conversionem
1097 1985 1166 2018 sibi
1201 1985 1433 2020 attribuerent
1467 1990 1501 2019 et

110 2053 146 2082 ut
179 2059 297 2083 omnes
329 2060 448 2083 eorum
473 2049 582 2084 verba
604 2056 780 2097 tamquam
804 2052 870 2086 Dei
896 2051 1068 2085 audirent.
1117 2050 1168 2084 De
1202 2050 1356 2084 secundo
1383 2051 1498 2084 scien-

110 2114 210 2156 dum,
248 2114 341 2160 quod
376 2116 503 2149 missus
541 2120 594 2149 est
630 2117 663 2150 in
697 2118 815 2161 speeie
851 2117 945 2162 ignis
971 2114 1155 2158 multiplici
1189 2115 1337 2148 ratione.
1386 2114 1502 2148 Prima

109 2181 255 2214 sumitur
281 2191 389 2225 penes
419 2181 495 2226 ejus
519 2181 780 2226 septemplicem
807 2183 975 2226 gratiam:
1005 2181 1148 2224 spiritus
1178 2181 1266 2214 enim
1292 2179 1337 2213 ad
1362 2180 1500 2214 modum

110 2245 203 2289 ignis
229 2245 301 2279 alta
323 2245 483 2281 humiliat
507 2257 570 2292 per
595 2247 720 2281 donum
747 2248 896 2289 timoris,
923 2245 1055 2281 emollit
1080 2244 1168 2278 (lura
1194 2255 1257 2289 per
1275 2244 1399 2278 donum
1426 2246 1499 2289 pie-

110 2310 215 2351 tatis,
245 2309 418 2344 illuminat
444 2311 596 2347 obscura
622 2324 686 2358 per
711 2314 913 2353 scientiam,
954 2312 1137 2357 restringit
1163 2310 1270 2344 ssuida
1294 2321 1357 2355 per
1384 2312 1499 2344 consi-

112 2375 214 2417 lium,
241 2374 440 2409 consolidat
463 2377 582 2411 mollia
605 2389 669 2422 per
694 2378 954 2419 fortitudinem,
982 2376 1154 2410 clarificat
1178 2375 1320 2409 metalla
1342 2375 1499 2409 tollendo

112 2440 307 2485 rubiginem
331 2449 396 2485 per
421 2440 546 2476 donum
574 2443 792 2485 intellectus,
824 2453 959 2477 sursum
986 2442 1098 2476 tendit
1122 2452 1185 2485 per
1208 2440 1332 2474 donum
1359 2442 1500 2485 sapien-

110 2506 192 2540 tiae.
242 2505 403 2540 Secunda
428 2508 574 2541 sumitur
599 2519 705 2553 penes
732 2510 809 2553 ejus
835 2508 1040 2553 dignitatem
1067 2511 1100 2541 et
1120 2506 1381 2548 excellentiam3
1407 2507 1500 2552 ignis

111 2571 200 2605 enim
225 2571 369 2605 excellit
393 2573 508 2605 onmia
535 2572 708 2607 elementa
732 2574 863 2617 speeie,
889 2572 1014 2607 ordine
1032 2568 1229 2606 et‘virtnte.
1279 2571 1416 2616 Specie,
1443 2581 1498 2605 ra-

179 2717 206 2748 l)
225 2715 278 2747 Ed.
296 2719 339 2747 1’r.
359 2727 443 2746 mun
454 2717 569 2745 dante
588 2717 676 2745 male.
