1742 3005
306 79 399 129 Cap.
431 77 546 117 LXX.
610 77 669 116 De
712 77 853 116 letania
885 78 1020 129 majori
1051 85 1088 116 et
1118 79 1269 117 minori.
1400 78 1480 118 315

96 191 161 216 sua
183 183 279 217 terra
301 181 438 218 audiret
462 185 497 218 et
526 181 658 218 vexilla
684 181 839 225 videret,
868 183 918 217 sic
943 181 1142 225 daemones,
1169 183 1227 228 qui
1252 186 1331 218 sunt
1355 183 1389 216 in
1416 184 1482 217 isto

96 251 177 283 aere
199 246 409 294 caliginoso,
438 247 662 284 vehementer
686 252 850 291 metuunt,
876 247 1014 294 quando
1039 248 1142 282 tubas
1170 247 1324 292 Christi,
1351 249 1485 283 scilicet

96 322 283 357 campanas
310 313 446 359 pulsari
470 315 624 349 sentiunt
656 318 690 349 et
726 313 873 356 vexilla,
915 313 951 347 id
980 319 1053 356 est,
1091 324 1213 349 cruces
1241 316 1482 360 conspiciunt:

97 381 132 413 et
156 379 226 413 ista
251 378 378 414 dicitur
404 390 484 415 esse
500 381 629 422 fratio,
664 389 773 424 quare
807 379 957 414 ecclesia
990 389 1175 424 campanas
1203 382 1384 415 consuevit
1408 380 1485 425 pul-

96 453 198 488 sare,
224 444 362 490 quando
386 449 614 490 tempestates
639 446 807 479 concitari
832 444 945 485 videt,
970 448 1008 478 ut
1031 444 1170 478 scilicet
1194 444 1402 489 daemones,
1429 448 1489 491 qui

97 509 167 544 hoc
199 508 352 553 faciunt,
384 510 488 544 tubas
526 511 659 544 aeterni
695 511 790 555 regis
819 509 966 543 audiant
1007 513 1041 544 et
1074 510 1125 543 sic
1154 511 1268 544 territi
1295 511 1432 555 fugiant
1456 516 1490 547 et

98 585 120 609 a
152 577 373 621 tempestatis
405 577 639 610 concitatione
675 576 878 620 quiescant,
925 575 1008 609 licet
1053 574 1123 609 alia
1166 577 1257 610 ratio
1298 577 1363 618 sit,
1408 579 1490 622 quia

98 651 288 686 campanae
312 644 393 675 tunc
418 639 539 675 fideles
567 641 753 676 admonent
777 645 812 676 et
835 645 1050 685 provocant,
1086 644 1124 675 ut
1157 652 1220 686 pro
1253 643 1395 677 instanti
1427 654 1489 687 pe-

99 705 210 740 riculo
243 707 395 740 orationi
433 707 608 742 insistant.
656 706 763 741 Aliud
799 707 902 741 etiam
934 707 1096 741 vexillum
1133 708 1270 741 aeterni
1305 710 1402 753 regis
1439 713 1493 743 est

98 772 178 816 ipsa
203 781 288 805 crux
311 771 498 806 secundum
524 771 627 806 illud:
659 772 789 807 vexilla
823 774 920 817 regis
958 772 1132 817 prodeunt
1168 778 1234 807 cte.
1285 773 1384 812 Quod
1413 776 1490 818 qui-

100 837 178 873 dem
214 837 378 873 vexillum
411 837 600 873 daemones
634 838 738 873 valde
764 839 896 880 timent,
934 838 1121 872 secundum
1150 838 1242 883 quod
1272 838 1359 872 dicit
1384 840 1492 884 Chry-

100 907 296 938 sostomus:
321 890 536 949 ubicunque,
561 905 691 949 inquit,
717 903 904 938 daemones
930 905 1066 948 signum
1093 903 1302 938 dominicum
1330 904 1493 941 viderint,

101 969 240 1015 fugiunt
254 971 414 1004 timentes
430 969 602 1010 baculum,
627 980 694 1014 quo
718 969 857 1014 plagam
883 961 1110 1013 acceperunt:
1137 973 1170 1003 et
1198 968 1284 1004 haec
1311 974 1363 1004 est
1389 972 1494 1011 ratio,

102 1044 211 1080 quare
235 1035 270 1068 in
297 1034 504 1080 quibusdam
530 1035 689 1069 ecelesiis
716 1039 872 1079 tempore
896 1037 1118 1079 tempestatis
1145 1046 1228 1069 crux
1264 1035 1307 1069 de
1342 1035 1496 1069 ecclesia

104 1099 300 1134 extrahitur
333 1103 369 1135 et
397 1101 599 1145 tempestati
624 1103 831 1145 opponitur,
869 1105 905 1135 ut
941 1101 1076 1135 scilicet
1110 1101 1297 1135 daemones
1334 1101 1496 1135 vexillum

103 1166 226 1199 summi
264 1167 360 1211 regis
393 1165 536 1200 videant
567 1170 602 1201 et
636 1167 750 1200 territi
786 1166 934 1211 fugiant.
981 1165 1064 1200 Ideo
1105 1167 1214 1211 igitur
1242 1176 1327 1200 crux
1352 1168 1385 1200 in
1412 1177 1494 1211 pro-

102 1231 265 1266 cessione
291 1231 449 1266 defertur
472 1235 507 1267 et
530 1241 721 1277 campanae
746 1232 942 1276 pulsantur,
968 1236 1005 1266 ut
1033 1231 1222 1267 daemones
1249 1234 1284 1266 in
1310 1233 1386 1277 ipso
1416 1237 1498 1267 aere

105 1297 317 1332 exsistentes
351 1299 468 1331 territi
501 1297 638 1343 fugiant
670 1302 705 1332 et
740 1307 761 1331 a
794 1303 917 1331 nostra
941 1297 1168 1332 infestatione
1195 1297 1377 1333 desistant.
1430 1298 1498 1333 Ve-

105 1361 224 1395 xillum
258 1366 372 1396 autem
409 1362 539 1397 ibidem
573 1362 730 1398 defertur
764 1367 911 1407 propter
942 1363 1277 1408 repraesentandam
1317 1366 1499 1399 victoriam

108 1427 378 1461 resurrectionis
412 1430 447 1462 et
479 1429 661 1462 victoriam
695 1427 939 1462 adscensionis
975 1428 1128 1470 Christi,
1172 1430 1230 1474 qui
1264 1439 1338 1463 cum
1374 1439 1502 1474 magna

106 1491 242 1536 pracda
265 1492 386 1526 coelos
411 1491 606 1534 adscendit,
632 1493 722 1528 unde
748 1504 812 1538 per
835 1498 919 1527 aera
943 1494 1108 1528 vexillum
1133 1494 1298 1529 incedens
1326 1498 1379 1528 est
1403 1494 1502 1528 Chri-

108 1562 183 1592 stus
211 1559 245 1592 in
270 1557 405 1593 coelum
432 1557 664 1602 adscendens,
696 1563 730 1593 et
755 1560 846 1593 sicut
879 1560 1064 1601 vexillum,
1099 1559 1191 1605 quod
1217 1561 1250 1593 in
1275 1561 1503 1604 processione

109 1623 289 1665 defertur,
325 1623 508 1658 multitudo
545 1624 695 1659 fidelium
728 1627 905 1670 sequitur,
944 1626 995 1659 sic
1030 1625 1205 1660 Christum
1231 1625 1501 1661 adscendentem

109 1699 237 1735 magna
260 1693 457 1724 sanctorum
483 1690 645 1725 collectio
681 1692 875 1726 comitatur.
926 1691 1057 1726 Cantus
1086 1696 1213 1733 autem,
1240 1694 1298 1738 qui
1326 1693 1374 1727 ibi
1408 1692 1503 1733 finnt,

110 1754 309 1801 significant
344 1759 467 1790 cantus
507 1759 541 1790 et
574 1756 698 1791 laudes
737 1756 961 1802 angelorum,
1007 1759 1065 1802 qui
1101 1757 1240 1793 Christo
1279 1758 1506 1793 adscendenti

111 1821 340 1855 obviaverunt
364 1825 398 1856 et
422 1822 534 1866 ipsum
560 1832 635 1856 cum
662 1832 727 1857 sua
752 1823 925 1857 societate
958 1833 1069 1868 usque
1096 1825 1130 1858 in
1156 1825 1291 1859 coelum
1318 1835 1392 1859 cum
1420 1825 1508 1859 mul-

111 1888 158 1921 tis
183 1886 347 1922 laudibus
374 1886 623 1931 perduxerunt.
670 1887 709 1923 In
735 1888 942 1934 quibusdam
967 1893 1082 1923 autem
1109 1890 1270 1925 ecclesiis
1301 1895 1335 1926 et
1359 1893 1508 1925 maxime

112 1953 149 1986 in
175 1952 337 1987 ecclesiis
364 1951 557 1987 Gallicanis
583 1954 799 1988 consuetudo
826 1954 988 1996 hahetur,
1017 1955 1110 2000 quod
1140 1956 1244 1990 draco
1272 1957 1414 2002 quidam
1435 1968 1510 1991 cum

115 2016 224 2062 longa
259 2016 373 2050 canda
397 2021 431 2052 et
455 2018 587 2060 inflata,
621 2019 726 2063 plena
761 2019 900 2054 scilicet
933 2020 1037 2064 palea
1062 2020 1116 2056 vel
1142 2021 1260 2066 aliquo
1286 2022 1350 2055 tali
1375 2021 1512 2055 duobus

116 2081 241 2116 diebus
266 2083 387 2126 primis
413 2086 493 2116 ante
518 2092 654 2117 erucem
679 2088 713 2118 et
736 2086 842 2118 tertio
877 2094 951 2118 cnm
985 2084 1099 2118 cauda
1131 2095 1243 2119 vacua
1269 2090 1350 2130 post
1376 2096 1511 2120 cruceni

117 2146 296 2190 defertur3
331 2157 395 2191 per
421 2147 514 2193 quod
539 2148 778 2193 significatur,
820 2149 911 2194 quod
947 2150 982 2182 in
1014 2151 1124 2194 primo
1152 2150 1208 2185 die
1233 2156 1312 2186 ante
1338 2152 1453 2198 legem
1480 2158 1514 2187 et

117 2215 154 2246 in
179 2212 333 2247 secundo
361 2213 424 2246 sub
451 2213 532 2259 lege
557 2214 728 2259 dyabolus
755 2217 790 2250 in
815 2215 882 2249 hoc
907 2215 1031 2249 mundo
1057 2217 1230 2261 regnavit,
1259 2219 1293 2251 in
1318 2220 1423 2252 tertio
1449 2229 1512 2252 au-

118 2281 189 2312 tem
223 2277 280 2312 die
315 2278 451 2312 scilicet
488 2282 627 2325 gratiae
659 2291 724 2325 per
757 2283 957 2326 passionem
991 2280 1122 2315 Christi
1153 2282 1196 2316 de
1223 2293 1286 2317 suo
1314 2294 1424 2329 regno
1451 2295 1513 2318 ex-

120 2342 243 2388 pulsus
269 2339 365 2395 fundi
393 2341 528 2379 Rursus
552 2346 587 2380 in
612 2348 692 2392 ipsa
715 2349 945 2393 processione
974 2349 1122 2382 omnium
1156 2353 1355 2383 sanctorum
1383 2350 1517 2392 pariter

121 2408 321 2453 patrocinia
334 2408 563 2451 postulamus.
603 2410 717 2450 Quare
733 2417 847 2447 autem
864 2417 946 2447 tunc
961 2423 1139 2458 rogamus,
1155 2413 1273 2457 plures
1287 2423 1414 2448 causae
1437 2418 1517 2449 sunt

123 2475 286 2519 superius
304 2474 521 2519 assignatae.
569 2475 657 2510 Sunt
682 2481 796 2512 autem
822 2481 857 2512 et
880 2478 972 2511 aliae
999 2487 1128 2512 causae
1151 2479 1350 2524 generales,
1373 2485 1518 2525 propter

125 2549 213 2585 quas
241 2538 335 2574 Deus
362 2539 558 2582 ordinavit,
592 2544 631 2574 ut
662 2546 802 2575 sanctos
836 2552 994 2585 oremus,
1030 2542 1165 2579 scilicet
1195 2549 1340 2590 propter
1363 2550 1518 2580 nostram

125 2605 299 2650 inopiam,
335 2608 535 2640 sanctorum
561 2604 709 2652 gloriam
737 2610 772 2642 et
795 2606 861 2642 Dei
887 2609 1128 2644 reverentiam.
1177 2609 1297 2644 Sancti
1323 2611 1411 2646 enim
1436 2615 1520 2647 vota

127 2670 396 2716 supplicantium
424 2672 514 2708 scire
539 2673 700 2718 possunt,
726 2673 808 2719 quia
829 2674 866 2709 in
890 2673 952 2710 illo
977 2678 1120 2712 aeterno
1146 2676 1289 2723 speculo
1307 2677 1517 2725 intelligunt,
