<?xml version="1.0" encoding="UTF-8"?>
<!DOCTYPE html PUBLIC "-//W3C//DTD XHTML 1.0 Transitional//EN"
    "http://www.w3.org/TR/xhtml1/DTD/xhtml1-transitional.dtd">
<html xmlns="http://www.w3.org/1999/xhtml" xml:lang="en" lang="en">
 <head>
  <title>
</title>
<meta http-equiv="Content-Type" content="text/html;charset=utf-8" />
  <meta name='ocr-system' content='tesseract 3.04.00' />
  <meta name='ocr-capabilities' content='ocr_page ocr_carea ocr_par ocr_line ocrx_word'/>
</head>
<body>
  <div class='ocr_page' id='page_1' title='image "./legendaaureavulg00jacouoft_0585.png"; bbox 0 0 1742 3005; ppageno 0'>
   <div class='ocr_carea' id='block_1_1' title="bbox 338 90 1492 145">
    <p class='ocr_par' dir='ltr' id='par_1_1' title="bbox 338 90 1492 145">
     <span class='ocr_line' id='line_1_1' title="bbox 338 90 1492 145; baseline -0.001 -13"><span class='ocrx_word' id='word_1_1' title='bbox 338 95 436 145; x_wconf 85' lang='lat' dir='ltr'>Cap.</span> <span class='ocrx_word' id='word_1_2' title='bbox 470 93 644 132; x_wconf 73' lang='lat' dir='ltr'><strong>CXXIII.</strong></span> <span class='ocrx_word' id='word_1_3' title='bbox 711 94 769 131; x_wconf 74' lang='lat' dir='ltr'>De</span> <span class='ocrx_word' id='word_1_4' title='bbox 799 100 930 130; x_wconf 80' lang='lat' dir='ltr'>sancto</span> <span class='ocrx_word' id='word_1_5' title='bbox 962 92 1250 130; x_wconf 65' lang='lat' dir='ltr'>Bar-tholomeo.</span> <span class='ocrx_word' id='word_1_6' title='bbox 1410 90 1492 131; x_wconf 78' lang='lat'>547</span> 
     </span>
    </p>
   </div>
   <div class='ocr_carea' id='block_1_2' title="bbox 92 198 1493 2528">
    <p class='ocr_par' dir='ltr' id='par_1_2' title="bbox 92 198 1493 2528">
     <span class='ocr_line' id='line_1_2' title="bbox 100 198 1490 246; baseline -0.002 -11"><span class='ocrx_word' id='word_1_7' title='bbox 100 199 271 246; x_wconf 71' lang='lat' dir='ltr'>pattentia</span> <span class='ocrx_word' id='word_1_8' title='bbox 295 199 430 242; x_wconf 78' lang='lat' dir='ltr'>inlus,</span> <span class='ocrx_word' id='word_1_9' title='bbox 468 210 559 246; x_wconf 86' lang='lat' dir='ltr'>qaae</span> <span class='ocrx_word' id='word_1_10' title='bbox 590 201 790 244; x_wconf 80' lang='lat' dir='ltr'>¹)pereunt.</span> <span class='ocrx_word' id='word_1_11' title='bbox 837 199 914 234; x_wconf 80' lang='lat' dir='ltr'>Non</span> <span class='ocrx_word' id='word_1_12' title='bbox 944 199 1156 242; x_wconf 78' lang='lat' dir='ltr'>²)rei&#39;utavit</span> <span class='ocrx_word' id='word_1_13' title='bbox 1186 198 1392 244; x_wconf 88' lang='lat' dir='ltr'>apostolus,</span> <span class='ocrx_word' id='word_1_14' title='bbox 1428 198 1490 234; x_wconf 88' lang='lat' dir='ltr'>sed</span> 
     </span>
     <span class='ocr_line' id='line_1_3' title="bbox 99 265 1492 311; baseline -0.001 -10"><span class='ocrx_word' id='word_1_15' title='bbox 99 270 140 301; x_wconf 91' lang='lat' dir='ltr'>ut</span> <span class='ocrx_word' id='word_1_16' title='bbox 164 265 312 300; x_wconf 81' lang='lat' dir='ltr'>famulus</span> <span class='ocrx_word' id='word_1_17' title='bbox 344 265 458 300; x_wconf 84' lang='lat' dir='ltr'>tidelis</span> <span class='ocrx_word' id='word_1_18' title='bbox 485 266 657 300; x_wconf 86' lang='lat' dir='ltr'>dominico</span> <span class='ocrx_word' id='word_1_19' title='bbox 683 267 910 311; x_wconf 68' lang='lat' dir='ltr'>acquiescens</span> <span class='ocrx_word' id='word_1_20' title='bbox 942 269 1153 310; x_wconf 87' lang='lat' dir='ltr'>praecepto,</span> <span class='ocrx_word' id='word_1_21' title='bbox 1188 266 1308 311; x_wconf 88' lang='lat' dir='ltr'>pergit</span> <span class='ocrx_word' id='word_1_22' title='bbox 1333 265 1492 311; x_wconf 84' lang='lat' dir='ltr'>gaudens</span> 
     </span>
     <span class='ocr_line' id='line_1_4' title="bbox 98 317 1491 377; baseline 0 -11"><span class='ocrx_word' id='word_1_23' title='bbox 98 335 263 377; x_wconf 76' lang='lat' dir='ltr'>tanquam</span> <span class='ocrx_word' id='word_1_24' title='bbox 288 331 348 365; x_wconf 84' lang='lat' dir='ltr'>lux</span> <span class='ocrx_word' id='word_1_25' title='bbox 373 331 509 373; x_wconf 88' lang='lat' dir='ltr'>mundi,</span> <span class='ocrx_word' id='word_1_26' title='bbox 537 335 573 365; x_wconf 90' lang='lat' dir='ltr'>ut</span> <span class='ocrx_word' id='word_1_27' title='bbox 596 331 807 366; x_wconf 87' lang='lat' dir='ltr'>tenebrosos</span> <span class='ocrx_word' id='word_1_28' title='bbox 833 331 1064 371; x_wconf 88' lang='lat' dir='ltr'>illuminaret,</span> <span class='ocrx_word' id='word_1_29' title='bbox 1093 335 1267 375; x_wconf 87' lang='lat' dir='ltr'>tamquam</span> <span class='ocrx_word' id='word_1_30' title='bbox 1292 317 1491 373; x_wconf 83' lang='lat' dir='ltr'>salterrae,</span> 
     </span>
     <span class='ocr_line' id='line_1_5' title="bbox 100 395 1493 443; baseline -0.001 -11"><span class='ocrx_word' id='word_1_31' title='bbox 100 402 138 432; x_wconf 84' lang='lat' dir='ltr'>ut</span> <span class='ocrx_word' id='word_1_32' title='bbox 162 401 288 443; x_wconf 84' lang='lat' dir='ltr'>gentes</span> <span class='ocrx_word' id='word_1_33' title='bbox 316 396 488 440; x_wconf 87' lang='lat' dir='ltr'>insipidas</span> <span class='ocrx_word' id='word_1_34' title='bbox 514 396 648 438; x_wconf 77' lang='lat' dir='ltr'>saliret,</span> <span class='ocrx_word' id='word_1_35' title='bbox 676 400 849 441; x_wconf 89' lang='lat' dir='ltr'>tamquam</span> <span class='ocrx_word' id='word_1_36' title='bbox 876 395 1046 440; x_wconf 76' lang='lat' dir='ltr'>agricola,</span> <span class='ocrx_word' id='word_1_37' title='bbox 1073 399 1108 428; x_wconf 90' lang='lat' dir='ltr'>ut</span> <span class='ocrx_word' id='word_1_38' title='bbox 1134 396 1328 439; x_wconf 87' lang='lat' dir='ltr'>spiritualis</span> <span class='ocrx_word' id='word_1_39' title='bbox 1357 397 1493 431; x_wconf 76' lang='lat' dir='ltr'>cultura</span> 
     </span>
     <span class='ocr_line' id='line_1_6' title="bbox 99 460 1490 508; baseline -0.002 -10"><span class='ocrx_word' id='word_1_40' title='bbox 99 462 341 508; x_wconf 81' lang='lat' dir='ltr'>perficeretur.</span> <span class='ocrx_word' id='word_1_41' title='bbox 387 461 510 496; x_wconf 90' lang='lat' dir='ltr'>Petrus</span> <span class='ocrx_word' id='word_1_42' title='bbox 537 472 674 506; x_wconf 88' lang='lat' dir='ltr'>quoque</span> <span class='ocrx_word' id='word_1_43' title='bbox 695 461 878 505; x_wconf 89' lang='lat' dir='ltr'>apostolus</span> <span class='ocrx_word' id='word_1_44' title='bbox 899 460 1000 493; x_wconf 85' lang='lat' dir='ltr'>docet</span> <span class='ocrx_word' id='word_1_45' title='bbox 1016 460 1190 500; x_wconf 83' lang='lat' dir='ltr'>nationes,</span> <span class='ocrx_word' id='word_1_46' title='bbox 1218 460 1279 493; x_wconf 90' lang='lat' dir='ltr'>sed</span> <span class='ocrx_word' id='word_1_47' title='bbox 1301 460 1490 495; x_wconf 89' lang='lat' dir='ltr'>Bartholo-</span> 
     </span>
     <span class='ocr_line' id='line_1_7' title="bbox 101 524 1490 572; baseline -0.003 -8"><span class='ocrx_word' id='word_1_48' title='bbox 101 539 197 564; x_wconf 90' lang='lat' dir='ltr'>meus</span> <span class='ocrx_word' id='word_1_49' title='bbox 224 530 479 572; x_wconf 76' lang='lat' dir='ltr'>consequenter</span> <span class='ocrx_word' id='word_1_50' title='bbox 495 527 596 570; x_wconf 88' lang='lat' dir='ltr'>paria</span> <span class='ocrx_word' id='word_1_51' title='bbox 613 526 814 570; x_wconf 79' lang='lat' dir='ltr'>investigat,</span> <span class='ocrx_word' id='word_1_52' title='bbox 841 525 964 559; x_wconf 87' lang='lat' dir='ltr'>Petrus</span> <span class='ocrx_word' id='word_1_53' title='bbox 985 527 1153 568; x_wconf 90' lang='lat' dir='ltr'>operatur</span> <span class='ocrx_word' id='word_1_54' title='bbox 1170 524 1336 570; x_wconf 83' lang='lat' dir='ltr'>prodigia</span> <span class='ocrx_word' id='word_1_55' title='bbox 1350 536 1490 572; x_wconf 75' lang='lat' dir='ltr'>magna,</span> 
     </span>
     <span class='ocr_line' id='line_1_8' title="bbox 103 589 1489 634; baseline -0.003 -5"><span class='ocrx_word' id='word_1_56' title='bbox 103 594 166 629; x_wconf 89' lang='lat' dir='ltr'>sed</span> <span class='ocrx_word' id='word_1_57' title='bbox 186 593 453 628; x_wconf 80' lang='lat' dir='ltr'>Bartholomeus</span> <span class='ocrx_word' id='word_1_58' title='bbox 474 590 558 623; x_wconf 84' lang='lat' dir='ltr'>facit</span> <span class='ocrx_word' id='word_1_59' title='bbox 577 590 744 624; x_wconf 87' lang='lat' dir='ltr'>miracula</span> <span class='ocrx_word' id='word_1_60' title='bbox 763 590 893 631; x_wconf 71' lang='lat' dir='ltr'>valida,</span> <span class='ocrx_word' id='word_1_61' title='bbox 913 589 1037 624; x_wconf 87' lang='lat' dir='ltr'>Petrus</span> <span class='ocrx_word' id='word_1_62' title='bbox 1056 591 1171 634; x_wconf 86' lang='lat' dir='ltr'>capite</span> <span class='ocrx_word' id='word_1_63' title='bbox 1190 589 1352 624; x_wconf 81' lang='lat' dir='ltr'>deorsum</span> <span class='ocrx_word' id='word_1_64' title='bbox 1375 593 1489 626; x_wconf 83' lang='lat' dir='ltr'>eruci-</span> 
     </span>
     <span class='ocr_line' id='line_1_9' title="bbox 99 656 1488 706; baseline -0.002 -12"><span class='ocrx_word' id='word_1_65' title='bbox 99 660 237 706; x_wconf 79' lang='lat' dir='ltr'>figitur‚</span> <span class='ocrx_word' id='word_1_66' title='bbox 263 656 546 697; x_wconf 77' lang='lat' dir='ltr'>Barthoiomeus,</span> <span class='ocrx_word' id='word_1_67' title='bbox 574 659 760 700; x_wconf 75' lang='lat' dir='ltr'>postquam</span> <span class='ocrx_word' id='word_1_68' title='bbox 786 656 885 689; x_wconf 80' lang='lat' dir='ltr'>vivus</span> <span class='ocrx_word' id='word_1_69' title='bbox 912 656 1111 689; x_wconf 74' lang='lat' dir='ltr'>excoriatus</span> <span class='ocrx_word' id='word_1_70' title='bbox 1136 659 1200 697; x_wconf 78' lang='lat' dir='ltr'>est,</span> <span class='ocrx_word' id='word_1_71' title='bbox 1229 657 1343 700; x_wconf 83' lang='lat' dir='ltr'>capite</span> <span class='ocrx_word' id='word_1_72' title='bbox 1366 656 1488 701; x_wconf 84' lang='lat' dir='ltr'>plecti-</span> 
     </span>
     <span class='ocr_line' id='line_1_10' title="bbox 96 720 1490 768; baseline -0.001 -9"><span class='ocrx_word' id='word_1_73' title='bbox 96 729 164 759; x_wconf 87' lang='lat' dir='ltr'>tur.</span> <span class='ocrx_word' id='word_1_74' title='bbox 212 722 266 758; x_wconf 87' lang='lat' dir='ltr'>Ad</span> <span class='ocrx_word' id='word_1_75' title='bbox 293 725 377 768; x_wconf 81' lang='lat' dir='ltr'>quot</span> <span class='ocrx_word' id='word_1_76' title='bbox 402 721 493 756; x_wconf 86' lang='lat' dir='ltr'>valet</span> <span class='ocrx_word' id='word_1_77' title='bbox 518 720 642 755; x_wconf 85' lang='lat' dir='ltr'>Petrus</span> <span class='ocrx_word' id='word_1_78' title='bbox 679 720 899 765; x_wconf 84' lang='lat' dir='ltr'>capessenda</span> <span class='ocrx_word' id='word_1_79' title='bbox 934 722 1110 763; x_wconf 87' lang='lat' dir='ltr'>misteria,</span> <span class='ocrx_word' id='word_1_80' title='bbox 1144 721 1189 755; x_wconf 88' lang='lat' dir='ltr'>ad</span> <span class='ocrx_word' id='word_1_81' title='bbox 1220 725 1272 755; x_wconf 91' lang='lat' dir='ltr'>tot</span> <span class='ocrx_word' id='word_1_82' title='bbox 1301 721 1490 757; x_wconf 85' lang='lat' dir='ltr'>Bartholo-</span> 
     </span>
     <span class='ocr_line' id='line_1_11' title="bbox 99 786 1491 833; baseline -0.001 -9"><span class='ocrx_word' id='word_1_83' title='bbox 99 799 196 824; x_wconf 89' lang='lat' dir='ltr'>meus</span> <span class='ocrx_word' id='word_1_84' title='bbox 228 788 357 822; x_wconf 78' lang='lat' dir='ltr'>sufficit</span> <span class='ocrx_word' id='word_1_85' title='bbox 392 786 630 832; x_wconf 84' lang='lat' dir='ltr'>penetranda,</span> <span class='ocrx_word' id='word_1_86' title='bbox 677 786 875 831; x_wconf 85' lang='lat' dir='ltr'>aequaliter</span> <span class='ocrx_word' id='word_1_87' title='bbox 915 786 1079 821; x_wconf 80' lang='lat' dir='ltr'>secundat</span> <span class='ocrx_word' id='word_1_88' title='bbox 1126 787 1332 828; x_wconf 78' lang='lat' dir='ltr'>ecclesiam,</span> <span class='ocrx_word' id='word_1_89' title='bbox 1377 789 1491 833; x_wconf 81' lang='lat' dir='ltr'>aequa</span> 
     </span>
     <span class='ocr_line' id='line_1_12' title="bbox 97 851 1489 896; baseline -0.001 -7"><span class='ocrx_word' id='word_1_90' title='bbox 97 855 199 889; x_wconf 90' lang='lat' dir='ltr'>lance</span> <span class='ocrx_word' id='word_1_91' title='bbox 232 853 357 888; x_wconf 85' lang='lat' dir='ltr'>habuit</span> <span class='ocrx_word' id='word_1_92' title='bbox 391 854 472 896; x_wconf 84' lang='lat' dir='ltr'>³)et</span> <span class='ocrx_word' id='word_1_93' title='bbox 502 858 643 886; x_wconf 86' lang='lat' dir='ltr'>caetera</span> <span class='ocrx_word' id='word_1_94' title='bbox 675 852 793 885; x_wconf 77' lang='lat' dir='ltr'>divina</span> <span class='ocrx_word' id='word_1_95' title='bbox 826 853 1023 893; x_wconf 67' lang='lat' dir='ltr'>carismata,</span> <span class='ocrx_word' id='word_1_96' title='bbox 1073 851 1135 885; x_wconf 76' lang='lat' dir='ltr'>llic</span> <span class='ocrx_word' id='word_1_97' title='bbox 1167 863 1210 885; x_wconf 79' lang='lat' dir='ltr'>ex</span> <span class='ocrx_word' id='word_1_98' title='bbox 1247 852 1365 886; x_wconf 77' lang='lat' dir='ltr'>divino</span> <span class='ocrx_word' id='word_1_99' title='bbox 1402 854 1489 887; x_wconf 73' lang='lat' dir='ltr'>‹ino-</span> 
     </span>
     <span class='ocr_line' id='line_1_13' title="bbox 100 917 1487 961; baseline -0.001 -7"><span class='ocrx_word' id='word_1_100' title='bbox 100 920 245 955; x_wconf 84' lang='lat' dir='ltr'>denario</span> <span class='ocrx_word' id='word_1_101' title='bbox 271 928 413 952; x_wconf 90' lang='lat' dir='ltr'>numero</span> <span class='ocrx_word' id='word_1_102' title='bbox 438 917 572 952; x_wconf 87' lang='lat' dir='ltr'>medius</span> <span class='ocrx_word' id='word_1_103' title='bbox 600 927 642 951; x_wconf 81' lang='lat' dir='ltr'>ex</span> <span class='ocrx_word' id='word_1_104' title='bbox 667 921 814 961; x_wconf 86' lang='lat' dir='ltr'>utraque</span> <span class='ocrx_word' id='word_1_105' title='bbox 841 921 941 960; x_wconf 87' lang='lat' dir='ltr'>parte</span> <span class='ocrx_word' id='word_1_106' title='bbox 968 927 1088 950; x_wconf 89' lang='lat' dir='ltr'>sonum</span> <span class='ocrx_word' id='word_1_107' title='bbox 1116 917 1254 951; x_wconf 78' lang='lat' dir='ltr'>(livinae</span> <span class='ocrx_word' id='word_1_108' title='bbox 1276 920 1487 954; x_wconf 76' lang='lat' dir='ltr'>sermocina-</span> 
     </span>
     <span class='ocr_line' id='line_1_14' title="bbox 97 976 1488 1027; baseline -0.001 -8"><span class='ocrx_word' id='word_1_109' title='bbox 97 986 204 1020; x_wconf 81' lang='lat' dir='ltr'>tionis</span> <span class='ocrx_word' id='word_1_110' title='bbox 227 984 299 1025; x_wconf 86' lang='lat' dir='ltr'>dat,</span> <span class='ocrx_word' id='word_1_111' title='bbox 317 985 406 1018; x_wconf 86' lang='lat' dir='ltr'>sicut</span> <span class='ocrx_word' id='word_1_112' title='bbox 422 984 454 1016; x_wconf 92' lang='lat' dir='ltr'>in</span> <span class='ocrx_word' id='word_1_113' title='bbox 474 982 609 1016; x_wconf 87' lang='lat' dir='ltr'>cithara</span> <span class='ocrx_word' id='word_1_114' title='bbox 629 981 853 1015; x_wconf 83' lang='lat' dir='ltr'>harmoniam.</span> <span class='ocrx_word' id='word_1_115' title='bbox 903 976 1030 1016; x_wconf 82' lang='lat' dir='ltr'>Omnes</span> <span class='ocrx_word' id='word_1_116' title='bbox 1048 983 1202 1027; x_wconf 83' lang='lat' dir='ltr'>apostoli</span> <span class='ocrx_word' id='word_1_117' title='bbox 1228 984 1488 1018; x_wconf 73' lang='lat' dir='ltr'>universitatem</span> 
     </span>
     <span class='ocr_line' id='line_1_15' title="bbox 98 1048 1487 1095; baseline -0.001 -10"><span class='ocrx_word' id='word_1_118' title='bbox 98 1051 166 1085; x_wconf 89' lang='lat' dir='ltr'>sibi</span> <span class='ocrx_word' id='word_1_119' title='bbox 192 1050 440 1095; x_wconf 74' lang='lat' dir='ltr'>dispertientes</span> <span class='ocrx_word' id='word_1_120' title='bbox 467 1052 630 1093; x_wconf 86' lang='lat' dir='ltr'>pastores</span> <span class='ocrx_word' id='word_1_121' title='bbox 656 1048 751 1092; x_wconf 87' lang='lat' dir='ltr'>regis</span> <span class='ocrx_word' id='word_1_122' title='bbox 780 1058 898 1093; x_wconf 87' lang='lat' dir='ltr'>regum</span> <span class='ocrx_word' id='word_1_123' title='bbox 925 1050 1103 1081; x_wconf 87' lang='lat' dir='ltr'>constituti</span> <span class='ocrx_word' id='word_1_124' title='bbox 1131 1054 1222 1082; x_wconf 86' lang='lat' dir='ltr'>sunt.</span> <span class='ocrx_word' id='word_1_125' title='bbox 1272 1049 1355 1082; x_wconf 82' lang='lat' dir='ltr'>lluic</span> <span class='ocrx_word' id='word_1_126' title='bbox 1374 1054 1487 1083; x_wconf 82' lang='lat' dir='ltr'>autem</span> 
     </span>
     <span class='ocr_line' id='line_1_16' title="bbox 99 1104 1487 1160; baseline -0.001 -10"><span class='ocrx_word' id='word_1_127' title='bbox 99 1120 153 1150; x_wconf 88' lang='lat' dir='ltr'>est</span> <span class='ocrx_word' id='word_1_128' title='bbox 177 1125 254 1150; x_wconf 87' lang='lat' dir='ltr'>sors</span> <span class='ocrx_word' id='word_1_129' title='bbox 282 1120 316 1150; x_wconf 84' lang='lat' dir='ltr'>et</span> <span class='ocrx_word' id='word_1_130' title='bbox 340 1116 455 1160; x_wconf 88' lang='lat' dir='ltr'>portio</span> <span class='ocrx_word' id='word_1_131' title='bbox 475 1114 661 1149; x_wconf 82' lang='lat' dir='ltr'>Armeniae</span> <span class='ocrx_word' id='word_1_132' title='bbox 687 1114 799 1155; x_wconf 85' lang='lat' dir='ltr'>locus,</span> <span class='ocrx_word' id='word_1_133' title='bbox 836 1123 925 1157; x_wconf 87' lang='lat' dir='ltr'>quae</span> <span class='ocrx_word' id='word_1_134' title='bbox 948 1118 1001 1147; x_wconf 87' lang='lat' dir='ltr'>est</span> <span class='ocrx_word' id='word_1_135' title='bbox 1027 1114 1070 1147; x_wconf 89' lang='lat' dir='ltr'>ab</span> <span class='ocrx_word' id='word_1_136' title='bbox 1098 1104 1279 1159; x_wconf 60' lang='lat' dir='ltr'>⁴)Ejnlath</span> <span class='ocrx_word' id='word_1_137' title='bbox 1308 1125 1419 1160; x_wconf 85' lang='lat' dir='ltr'>usqne</span> <span class='ocrx_word' id='word_1_138' title='bbox 1445 1115 1487 1149; x_wconf 89' lang='lat' dir='ltr'>ad</span> 
     </span>
     <span class='ocr_line' id='line_1_17' title="bbox 98 1175 1488 1225; baseline -0.001 -9"><span class='ocrx_word' id='word_1_139' title='bbox 98 1180 260 1216; x_wconf 86' lang='lat' dir='ltr'>Gabaoth</span> <span class='ocrx_word' id='word_1_140' title='bbox 285 1181 482 1216; x_wconf 88' lang='lat' dir='ltr'>distributa.</span> <span class='ocrx_word' id='word_1_141' title='bbox 530 1175 641 1225; x_wconf 77' lang='lat' dir='ltr'>Igitur</span> <span class='ocrx_word' id='word_1_142' title='bbox 660 1179 738 1213; x_wconf 79' lang='lat' dir='ltr'>vide</span> <span class='ocrx_word' id='word_1_143' title='bbox 754 1190 829 1213; x_wconf 91' lang='lat' dir='ltr'>eum</span> <span class='ocrx_word' id='word_1_144' title='bbox 851 1178 993 1224; x_wconf 79' lang='lat' dir='ltr'>linguae</span> <span class='ocrx_word' id='word_1_145' title='bbox 1015 1183 1131 1213; x_wconf 87' lang='lat' dir='ltr'>aratro</span> <span class='ocrx_word' id='word_1_146' title='bbox 1156 1179 1381 1213; x_wconf 79' lang='lat' dir='ltr'>rationabilia</span> <span class='ocrx_word' id='word_1_147' title='bbox 1407 1190 1488 1215; x_wconf 88' lang='lat' dir='ltr'>rura</span> 
     </span>
     <span class='ocr_line' id='line_1_18' title="bbox 96 1244 1484 1289; baseline -0.001 -7"><span class='ocrx_word' id='word_1_148' title='bbox 96 1247 306 1289; x_wconf 82' lang='lat' dir='ltr'>sulcantem,</span> <span class='ocrx_word' id='word_1_149' title='bbox 324 1246 421 1287; x_wconf 51' lang='lat' dir='ltr'>¹lidei</span> <span class='ocrx_word' id='word_1_150' title='bbox 445 1246 586 1281; x_wconf 77' lang='lat' dir='ltr'>verbum</span> <span class='ocrx_word' id='word_1_151' title='bbox 612 1246 647 1278; x_wconf 91' lang='lat' dir='ltr'>in</span> <span class='ocrx_word' id='word_1_152' title='bbox 671 1244 845 1288; x_wconf 76' lang='lat' dir='ltr'>profundo</span> <span class='ocrx_word' id='word_1_153' title='bbox 872 1244 988 1278; x_wconf 87' lang='lat' dir='ltr'>cordis</span> <span class='ocrx_word' id='word_1_154' title='bbox 1016 1244 1271 1286; x_wconf 78' lang='lat' dir='ltr'>recondentem,</span> <span class='ocrx_word' id='word_1_155' title='bbox 1298 1246 1484 1289; x_wconf 77' lang='lat' dir='ltr'>paradisos</span> 
     </span>
     <span class='ocr_line' id='line_1_19' title="bbox 97 1310 1487 1356; baseline -0.001 -8"><span class='ocrx_word' id='word_1_156' title='bbox 97 1317 132 1348; x_wconf 84' lang='lat' dir='ltr'>et</span> <span class='ocrx_word' id='word_1_157' title='bbox 155 1314 276 1348; x_wconf 86' lang='lat' dir='ltr'>vineas</span> <span class='ocrx_word' id='word_1_158' title='bbox 301 1312 431 1346; x_wconf 89' lang='lat' dir='ltr'>domini</span> <span class='ocrx_word' id='word_1_159' title='bbox 456 1311 681 1356; x_wconf 79' lang='lat' dir='ltr'>plantantem,</span> <span class='ocrx_word' id='word_1_160' title='bbox 709 1310 859 1355; x_wconf 89' lang='lat' dir='ltr'>singulis</span> <span class='ocrx_word' id='word_1_161' title='bbox 887 1311 1088 1354; x_wconf 82' lang='lat' dir='ltr'>passionum</span> <span class='ocrx_word' id='word_1_162' title='bbox 1115 1311 1269 1346; x_wconf 88' lang='lat' dir='ltr'>remedia</span> <span class='ocrx_word' id='word_1_163' title='bbox 1298 1312 1487 1346; x_wconf 85' lang='lat' dir='ltr'>medicina-</span> 
     </span>
     <span class='ocr_line' id='line_1_20' title="bbox 96 1375 1486 1421; baseline 0 -9"><span class='ocrx_word' id='word_1_164' title='bbox 96 1378 178 1413; x_wconf 90' lang='lat' dir='ltr'>liter</span> <span class='ocrx_word' id='word_1_165' title='bbox 217 1379 445 1417; x_wconf 83' lang='lat' dir='ltr'>inserentem,</span> <span class='ocrx_word' id='word_1_166' title='bbox 488 1377 607 1421; x_wconf 86' lang='lat' dir='ltr'>spinas</span> <span class='ocrx_word' id='word_1_167' title='bbox 653 1375 836 1419; x_wconf 80' lang='lat' dir='ltr'>⁵)inntiles</span> <span class='ocrx_word' id='word_1_168' title='bbox 880 1375 1106 1417; x_wconf 79' lang='lat' dir='ltr'>evellentem,</span> <span class='ocrx_word' id='word_1_169' title='bbox 1148 1376 1255 1410; x_wconf 77' lang='lat' dir='ltr'>silvas</span> <span class='ocrx_word' id='word_1_170' title='bbox 1296 1378 1486 1421; x_wconf 82' lang='lat' dir='ltr'>impietatis</span> 
     </span>
     <span class='ocr_line' id='line_1_21' title="bbox 99 1436 1486 1487; baseline -0.001 -9"><span class='ocrx_word' id='word_1_171' title='bbox 99 1453 244 1485; x_wconf 86' lang='lat' dir='ltr'>secare,</span> <span class='ocrx_word' id='word_1_172' title='bbox 295 1452 400 1487; x_wconf 86' lang='lat' dir='ltr'>sepes</span> <span class='ocrx_word' id='word_1_173' title='bbox 431 1441 651 1487; x_wconf 79' lang='lat' dir='ltr'>dogmaticas</span> <span class='ocrx_word' id='word_1_174' title='bbox 687 1436 958 1485; x_wconf 79' lang='lat' dir='ltr'>circumponere.</span> <span class='ocrx_word' id='word_1_175' title='bbox 1031 1441 1100 1474; x_wconf 89' lang='lat' dir='ltr'>Sed</span> <span class='ocrx_word' id='word_1_176' title='bbox 1143 1441 1265 1486; x_wconf 83' lang='lat' dir='ltr'>quales</span> <span class='ocrx_word' id='word_1_177' title='bbox 1309 1443 1486 1477; x_wconf 78' lang='lat' dir='ltr'>mercedes</span> 
     </span>
     <span class='ocr_line' id='line_1_22' title="bbox 97 1505 1485 1558; baseline -0.001 -14"><span class='ocrx_word' id='word_1_178' title='bbox 97 1509 251 1544; x_wconf 83' lang='lat' dir='ltr'>creatori</span> <span class='ocrx_word' id='word_1_179' title='bbox 275 1507 493 1542; x_wconf 86' lang='lat' dir='ltr'>obtulerunt!</span> <span class='ocrx_word' id='word_1_180' title='bbox 541 1505 665 1551; x_wconf 83' lang='lat' dir='ltr'>Utique</span> <span class='ocrx_word' id='word_1_181' title='bbox 692 1517 754 1551; x_wconf 87' lang='lat' dir='ltr'>pro</span> <span class='ocrx_word' id='word_1_182' title='bbox 780 1506 914 1540; x_wconf 85' lang='lat' dir='ltr'>honore</span> <span class='ocrx_word' id='word_1_183' title='bbox 950 1505 1247 1548; x_wconf 82' lang='lat' dir='ltr'>inhonorantiam,</span> <span class='ocrx_word' id='word_1_184' title='bbox 1280 1518 1351 1558; x_wconf 36' lang='lat' dir='ltr'>*pro</span> <span class='ocrx_word' id='word_1_185' title='bbox 1377 1507 1485 1542; x_wconf 82' lang='lat' dir='ltr'>bene-</span> 
     </span>
     <span class='ocr_line' id='line_1_23' title="bbox 100 1571 1485 1617; baseline -0.001 -8"><span class='ocrx_word' id='word_1_186' title='bbox 100 1574 254 1609; x_wconf 87' lang='lat' dir='ltr'>dictione</span> <span class='ocrx_word' id='word_1_187' title='bbox 288 1573 582 1614; x_wconf 83' lang='lat' dir='ltr'>maledictionem,</span> <span class='ocrx_word' id='word_1_188' title='bbox 614 1583 678 1616; x_wconf 89' lang='lat' dir='ltr'>pro</span> <span class='ocrx_word' id='word_1_189' title='bbox 711 1571 911 1606; x_wconf 87' lang='lat' dir='ltr'>muneribus</span> <span class='ocrx_word' id='word_1_190' title='bbox 946 1581 1101 1615; x_wconf 82' lang='lat' dir='ltr'>poenas,</span> <span class='ocrx_word' id='word_1_191' title='bbox 1148 1583 1210 1616; x_wconf 88' lang='lat' dir='ltr'>pro</span> <span class='ocrx_word' id='word_1_192' title='bbox 1245 1574 1485 1617; x_wconf 78' lang='lat' dir='ltr'>requiescibili</span> 
     </span>
     <span class='ocr_line' id='line_1_24' title="bbox 98 1636 1487 1681; baseline -0.001 -6"><span class='ocrx_word' id='word_1_193' title='bbox 98 1642 173 1674; x_wconf 80' lang='lat' dir='ltr'>vita</span> <span class='ocrx_word' id='word_1_194' title='bbox 202 1637 454 1674; x_wconf 84' lang='lat' dir='ltr'>amarissimam</span> <span class='ocrx_word' id='word_1_195' title='bbox 488 1641 642 1671; x_wconf 86' lang='lat' dir='ltr'>mortem.</span> <span class='ocrx_word' id='word_1_196' title='bbox 692 1636 778 1670; x_wconf 75' lang='lat' dir='ltr'>Nam</span> <span class='ocrx_word' id='word_1_197' title='bbox 819 1639 1003 1681; x_wconf 81' lang='lat' dir='ltr'>postquam</span> <span class='ocrx_word' id='word_1_198' title='bbox 1039 1637 1280 1672; x_wconf 85' lang='lat' dir='ltr'>intolerabilia</span> <span class='ocrx_word' id='word_1_199' title='bbox 1314 1642 1487 1675; x_wconf 87' lang='lat' dir='ltr'>tormenta</span> 
     </span>
     <span class='ocr_line' id='line_1_25' title="bbox 100 1701 1485 1750; baseline -0.001 -10"><span class='ocrx_word' id='word_1_200' title='bbox 100 1706 231 1748; x_wconf 88' lang='lat' dir='ltr'>subiit,</span> <span class='ocrx_word' id='word_1_201' title='bbox 270 1705 313 1739; x_wconf 87' lang='lat' dir='ltr'>ab</span> <span class='ocrx_word' id='word_1_202' title='bbox 359 1705 404 1738; x_wconf 90' lang='lat' dir='ltr'>iis</span> <span class='ocrx_word' id='word_1_203' title='bbox 437 1703 638 1737; x_wconf 77' lang='lat' dir='ltr'>decoriatus</span> <span class='ocrx_word' id='word_1_204' title='bbox 672 1703 708 1735; x_wconf 91' lang='lat' dir='ltr'>in</span> <span class='ocrx_word' id='word_1_205' title='bbox 741 1712 868 1736; x_wconf 91' lang='lat' dir='ltr'>morem</span> <span class='ocrx_word' id='word_1_206' title='bbox 909 1701 1004 1735; x_wconf 85' lang='lat' dir='ltr'>sollis</span> <span class='ocrx_word' id='word_1_207' title='bbox 1046 1702 1129 1744; x_wconf 84' lang='lat' dir='ltr'>suit,</span> <span class='ocrx_word' id='word_1_208' title='bbox 1173 1714 1258 1745; x_wconf 88' lang='lat' dir='ltr'>nec,</span> <span class='ocrx_word' id='word_1_209' title='bbox 1301 1709 1485 1750; x_wconf 85' lang='lat' dir='ltr'>postquam</span> 
     </span>
     <span class='ocr_line' id='line_1_26' title="bbox 97 1767 1486 1817; baseline 0 -12"><span class='ocrx_word' id='word_1_210' title='bbox 97 1772 263 1817; x_wconf 85' lang='lat' dir='ltr'>migravit</span> <span class='ocrx_word' id='word_1_211' title='bbox 294 1770 338 1803; x_wconf 88' lang='lat' dir='ltr'>ab</span> <span class='ocrx_word' id='word_1_212' title='bbox 372 1768 440 1802; x_wconf 81' lang='lat' dir='ltr'>hoc</span> <span class='ocrx_word' id='word_1_213' title='bbox 474 1767 621 1809; x_wconf 89' lang='lat' dir='ltr'>mundo,</span> <span class='ocrx_word' id='word_1_214' title='bbox 657 1767 816 1813; x_wconf 79' lang='lat' dir='ltr'>neglexit</span> <span class='ocrx_word' id='word_1_215' title='bbox 847 1769 1047 1810; x_wconf 86' lang='lat' dir='ltr'>occisores,</span> <span class='ocrx_word' id='word_1_216' title='bbox 1080 1767 1141 1802; x_wconf 88' lang='lat' dir='ltr'>sed</span> <span class='ocrx_word' id='word_1_217' title='bbox 1177 1769 1348 1803; x_wconf 76' lang='lat' dir='ltr'>invitabat</span> <span class='ocrx_word' id='word_1_218' title='bbox 1381 1772 1486 1805; x_wconf 86' lang='lat' dir='ltr'>mira-</span> 
     </span>
     <span class='ocr_line' id='line_1_27' title="bbox 98 1832 1484 1880; baseline 0.001 -10"><span class='ocrx_word' id='word_1_219' title='bbox 98 1835 186 1870; x_wconf 88' lang='lat' dir='ltr'>culis</span> <span class='ocrx_word' id='word_1_220' title='bbox 227 1834 386 1880; x_wconf 85' lang='lat' dir='ltr'>perditos</span> <span class='ocrx_word' id='word_1_221' title='bbox 420 1837 455 1868; x_wconf 87' lang='lat' dir='ltr'>et</span> <span class='ocrx_word' id='word_1_222' title='bbox 488 1833 664 1878; x_wconf 87' lang='lat' dir='ltr'>prodigiis</span> <span class='ocrx_word' id='word_1_223' title='bbox 708 1832 915 1867; x_wconf 84' lang='lat' dir='ltr'>admittebat</span> <span class='ocrx_word' id='word_1_224' title='bbox 957 1832 1140 1867; x_wconf 83' lang='lat' dir='ltr'>adversos.</span> <span class='ocrx_word' id='word_1_225' title='bbox 1192 1834 1260 1868; x_wconf 88' lang='lat' dir='ltr'>Sed</span> <span class='ocrx_word' id='word_1_226' title='bbox 1302 1835 1484 1871; x_wconf 85' lang='lat' dir='ltr'>bestialem</span> 
     </span>
     <span class='ocr_line' id='line_1_28' title="bbox 99 1898 1483 1944; baseline 0 -8"><span class='ocrx_word' id='word_1_227' title='bbox 99 1905 245 1936; x_wconf 89' lang='lat' dir='ltr'>mentem</span> <span class='ocrx_word' id='word_1_228' title='bbox 270 1900 319 1935; x_wconf 92' lang='lat' dir='ltr'>nil</span> <span class='ocrx_word' id='word_1_229' title='bbox 349 1902 445 1941; x_wconf 82' lang='lat' dir='ltr'>erat,</span> <span class='ocrx_word' id='word_1_230' title='bbox 479 1899 571 1944; x_wconf 85' lang='lat' dir='ltr'>quod</span> <span class='ocrx_word' id='word_1_231' title='bbox 608 1902 869 1943; x_wconf 81' lang='lat' dir='ltr'>compesceret,</span> <span class='ocrx_word' id='word_1_232' title='bbox 893 1898 952 1935; x_wconf 67' lang='lat' dir='ltr'>„nil</span> <span class='ocrx_word' id='word_1_233' title='bbox 990 1898 1080 1943; x_wconf 89' lang='lat' dir='ltr'>quod</span> <span class='ocrx_word' id='word_1_234' title='bbox 1108 1909 1128 1932; x_wconf 88' lang='lat' dir='ltr'>a</span> <span class='ocrx_word' id='word_1_235' title='bbox 1161 1899 1251 1934; x_wconf 88' lang='lat' dir='ltr'>malo</span> <span class='ocrx_word' id='word_1_236' title='bbox 1278 1901 1483 1936; x_wconf 85' lang='lat' dir='ltr'>retraheret.</span> 
     </span>
     <span class='ocr_line' id='line_1_29' title="bbox 102 1963 1487 2010; baseline 0.001 -10"><span class='ocrx_word' id='word_1_237' title='bbox 102 1965 192 2006; x_wconf 83' lang='lat' dir='ltr'>Quid</span> <span class='ocrx_word' id='word_1_238' title='bbox 217 1966 259 2000; x_wconf 88' lang='lat' dir='ltr'>de</span> <span class='ocrx_word' id='word_1_239' title='bbox 286 1969 426 1999; x_wconf 86' lang='lat' dir='ltr'>caetero</span> <span class='ocrx_word' id='word_1_240' title='bbox 452 1964 609 1998; x_wconf 75' lang='lat' dir='ltr'>faciunt?</span> <span class='ocrx_word' id='word_1_241' title='bbox 656 1963 836 1998; x_wconf 87' lang='lat' dir='ltr'>Insaniunt</span> <span class='ocrx_word' id='word_1_242' title='bbox 859 1967 982 1997; x_wconf 84' lang='lat' dir='ltr'>eontra</span> <span class='ocrx_word' id='word_1_243' title='bbox 1002 1964 1084 1997; x_wconf 89' lang='lat' dir='ltr'>illud</span> <span class='ocrx_word' id='word_1_244' title='bbox 1106 1974 1240 1999; x_wconf 88' lang='lat' dir='ltr'>sacrum</span> <span class='ocrx_word' id='word_1_245' title='bbox 1263 1976 1402 2010; x_wconf 86' lang='lat' dir='ltr'>eorpus,</span> <span class='ocrx_word' id='word_1_246' title='bbox 1431 1978 1487 2002; x_wconf 87' lang='lat' dir='ltr'>re-</span> 
     </span>
     <span class='ocr_line' id='line_1_30' title="bbox 101 2027 1487 2075; baseline 0 -10"><span class='ocrx_word' id='word_1_247' title='bbox 101 2034 229 2075; x_wconf 88' lang='lat' dir='ltr'>spuunt</span> <span class='ocrx_word' id='word_1_248' title='bbox 252 2030 393 2074; x_wconf 82' lang='lat' dir='ltr'>aegroti</span> <span class='ocrx_word' id='word_1_249' title='bbox 416 2028 621 2069; x_wconf 84' lang='lat' dir='ltr'>medentem,</span> <span class='ocrx_word' id='word_1_250' title='bbox 649 2029 764 2061; x_wconf 88' lang='lat' dir='ltr'>orbati</span> <span class='ocrx_word' id='word_1_251' title='bbox 793 2027 1144 2070; x_wconf 76' lang='lat' dir='ltr'>⁰)manuducentem,</span> <span class='ocrx_word' id='word_1_252' title='bbox 1178 2032 1270 2064; x_wconf 87' lang='lat' dir='ltr'>caeci</span> <span class='ocrx_word' id='word_1_253' title='bbox 1298 2030 1487 2074; x_wconf 89' lang='lat' dir='ltr'>ductorem,</span> 
     </span>
     <span class='ocr_line' id='line_1_31' title="bbox 101 2091 1490 2140; baseline 0.001 -11"><span class='ocrx_word' id='word_1_254' title='bbox 101 2095 268 2140; x_wconf 85' lang='lat' dir='ltr'>naufragi</span> <span class='ocrx_word' id='word_1_255' title='bbox 303 2093 595 2140; x_wconf 86' lang='lat' dir='ltr'>gubernatorem,</span> <span class='ocrx_word' id='word_1_256' title='bbox 636 2093 763 2126; x_wconf 87' lang='lat' dir='ltr'>mortui</span> <span class='ocrx_word' id='word_1_257' title='bbox 805 2093 1064 2127; x_wconf 75' lang='lat' dir='ltr'>vivificatorem.</span> <span class='ocrx_word' id='word_1_258' title='bbox 1112 2091 1157 2126; x_wconf 91' lang='lat' dir='ltr'>Et</span> <span class='ocrx_word' id='word_1_259' title='bbox 1191 2092 1256 2127; x_wconf 86' lang='lat' dir='ltr'>hoc</span> <span class='ocrx_word' id='word_1_260' title='bbox 1290 2096 1490 2139; x_wconf 68' lang='lat' dir='ltr'>quomodo?</span> 
     </span>
     <span class='ocr_line' id='line_1_32' title="bbox 100 2156 1489 2205; baseline 0 -11"><span class='ocrx_word' id='word_1_261' title='bbox 100 2159 294 2205; x_wconf 88' lang='lat' dir='ltr'>Projieiunt</span> <span class='ocrx_word' id='word_1_262' title='bbox 317 2169 464 2204; x_wconf 88' lang='lat' dir='ltr'>namque</span> <span class='ocrx_word' id='word_1_263' title='bbox 490 2159 523 2192; x_wconf 90' lang='lat' dir='ltr'>in</span> <span class='ocrx_word' id='word_1_264' title='bbox 549 2158 698 2203; x_wconf 87' lang='lat' dir='ltr'>pelagus</span> <span class='ocrx_word' id='word_1_265' title='bbox 718 2167 844 2201; x_wconf 87' lang='lat' dir='ltr'>corpus</span> <span class='ocrx_word' id='word_1_266' title='bbox 865 2160 1032 2191; x_wconf 86' lang='lat' dir='ltr'>sanctum.</span> <span class='ocrx_word' id='word_1_267' title='bbox 1078 2156 1177 2191; x_wconf 82' lang='lat' dir='ltr'>Mota</span> <span class='ocrx_word' id='word_1_268' title='bbox 1203 2162 1257 2192; x_wconf 90' lang='lat' dir='ltr'>est</span> <span class='ocrx_word' id='word_1_269' title='bbox 1284 2160 1392 2204; x_wconf 84' lang='lat' dir='ltr'>igitur</span> <span class='ocrx_word' id='word_1_270' title='bbox 1415 2170 1489 2194; x_wconf 87' lang='lat' dir='ltr'>cum</span> 
     </span>
     <span class='ocr_line' id='line_1_33' title="bbox 92 2221 1488 2272; baseline 0.001 -14"><span class='ocrx_word' id='word_1_271' title='bbox 92 2226 232 2272; x_wconf 51' lang='lat' dir='ltr'>¹impetu</span> <span class='ocrx_word' id='word_1_272' title='bbox 267 2223 309 2258; x_wconf 81' lang='lat' dir='ltr'>tle</span> <span class='ocrx_word' id='word_1_273' title='bbox 346 2223 552 2270; x_wconf 80' lang='lat' dir='ltr'>regionibus</span> <span class='ocrx_word' id='word_1_274' title='bbox 587 2223 772 2257; x_wconf 86' lang='lat' dir='ltr'>Armeniae</span> <span class='ocrx_word' id='word_1_275' title='bbox 808 2222 917 2257; x_wconf 83' lang='lat' dir='ltr'>archa</span> <span class='ocrx_word' id='word_1_276' title='bbox 947 2232 1021 2256; x_wconf 89' lang='lat' dir='ltr'>eum</span> <span class='ocrx_word' id='word_1_277' title='bbox 1055 2221 1100 2257; x_wconf 85' lang='lat' dir='ltr'>IV</span> <span class='ocrx_word' id='word_1_278' title='bbox 1134 2223 1281 2257; x_wconf 83' lang='lat' dir='ltr'>aliorum</span> <span class='ocrx_word' id='word_1_279' title='bbox 1315 2227 1488 2260; x_wconf 85' lang='lat' dir='ltr'>martirum</span> 
     </span>
     <span class='ocr_line' id='line_1_34' title="bbox 101 2288 1490 2335; baseline 0.001 -12"><span class='ocrx_word' id='word_1_280' title='bbox 101 2289 239 2332; x_wconf 84' lang='lat' dir='ltr'>archis,</span> <span class='ocrx_word' id='word_1_281' title='bbox 274 2299 384 2335; x_wconf 87' lang='lat' dir='ltr'>quae,</span> <span class='ocrx_word' id='word_1_282' title='bbox 413 2289 576 2324; x_wconf 89' lang='lat' dir='ltr'>similiter</span> <span class='ocrx_word' id='word_1_283' title='bbox 612 2288 691 2322; x_wconf 90' lang='lat' dir='ltr'>dum</span> <span class='ocrx_word' id='word_1_284' title='bbox 724 2293 976 2333; x_wconf 81' lang='lat' dir='ltr'>operarentur,</span> <span class='ocrx_word' id='word_1_285' title='bbox 1011 2298 1084 2321; x_wconf 90' lang='lat' dir='ltr'>cum</span> <span class='ocrx_word' id='word_1_286' title='bbox 1112 2298 1152 2322; x_wconf 90' lang='lat' dir='ltr'>ea</span> <span class='ocrx_word' id='word_1_287' title='bbox 1177 2288 1314 2323; x_wconf 75' lang='lat' dir='ltr'>fuerant</span> <span class='ocrx_word' id='word_1_288' title='bbox 1339 2292 1371 2324; x_wconf 89' lang='lat' dir='ltr'>in</span> <span class='ocrx_word' id='word_1_289' title='bbox 1399 2301 1490 2325; x_wconf 86' lang='lat' dir='ltr'>mare</span> 
     </span>
     <span class='ocr_line' id='line_1_35' title="bbox 102 2353 1491 2399; baseline 0.001 -11"><span class='ocrx_word' id='word_1_290' title='bbox 102 2354 283 2399; x_wconf 85' lang='lat' dir='ltr'>projectae</span> <span class='ocrx_word' id='word_1_291' title='bbox 306 2358 340 2389; x_wconf 90' lang='lat' dir='ltr'>et</span> <span class='ocrx_word' id='word_1_292' title='bbox 364 2365 428 2399; x_wconf 84' lang='lat' dir='ltr'>per</span> <span class='ocrx_word' id='word_1_293' title='bbox 460 2358 592 2388; x_wconf 87' lang='lat' dir='ltr'>tantum</span> <span class='ocrx_word' id='word_1_294' title='bbox 627 2355 774 2398; x_wconf 84' lang='lat' dir='ltr'>spatium</span> <span class='ocrx_word' id='word_1_295' title='bbox 809 2355 916 2387; x_wconf 92' lang='lat' dir='ltr'>maris</span> <span class='ocrx_word' id='word_1_296' title='bbox 946 2357 1096 2398; x_wconf 86' lang='lat' dir='ltr'>quatuor</span> <span class='ocrx_word' id='word_1_297' title='bbox 1119 2353 1174 2388; x_wconf 90' lang='lat' dir='ltr'>his</span> <span class='ocrx_word' id='word_1_298' title='bbox 1201 2354 1491 2398; x_wconf 85' lang='lat' dir='ltr'>praecedentibus</span> 
     </span>
     <span class='ocr_line' id='line_1_36' title="bbox 103 2418 1492 2463; baseline 0 -10"><span class='ocrx_word' id='word_1_299' title='bbox 103 2423 138 2453; x_wconf 91' lang='lat' dir='ltr'>et</span> <span class='ocrx_word' id='word_1_300' title='bbox 166 2422 330 2463; x_wconf 87' lang='lat' dir='ltr'>tanquam</span> <span class='ocrx_word' id='word_1_301' title='bbox 366 2419 534 2452; x_wconf 89' lang='lat' dir='ltr'>ministris</span> <span class='ocrx_word' id='word_1_302' title='bbox 569 2418 773 2463; x_wconf 88' lang='lat' dir='ltr'>obsequium</span> <span class='ocrx_word' id='word_1_303' title='bbox 808 2418 1060 2462; x_wconf 89' lang='lat' dir='ltr'>quodammodo</span> <span class='ocrx_word' id='word_1_304' title='bbox 1087 2418 1250 2463; x_wconf 87' lang='lat' dir='ltr'>apostolo</span> <span class='ocrx_word' id='word_1_305' title='bbox 1282 2419 1492 2454; x_wconf 81' lang='lat' dir='ltr'>facientibus</span> 
     </span>
     <span class='ocr_line' id='line_1_37' title="bbox 104 2482 1492 2528; baseline 0 -10"><span class='ocrx_word' id='word_1_306' title='bbox 104 2488 274 2518; x_wconf 86' lang='lat' dir='ltr'>venerunt</span> <span class='ocrx_word' id='word_1_307' title='bbox 309 2485 343 2517; x_wconf 90' lang='lat' dir='ltr'>in</span> <span class='ocrx_word' id='word_1_308' title='bbox 375 2487 495 2527; x_wconf 87' lang='lat' dir='ltr'>partes</span> <span class='ocrx_word' id='word_1_309' title='bbox 521 2483 665 2517; x_wconf 87' lang='lat' dir='ltr'>Siciliae</span> <span class='ocrx_word' id='word_1_310' title='bbox 691 2483 724 2516; x_wconf 90' lang='lat' dir='ltr'>in</span> <span class='ocrx_word' id='word_1_311' title='bbox 754 2483 922 2525; x_wconf 83' lang='lat' dir='ltr'>insulam,</span> <span class='ocrx_word' id='word_1_312' title='bbox 959 2493 1048 2528; x_wconf 87' lang='lat' dir='ltr'>quae</span> <span class='ocrx_word' id='word_1_313' title='bbox 1084 2482 1224 2527; x_wconf 87' lang='lat' dir='ltr'>Liparis</span> <span class='ocrx_word' id='word_1_314' title='bbox 1262 2488 1492 2528; x_wconf 84' lang='lat' dir='ltr'>nuncupatur,</span> 
     </span>
    </p>
   </div>
   <div class='ocr_carea' id='block_1_3' title="bbox 104 2558 1494 2725">
    <p class='ocr_par' dir='ltr' id='par_1_3' title="bbox 104 2558 1494 2725">
     <span class='ocr_line' id='line_1_38' title="bbox 171 2558 1493 2594; baseline 0 -8"><span class='ocrx_word' id='word_1_315' title='bbox 171 2560 272 2592; x_wconf 76' lang='lat' dir='ltr'>1)Ed.</span> <span class='ocrx_word' id='word_1_316' title='bbox 296 2565 358 2587; x_wconf 82' lang='lat' dir='ltr'>l&#39;r.:</span> <span class='ocrx_word' id='word_1_317' title='bbox 391 2569 488 2593; x_wconf 77' lang='lat' dir='ltr'>quae</span> <span class='ocrx_word' id='word_1_318' title='bbox 513 2569 532 2594; x_wconf 82' lang='lat' dir='ltr'>p</span> <span class='ocrx_word' id='word_1_319' title='bbox 545 2568 632 2585; x_wconf 70' lang='lat' dir='ltr'>eren</span> <span class='ocrx_word' id='word_1_320' title='bbox 644 2558 680 2585; x_wconf 80' lang='lat' dir='ltr'>ni</span> <span class='ocrx_word' id='word_1_321' title='bbox 703 2558 785 2591; x_wconf 78' lang='lat' dir='ltr'>legit.</span> <span class='ocrx_word' id='word_1_322' title='bbox 871 2560 900 2592; x_wconf 80' lang='lat'>2)</span> <span class='ocrx_word' id='word_1_323' title='bbox 919 2559 994 2585; x_wconf 75' lang='lat' dir='ltr'>Alii:</span> <span class='ocrx_word' id='word_1_324' title='bbox 1013 2558 1244 2588; x_wconf 76' lang='lat' dir='ltr'>resultavit.</span> <span class='ocrx_word' id='word_1_325' title='bbox 1329 2562 1358 2592; x_wconf 77' lang='lat'>3)</span> <span class='ocrx_word' id='word_1_326' title='bbox 1376 2561 1430 2588; x_wconf 83' lang='lat' dir='ltr'>Ed.</span> <span class='ocrx_word' id='word_1_327' title='bbox 1449 2565 1493 2589; x_wconf 77' lang='lat' dir='ltr'>Pr,</span> 
     </span>
     <span class='ocr_line' id='line_1_39' title="bbox 106 2601 1494 2637; baseline 0 -7"><span class='ocrx_word' id='word_1_328' title='bbox 106 2602 262 2637; x_wconf 70' lang='lat' dir='ltr'>sequeutia</span> <span class='ocrx_word' id='word_1_329' title='bbox 280 2604 322 2631; x_wconf 80' lang='lat' dir='ltr'>ita</span> <span class='ocrx_word' id='word_1_330' title='bbox 341 2603 443 2631; x_wconf 74' lang='lat' dir='ltr'>offert:</span> <span class='ocrx_word' id='word_1_331' title='bbox 471 2608 541 2630; x_wconf 79' lang='lat' dir='ltr'>etc..</span> <span class='ocrx_word' id='word_1_332' title='bbox 562 2603 697 2630; x_wconf 72' lang='lat' dir='ltr'>divina</span> <span class='ocrx_word' id='word_1_333' title='bbox 721 2603 931 2630; x_wconf 79' lang='lat' dir='ltr'>carismata</span> <span class='ocrx_word' id='word_1_334' title='bbox 959 2604 1101 2630; x_wconf 80' lang='lat' dir='ltr'>beatus</span> <span class='ocrx_word' id='word_1_335' title='bbox 1126 2612 1167 2629; x_wconf 80' lang='lat' dir='ltr'>ex</span> <span class='ocrx_word' id='word_1_336' title='bbox 1186 2601 1324 2631; x_wconf 75' lang='lat' dir='ltr'>di‘vino</span> <span class='ocrx_word' id='word_1_337' title='bbox 1343 2605 1494 2632; x_wconf 63' lang='lat' dir='ltr'>duodo-</span> 
     </span>
     <span class='ocr_line' id='line_1_40' title="bbox 104 2646 1494 2682; baseline 0.001 -8"><span class='ocrx_word' id='word_1_338' title='bbox 104 2647 207 2674; x_wconf 83' lang='lat' dir='ltr'>narii</span> <span class='ocrx_word' id='word_1_339' title='bbox 231 2657 392 2676; x_wconf 83' lang='lat' dir='ltr'>numero</span> <span class='ocrx_word' id='word_1_340' title='bbox 416 2657 459 2675; x_wconf 84' lang='lat' dir='ltr'>ex</span> <span class='ocrx_word' id='word_1_341' title='bbox 482 2653 649 2681; x_wconf 78' lang='lat' dir='ltr'>utraque</span> <span class='ocrx_word' id='word_1_342' title='bbox 674 2652 785 2682; x_wconf 70' lang='lat' dir='ltr'>parte</span> <span class='ocrx_word' id='word_1_343' title='bbox 811 2653 866 2675; x_wconf 71' lang='lat' dir='ltr'>ete.</span> <span class='ocrx_word' id='word_1_344' title='bbox 968 2646 1288 2681; x_wconf 72' lang='lat' dir='ltr'>4)Alii2Eui1ath.</span> <span class='ocrx_word' id='word_1_345' title='bbox 1394 2651 1422 2682; x_wconf 87' lang='lat'>5)</span> <span class='ocrx_word' id='word_1_346' title='bbox 1441 2650 1494 2679; x_wconf 82' lang='lat' dir='ltr'>Ed,</span> 
     </span>
     <span class='ocr_line' id='line_1_41' title="bbox 106 2691 1493 2725; baseline 0.002 -7"><span class='ocrx_word' id='word_1_347' title='bbox 106 2695 148 2720; x_wconf 82' lang='lat' dir='ltr'>Pr.</span> <span class='ocrx_word' id='word_1_348' title='bbox 167 2700 243 2720; x_wconf 83' lang='lat' dir='ltr'>non</span> <span class='ocrx_word' id='word_1_349' title='bbox 261 2692 559 2725; x_wconf 73' lang='lat' dir='ltr'>intelligibilis.</span> <span class='ocrx_word' id='word_1_350' title='bbox 629 2693 656 2725; x_wconf 76' lang='lat' dir='ltr'>f»)</span> <span class='ocrx_word' id='word_1_351' title='bbox 675 2692 728 2719; x_wconf 82' lang='lat' dir='ltr'>Ed.</span> <span class='ocrx_word' id='word_1_352' title='bbox 747 2696 781 2719; x_wconf 86' lang='lat' dir='ltr'>l’r</span> <span class='ocrx_word' id='word_1_353' title='bbox 799 2692 892 2719; x_wconf 77' lang='lat' dir='ltr'>male:</span> <span class='ocrx_word' id='word_1_354' title='bbox 913 2691 1212 2719; x_wconf 84' lang='lat' dir='ltr'>manducantem</span> <span class='ocrx_word' id='word_1_355' title='bbox 1231 2708 1264 2713; x_wconf 91' lang='lat'>—</span> <span class='ocrx_word' id='word_1_356' title='bbox 1283 2693 1493 2722; x_wconf 75' lang='lat' dir='ltr'>doctorem.</span> 
     </span>
    </p>
   </div>
   <div class='ocr_carea' id='block_1_4' title="bbox 1144 2745 1217 2780">
    <p class='ocr_par' dir='ltr' id='par_1_4' title="bbox 1144 2745 1217 2780">
     <span class='ocr_line' id='line_1_42' title="bbox 1144 2745 1217 2780; baseline 0 0"><span class='ocrx_word' id='word_1_357' title='bbox 1144 2745 1217 2780; x_wconf 79' lang='lat'>35*</span> 
     </span>
    </p>
   </div>
  </div>
 </body>
</html>
