1742 3005
304 88 398 136 Cap.
421 86 635 133 CLXXVI.
701 88 758 123 De
790 92 918 123 sancto
948 87 1124 124 Johanne
1153 88 1300 125 abbate.
1412 85 1492 125 805

111 195 219 228 nister
252 194 328 238 ejus
364 195 410 227 sit
442 204 482 227 ex
518 194 656 227 sincera
689 193 887 235 voluntate,
935 192 969 225 hi
1003 195 1074 226 tres
1109 192 1240 225 similes
1265 194 1364 233 sunt,
1400 190 1494 225 velut

110 260 179 292 sint
211 260 311 293 unius
346 260 476 303 operis.
528 258 608 292 Cum
644 259 781 303 quidam
819 258 928 291 frater
961 257 1029 291 sibi
1064 260 1353 302 conquereretur,
1398 255 1490 300 quod

110 324 234 358 multas
265 326 499 370 cogitationes
533 323 666 358 habens
701 326 732 357 in
766 325 852 367 ipsis
885 324 1164 367 periclitaretur,
1198 333 1272 356 eum
1307 321 1370 355 sub
1407 325 1490 355 aere

109 390 200 423 nudo
233 391 339 435 ejecit
371 390 507 424 dicens:
551 389 708 434 expande
742 390 851 422 sinum
889 393 923 422 et
962 387 1187 432 apprehende
1223 390 1370 422 ventum.
1425 386 1489 426 Qui

109 457 177 489 ait:
210 466 276 489 non
314 466 468 500 possum.
516 454 558 488 Et
590 455 667 489 ille:
702 464 764 487 nec
799 454 1033 497 cogitationes
1071 452 1259 495 prohibere
1292 456 1413 495 potes,
1448 461 1490 485 ne

109 522 304 562 introeant,
351 521 414 556 sed
454 525 547 554 tuum
591 523 644 553 est
684 520 849 552 resistere
889 518 943 550 iis.
999 516 1240 561 Interrogatus
1280 526 1301 549 a
1340 515 1489 560 quodam

109 586 236 627 fratre,
271 587 351 631 quid
379 586 422 620 de
449 584 645 619 hereditate
671 583 740 617 sibi
765 582 910 615 dimissa
938 582 1087 623 faceret,
1114 582 1214 632 ‘Hm‘
1257 586 1294 616 ut
1319 586 1398 627 post
1420 584 1490 615 tres

109 651 185 686 dies
212 650 257 684 ad
283 662 322 685 se
348 650 488 686 rediret.
539 650 603 689 Qui
631 659 703 683 cum
731 647 907 688 rediisset,
943 649 991 681 ait
1018 648 1085 681 illi:
1117 649 1145 680 si
1173 647 1312 689 dixero,
1346 647 1389 681 da
1415 657 1490 681 eam

111 715 311 759 ¹)clericis,
351 716 482 750 sacient
513 714 593 749 inde
619 714 797 754 convivia,
837 714 865 746 si
899 712 1042 753 dixero,
1083 713 1128 746 da
1162 723 1236 747 eam
1272 713 1489 758 parentibus,

106 791 173 815 non
200 781 340 816 esttibi
367 791 519 822 merces3
556 782 584 814 si
613 780 745 819 dicam,
781 778 826 812 da
858 787 931 812 eam
959 778 1192 822 pauperibus,
1227 789 1369 814 securus
1407 779 1488 812 eris.

107 846 278 892 Quicquid
304 857 390 892 ergo
419 849 492 889 vis,
529 846 600 882 sac,
637 855 704 890 ego
740 853 879 878 eausam
914 854 980 877 non
1008 843 1131 878 haheo
1182 843 1272 878 llaec
1300 846 1333 877 in
1364 844 1489 886 ²)vitis

106 915 251 955 patrum.

519 1235 645 1301 GAP.
678 1232 893 1295 cmxxvi.
928 1233 1070 1295 (171.)

313 1334 411 1378 De
444 1332 665 1378 Sancto
695 1333 1002 1380 ‚Iohanne
1034 1332 1274 1378 abbate.

194 1442 373 1479 Johannes
400 1443 531 1485 abbas,
557 1454 630 1477 eum
657 1443 799 1488 Episius
827 1454 889 1488 per
913 1452 1023 1477 annos
1050 1435 1284 1487 quadraginta
1314 1441 1347 1473 in
1373 1448 1488 1473 eremo

104 1508 326 1551 habitasset,
367 1510 601 1555 interrogavit
635 1520 730 1551 eum,
780 1514 943 1555 quantum
984 1519 1025 1542 ex
1064 1508 1129 1541 hoc
1168 1507 1389 1551 profecisset.
1448 1501 1490 1536 Et

106 1574 196 1609 dixit
230 1575 462 1619 ³)J0hannes:
498 1585 541 1610 ex
567 1586 634 1620 quo
660 1576 759 1620 coepi
788 1574 967 1608 solitarius
994 1583 1094 1614 esse,
1129 1581 1300 1617 nunquam
1328 1580 1379 1604 me
1405 1568 1492 1604 vidit

104 1640 157 1674 sol
183 1640 460 1675 manducantem.
508 1639 550 1674 Et
578 1641 698 1685 ⁴)ille:
734 1650 798 1674 nec
831 1650 883 1673 me
913 1641 1132 1673 irascentem.
1182 1637 1302 1672 Simile
1329 1646 1411 1670 vero
1437 1635 1489 1669 le-

104 1707 200 1752 gitur
233 1705 384 1748 ibidem,
425 1705 537 1751 qu0d‚
579 1716 652 1740 cum
687 1704 905 1750 Epiphanius
942 1705 1128 1749 episcopus
1163 1703 1283 1737 abbati
1320 1701 1491 1735 Hilarioni

105 1770 206 1806 daret
230 1781 373 1814 carnes,
399 1772 459 1806 ille
484 1773 550 1805 ait:
577 1773 724 1817 ignosce
750 1771 856 1813 mihi,
885 1771 986 1815 quia,
1026 1780 1067 1804 ex
1096 1779 1163 1814 quo
1188 1769 1308 1812 accepi
1336 1766 1489 1800 habitum

104 1836 215 1881 hunc,
248 1847 317 1871 non
353 1836 556 1871 manducavi
591 1837 759 1882 quidquid
794 1838 958 1871 occisum.
1008 1835 1070 1868 Cui
1104 1835 1312 1879 episcopus:
1344 1843 1386 1867 ex
1421 1842 1489 1877 quo

103 1903 222 1947 accepi
250 1901 405 1936 habitum
429 1901 540 1946 hunc,
572 1913 640 1937 non
673 1903 788 1937 dimisi
821 1902 972 1947 aliquem
1007 1901 1176 1942 dormire,
1213 1900 1272 1945 qui
1307 1897 1491 1933 adversum

104 1978 157 2003 me
184 1968 318 2014 aliquid
346 1967 511 2011 haberet,
545 1979 608 2003 nec
643 1969 791 2003 dormivi
816 1968 950 2002 hahens
974 1966 1107 2012 aliquid
1133 1965 1303 2000 adversus
1328 1964 1490 2008 aquuein.

105 2033 170 2071 Cui
202 2033 281 2067 ille:
316 2034 461 2077 ignosce
492 2034 598 2076 mihi,
632 2036 715 2078 quia
752 2034 874 2068 melior
908 2043 968 2072 cS,
1002 2041 1103 2076 quam
1137 2041 1219 2076 ego.
1265 2029 1397 2064 Volens
1429 2027 1492 2063 Jo-

107 2098 240 2132 hannes
280 2096 324 2131 ad
359 2097 616 2131 similitudinem
649 2098 853 2143 angelorum
892 2096 979 2130 nihil
1011 2092 1278 2139 operari,—sed
1309 2092 1383 2127 Deo
1417 2092 1492 2125 sine

107 2164 365 2198 intermissione
389 2172 535 2204 vacare,
571 2173 610 2197 se
644 2163 756 2207 ipsum
791 2162 1006 2206 exspoliavit
1041 2164 1075 2194 et
1107 2168 1209 2193 unam
1237 2156 1492 2192 hebdomadem

106 2232 140 2264 in
169 2239 285 2264 eremo
314 2228 390 2263 suit.
439 2228 522 2262 Cum
550 2232 664 2263 autem
694 2227 783 2262 same
809 2227 1068 2271 periclitaretur
1093 2229 1127 2259 et
1146 2224 1278 2258 aculeis
1299 2232 1492 2257 muscarum

107 2299 144 2330 et
178 2304 361 2339 vesparum
399 2297 495 2327 totus
530 2294 791 2335 vulneraretur,
837 2302 1000 2327 reversus
1044 2290 1089 2324 ad
1129 2291 1254 2324 ostium
1285 2288 1405 2322 fratr1s
1438 2289 1493 2321 sui

107 2358 283 2404 pulsabat.
331 2358 385 2393 Ad
413 2369 512 2404 quem
538 2359 618 2394 ille:
653 2360 730 2404 quis
760 2369 797 2393 es
822 2359 889 2392 tu?
937 2356 980 2391 Et
1005 2356 1080 2390 ille:
1107 2366 1175 2401 ego
1201 2365 1274 2389 sum
1300 2352 1490 2388 Johanncs.

107 2424 232 2459 Frater
255 2427 369 2459 autem
397 2424 504 2458 dixit:
529 2434 770 2470 nequaquam3
800 2424 981 2460 Johannes
1011 2423 1098 2457 enim
1125 2421 1273 2466 angelus
1299 2419 1413 2453 sactus
1441 2421 1495 2452 est

109 2494 144 2525 et
177 2492 267 2524 inter
299 2489 456 2524 homines
490 2490 583 2524 ultra
614 2501 683 2524 non
716 2494 782 2525 est.
831 2489 874 2523 Et
900 2489 978 2523 ille:
1012 2499 1080 2534 ego
1116 2497 1196 2521 vere
1224 2495 1310 2519 sum.
1358 2482 1400 2517 Et
1425 2493 1492 2516 non

108 2557 273 2601 aperiens
302 2556 335 2589 ei
359 2554 491 2589 dimisit
515 2566 590 2590 eum
616 2555 729 2601 affligi
755 2565 866 2600 usque
890 2564 1002 2589 mane.
1051 2553 1179 2588 Postea
1202 2551 1365 2595 aperiens
1389 2549 1492 2583 dixit:

177 2658 204 2690 1)
224 2657 277 2684 Ed.
297 2660 341 2683 Pr.
362 2656 508 2692 praefert:
531 2654 732 2683 ecclesiae.
814 2656 843 2687 2)
862 2654 959 2686 Vulgo
979 2657 1007 2680 et
1027 2653 1074 2679 hic
1093 2656 1121 2678 et
1141 2651 1170 2678 in
1189 2649 1384 2684 sequentibus
1403 2658 1491 2683 capp.

109 2701 231 2734 legitur:
250 2701 367 2730 vitas.
438 2703 466 2733 3)
486 2701 538 2730 Ed.
557 2704 599 2728 Pr.
620 2699 767 2736 praefert:
787 2699 813 2726 il
826 2699 869 2726 le.
940 2700 968 2732 4)
988 2698 1039 2725 Ed.
1055 2701 1099 2726 Pr.
1117 2695 1261 2733 praefert:
1281 2695 1491 2723 Johannes.
