1742 3005
262 106 341 145 388
529 106 622 156 Cap.
653 105 732 143 XC.
792 104 854 161 De.
883 110 1013 140 saneto
1047 103 1168 141 Paulo
1201 104 1387 153 apostolo.

263 213 357 247 orbis
403 211 567 245 terminos
602 207 879 253 comprehendit,
921 219 984 244 nee
1022 208 1186 243 bitumine
1221 217 1260 241 ac
1294 208 1389 252 pice,
1435 204 1497 239 sed
1531 205 1656 249 spiritu

263 281 383 312 sancto
400 277 476 321 ejus
494 274 635 309 tabulae
652 278 732 308 sunt
754 278 955 319 perunctae.
1004 258 1096 308 Haec
1120 273 1319 316 suscipiens
1340 282 1450 316 paene
1468 271 1655 305 irrationa-

262 342 392 376 bilibus
416 339 626 374 animalibus
652 340 832 375 stultiores
865 341 1061 374 imitatores
1087 337 1170 372 feeit
1194 336 1409 382 angelorum.
1458 336 1542 370 Hine
1569 346 1656 381 quo-

264 418 329 453 que
355 406 449 440 illam
475 406 558 440 vicit
584 405 746 448 archam,
782 407 864 452 quia
898 405 961 439 illa
985 413 1133 438 ‘corvum
1160 403 1333 447 recipiens
1358 412 1499 436 corvum
1524 411 1657 435 rursum

265 474 378 508 emisit
413 476 447 507 et
479 471 657 505 includens
694 471 809 516 lupum
846 471 1021 506 feritatem
1053 471 1129 515 ejus
1163 472 1296 503 mutare
1332 478 1399 501 nou
1426 468 1561 512 potuit,
1602 466 1659 500 hie

263 550 346 574 vero
381 538 568 582 accipitres
604 537 800 582 milvosque
838 538 1035 581 suscipiens
1072 536 1154 571 serit
1191 534 1369 569 columbas
1404 537 1438 568 et
1472 531 1659 567 excludens

265 615 399 639 omnem
433 602 606 637 feritatem
641 602 938 637 mansuetudinem
967 604 1111 647 spiritns
1146 600 1348 635 introduxit.
1396 597 1573 633 Abraham
1599 598 1661 631 mi-

266 674 386 705 rantur
415 679 553 711 omnes,
582 669 663 712 quia
691 668 734 701 ad
760 667 824 702 Dei
849 671 1071 712 praeceptum
1100 668 1248 712 patriam
1275 669 1380 710 atque
1405 668 1577 709 cognatos
1605 674 1661 698 re*

267 737 389 779 liquit,
425 732 487 767 sed
523 732 697 777 quomodo
726 732 836 766 Paulo
870 734 985 776 possit
1021 734 1188 777 aequari,
1225 733 1399 777 quianon
1425 729 1662 764 tantummodo

267 801 412 844 patriam
442 797 497 832 vel
522 801 715 843 cognatos,
750 796 813 831 sed
846 799 958 841 ipsum
996 807 1134 842 quoque
1165 796 1326 830 mundum
1364 795 1526 840 reliquit,
1562 797 1662 828 immo

267 867 370 900 etiam
403 864 537 898 coelum
571 867 605 897 et
636 863 770 897 coelum
804 862 894 897 coeli
921 868 955 897 et
981 862 1070 897 haec
1095 863 1211 896 onmia
1236 861 1409 896 Christum
1438 860 1662 905 suscipiendo

268 931 449 975 despexit,
489 939 591 962 unum
625 938 689 972 pro
725 929 858 961 cunctis
891 928 984 962 istud
1018 927 1150 969 solum,
1186 926 1219 961 id
1248 931 1301 962 est
1328 926 1459 961 Christi
1483 927 1663 960 caritatem

267 997 468 1040 requirens,
504 1004 615 1038 neque
648 996 869 1038 praesentia,
907 996 1039 1039 inquit⁷
1078 1004 1190 1038 neque
1228 994 1343 1027 sutura
1381 1001 1492 1037 neque
1516 990 1663 1036 altitudo

267 1065 331 1095 etc.
383 1060 454 1094 Sed
483 1063 516 1093 et
541 1059 717 1094 Abraham
745 1061 779 1094 in
805 1060 994 1105 periculum
1027 1069 1065 1093 se
1100 1059 1243 1093 tradens
1270 1058 1431 1092 hostibus
1459 1056 1565 1097 filium
1591 1056 1663 1090 sra2

268 1128 331 1159 tris
370 1125 516 1169 cripuit,
552 1129 587 1158 at
616 1125 764 1165 Paulus⁷
801 1127 999 1160 uuiversum
1038 1124 1155 1159 orbem
1190 1128 1227 1158 ut
1261 1124 1304 1158 de
1330 1124 1406 1167 ipsa
1435 1122 1577 1167 dyaboli
1604 1132 1663 1156 ex-

266 1191 423 1225 traheret
447 1200 560 1231 manu,
589 1189 858 1226 innumerabilia
883 1190 1041 1235 pericula
1069 1191 1233 1224 sustinuit
1252 1189 1475 1234 propriisque
1495 1186 1663 1221 mortibus

269 1259 451 1291 maximam
478 1257 699 1291 securitatem
728 1256 808 1290 aliis
833 1255 1070 1300 comparavit3
1098 1255 1202 1289 lilium
1229 1265 1367 1300 quoque
1394 1253 1571 1288 Abraham
1600 1264 1662 1287 vo-

270 1324 333 1357 luit
360 1322 557 1363 immolare,
584 1321 713 1356 Paulus
742 1332 824 1356 vero
852 1323 1075 1366 semetipsum
1103 1321 1228 1355 millies
1256 1319 1464 1361 immolavit3
1493 1319 1527 1352 in
1551 1318 1665 1353 Ysaac

269 1390 473 1434 patientiam
498 1388 607 1434 aliqui
633 1387 867 1429 admirantm,
904 1389 962 1433 qui
997 1386 1099 1422 modo
1132 1391 1257 1432 puteos
1284 1396 1303 1420 a
1330 1396 1367 1420 se
1393 1384 1506 1418 factos
1531 1383 1665 1418 obstrui

271 1455 490 1500 patiebatur,
529 1457 565 1487 at
601 1442 743 1488 Paulus⁴
764 1463 846 1488 vero
882 1457 1008 1498 puteos
1047 1463 1193 1488 cernens
1221 1450 1399 1496 lapidibus
1427 1451 1573 1484 obrutos
1597 1450 1666 1484 sci-

270 1521 352 1554 lieet
378 1521 556 1564 proprium
581 1529 708 1563 eorpus
735 1529 801 1553 non
828 1519 952 1559 solum,
978 1520 1069 1553 sicut
1089 1519 1159 1560 ille,
1186 1518 1346 1559 cedebat,
1371 1516 1435 1551 sed
1463 1527 1524 1551 eos
1551 1517 1665 1554 etiam,

271 1585 435 1630 aquibus
457 1583 667 1628 patiebatur,
695 1586 729 1617 in
755 1585 888 1619 coelum
915 1584 1081 1618 studebat
1108 1583 1268 1618 evehere.
1321 1582 1456 1622 Quanto
1479 1583 1566 1617 enim
1593 1591 1664 1615 am-

269 1650 362 1694 plius
391 1649 606 1683 obruebatur
631 1651 696 1683 iste
723 1650 822 1691 sons,
856 1654 953 1684 tauto
983 1652 1095 1695 magis
1129 1649 1333 1695 erumpebat
1357 1658 1396 1683 ac
1423 1648 1555 1693 pluries
1583 1657 1604 1681 a
1628 1657 1666 1681 se

271 1715 481 1749 ell'tuidendo
533 1714 658 1747 fluvios
704 1715 877 1749 manahat.
946 1715 996 1749 De
1036 1715 1302 1759 longanimitate
1350 1718 1453 1758 atque
1497 1714 1666 1758 patientia

270 1780 378 1815 Jacob
405 1782 581 1824 scriptura
606 1780 750 1813 miratur
776 1784 809 1813 et
836 1790 1004 1824 quaenam
1036 1780 1095 1813 illa
1121 1784 1174 1813 est
1196 1784 1263 1813 tam
1290 1779 1513 1812 adamantina
1538 1780 1664 1815 anima,

270 1856 358 1891 quae
386 1845 484 1879 Pauli
512 1846 715 1889 patientiam
744 1846 858 1890 possit
884 1846 1037 1880 imitari?
1071 1855 1182 1889 neque
1209 1845 1297 1878 enim
1325 1847 1456 1887 septem
1484 1853 1664 1886 annornm,

269 1910 331 1944 sed
358 1911 465 1943 totius
493 1911 584 1943 vitae
611 1911 788 1944 servitium
818 1922 880 1955 pro
909 1921 1041 1955 sponsa
1065 1910 1207 1954 pertulit
1230 1908 1372 1944 Christi.
1422 1907 1497 1941 Non
1519 1908 1664 1942 adustus

269 1975 380 2008 solum
415 1978 515 2009 aestu
548 1974 618 2009 diei
652 1979 685 2009 et
719 1977 830 2009 noctis
865 1976 969 2021 gelu,
1002 1976 1064 2010 sed
1098 1977 1311 2009 tentationes
1343 1973 1436 2008 mille
1462 1975 1663 2017 perpetiens

268 2044 302 2074 et
327 2050 414 2074 nunc
440 2039 578 2084 quidem
608 2040 825 2082 verberibus,
853 2051 941 2075 nune
961 2052 1043 2075 vero
1070 2040 1246 2085 lapidibus
1276 2041 1409 2074 scissus
1434 2043 1539 2084 atque
1563 2039 1663 2073 colli-

267 2115 326 2139 sus
364 2109 398 2140 et
439 2106 529 2139 inter
559 2107 750 2140 certamina
784 2106 914 2151 ubique
951 2107 1140 2151 prosiliens
1173 2110 1294 2150 captas
1330 2106 1414 2139 oves'
1452 2115 1494 2139 ex
1521 2104 1663 2149 dyaboli

268 2169 428 2204 saucibus
454 2170 696 2205 abstrahebat.
731 2171 801 2205 Sed
827 2175 860 2206 et
878 2171 1011 2216 Joseph
1031 2172 1223 2216 pudicitiae
1242 2172 1370 2204 virtute
1389 2170 1573 2204 decoratus
1596 2173 1661 2212 est,

266 2240 299 2269 et
325 2246 399 2280 ego·
422 2245 564 2276 vereor,
601 2247 643 2269 ne
674 2238 747 2281 jam
783 2236 965 2270 ridiculum
999 2238 1044 2271 sit
1080 2237 1161 2271 hine
1195 2239 1298 2271 etiam
1337 2236 1478 2270 Paulum
1504 2235 1662 2276 laudare,

264 2301 323 2345 qui
349 2300 572 2343 semetipsum
600 2302 809 2347 crucifigens
836 2312 903 2335 non
930 2302 1039 2336 solum
1067 2302 1490 2346 humanorumcorporum
1507 2300 1660 2345 pulchri-

263 2365 422 2406 tudines,
459 2365 521 2399 sed
547 2367 663 2399 omnia
691 2368 813 2409 etiam,
851 2377 940 2411 quae
977 2368 1140 2402 videntur
1174 2368 1279 2402 rebus
1315 2367 1410 2401 clara
1445 2377 1484 2400 ae
1520 2366 1658 2404 decora,

264 2430 450 2472 cernebat,
487 2431 773 2475 quemadmodum
800 2443 862 2466 nos
889 2433 1043 2466 favillam
1069 2435 1290 2478 cineremque
1318 2434 1574 2477 conspicimus,
1600 2431 1658 2474 qui

264 2497 365 2540 quasi
392 2500 546 2530 mortuus
573 2508 718 2541 prorsus
747 2498 789 2531 ad
816 2502 983 2532 inermum
1012 2498 1198 2532 innnobilis
1226 2497 1462 2543 permanebat.
1511 2496 1658 2538 Stupent

263 2558 329 2592 Job
367 2571 485 2596 (nunes
524 2562 704 2605 homiues,
753 2567 807 2597 est
843 2565 931 2597 enim
969 2563 1102 2598 athleta
1138 2563 1330 2603 mirabilis,
1367 2566 1402 2595 at
1427 2560 1553 2595 Paulus
1589 2571 1657 2594 non

266 2624 442 2658 mensibus
467 2630 610 2668 tantum,
638 2627 699 2662 sed
725 2630 825 2662 annis
848 2629 1006 2673 pluribus
1032 2630 1064 2662 in
1090 2639 1204 2674 agone
1229 2627 1425 2672 perdurans
1447 2629 1513 2659 tam
1541 2626 1655 2660 clarus

265 2688 405 2722 emicuit
430 2700 496 2722 non
525 2695 637 2725 testae
663 2693 770 2737 gleba
795 2695 926 2729 saniem
952 2695 1066 2728 carnis
1091 2693 1230 2733 radens,
1259 2691 1322 2725 sed
1341 2692 1373 2724 in
1392 2692 1501 2735 ipsius
1526 2691 1654 2726 intelli-

263 2752 373 2797 gihile
401 2763 440 2788 os
473 2754 586 2788 leonis
611 2756 812 2801 frequenter
836 2761 1016 2793 incurrens
1044 2762 1077 2792 et
1103 2767 1262 2803 pugnans
1295 2756 1461 2792 adversus
1491 2758 1653 2792 tentatio—
