1742 3005
407 101 500 153 Cap.
533 99 634 140 [ΙΙΙ.
691 101 751 140 De
774 101 953 154 passione
983 101 1141 140 domini.
1392 101 1467 140 231

84 207 187 252 phum
219 206 378 251 scripsit,
414 204 659 251 fidejussorem
686 205 784 241 dedit
810 209 844 242 et
868 215 976 240 usura
999 205 1201 250 posteritati
1223 205 1352 248 crevit,
1388 209 1469 239 tunc

82 273 172 306 enim
199 281 221 306 a
246 270 397 317 dyabolo
425 275 605 315 peccatum
629 273 816 314 mutuavit,
845 271 983 317 quando
1008 276 1130 306 contra
1154 274 1376 316 praeceptum
1402 270 1469 305 Dei

80 346 166 370 suae
189 346 320 380 pravae
340 337 495 382 jussioni
522 338 574 372 vel
601 339 824 383 suggestioni
849 339 1037 378 consensit,
1059 336 1332 383 chirographum
1355 338 1466 382 scrip-

80 402 143 443 sit,
192 402 331 447 quando
357 412 492 436 manum
520 402 566 437 ad
591 414 727 448 pomum
752 404 893 437 vetitum
919 404 1096 446 porrexit,
1135 402 1377 447 fidejussorem
1403 402 1464 437 de-

79 465 147 507 dit,
185 468 325 512 quando
361 467 473 502 Adam
504 473 648 513 peccato
685 470 882 502 consentire
918 467 1001 501 fecit
1035 471 1068 501 et
1099 469 1149 501 sic
1192 478 1300 502 usura
1332 471 1467 512 peccati

77 533 278 576 posteritati
302 535 423 567 crevit.
483 533 611 567 Contra
644 534 753 579 igitur
786 536 1047 567 contemnentes
1084 531 1172 566 hanc
1202 532 1464 575 redemtionem,

76 607 145 641 qua
167 608 232 632 nos
259 597 302 632 de
326 599 456 631 inimici
483 603 660 642 potestate
686 598 844 640 reduxit,
882 597 1082 632 Ber-nardus
1110 598 1356 642 exprobrando
1382 599 1466 633 dicit

74 661 110 695 in
133 672 285 706 persona
311 662 456 697 Christi:
485 664 613 708 popule
639 674 747 706 meuS,
774 665 824 698 ait
851 662 1023 705 dominus,
1049 662 1133 708 qnid
1157 664 1222 698 tibi
1255 664 1372 699 facere
1397 676 1461 709 po—

72 728 124 760 tui
148 731 182 761 et
204 738 274 762 non
299 728 395 763 feci?
438 729 527 769 Quid
554 739 683 764 causae
710 734 773 771 est,
800 728 893 774 quod
917 730 1055 763 inimico
1080 730 1192 774 magis
1219 729 1307 764 libet
1331 732 1463 765 servire

72 801 173 836 quam
197 793 314 829 mihi?
345 805 410 829 nec
435 795 495 830 ille
520 798 654 830 creavit
688 806 750 829 vos
776 805 841 829 nec
873 797 980 839 pavit.
1030 795 1067 829 Si
1093 804 1202 839 parva
1226 795 1313 830 haec
1336 795 1460 830 viden-

70 861 127 891 tur
150 859 313 904 ingratis,
339 871 408 895 non
434 861 505 903 ille,
533 861 595 895 sed
621 872 688 907 ego
713 861 845 895 redemi
870 870 944 895 VOS.
982 860 1055 900 Quo
1083 862 1225 905 pretio?
1250 872 1317 894 non
1341 862 1460 906 utiquc

70 931 157 957 auro
186 926 407 970 corruptibili
431 927 486 962 vel
512 931 672 972 argento,
697 938 767 960 non
792 926 867 960 sole
893 930 951 959 aut
977 925 1072 967 luna,
1104 937 1173 959 non
1198 926 1320 961 saltem
1347 937 1457 972 ange-

67 989 179 1024 lorum
203 991 342 1036 aliquo,
381 992 445 1026 sed
468 994 612 1037 proprio
639 1002 702 1027 vos
722 1002 846 1027 cruore
875 991 1017 1026 redemi.
1076 992 1257 1026 Caeterum
1291 993 1322 1026 si
1344 1003 1457 1037 neque

67 1058 136 1089 tam
160 1055 343 1102 multiplici
363 1059 444 1104 jure
473 1058 627 1093 debitum
653 1062 707 1093 est
731 1068 752 1092 a
777 1057 876 1092 vobis
904 1057 1031 1092 elicere
1057 1057 1280 1099 famulatum,
1316 1059 1456 1092 omissis

66 1121 224 1158 omnibus
247 1134 377 1159 mecum
413 1125 536 1160 saltem
571 1135 614 1159 ex
649 1124 792 1159 denario
828 1123 951 1158 ‹lini-no
983 1125 1177 1158 convenite.
1235 1123 1277 1158 Et
1313 1125 1393 1170 quia
1421 1125 1454 1157 in

65 1192 208 1223 mortem
236 1189 410 1225 Christum
433 1191 667 1233 tradiderunt,
703 1190 811 1226 Judas
837 1201 901 1234 per
925 1191 1126 1231 avaritiam,
1159 1189 1285 1225 Judaei
1312 1201 1375 1234 per
1400 1192 1452 1224 in-

63 1254 205 1298 vidiam,
229 1255 370 1301 leatus
397 1268 460 1302 per
484 1259 663 1298 timorem,
691 1255 769 1291 ideo
794 1255 978 1290 videndum
1006 1260 1101 1290 esset
1127 1255 1170 1290 de
1194 1266 1309 1300 poena
1333 1266 1353 1289 a
1378 1255 1451 1291 Deo

64 1319 119 1355 his
143 1321 273 1356 inflicta
297 1324 420 1357 merito
451 1322 556 1367 hujus
590 1323 735 1366 peceati.
792 1322 862 1356 Sed
895 1322 937 1355 de
964 1331 1077 1366 poena
1111 1325 1145 1356 et
1178 1323 1315 1365 origine
1340 1320 1452 1355 Judae

65 1387 221 1422 invenies
250 1389 284 1421 in
307 1387 461 1433 legenda
485 1389 598 1421 sancti
622 1387 815 1429 Matthiae,
851 1387 893 1422 dc
926 1396 1039 1431 poena
1065 1390 1099 1421 et
1132 1386 1268 1421 excidio
1296 1386 1450 1421 Judaeo-

64 1463 137 1486 rum
163 1454 198 1487 in
223 1452 377 1499 legenda
410 1454 521 1487 sancti
546 1452 672 1487 Jaeohi
699 1454 863 1491 minoris,
907 1452 950 1487 de
976 1462 1089 1497 poena
1114 1456 1227 1486 autem
1256 1456 1289 1486 et
1313 1454 1450 1497 origine

62 1518 175 1564 Pylati
213 1521 248 1553 in
288 1519 436 1564 quadam
480 1518 631 1552 historia
664 1518 746 1552 licet
789 1517 990 1562 apocrypha
1023 1518 1173 1563 legiturx
1206 1517 1271 1551 snit
1310 1517 1448 1561 qnidam

60 1594 123 1619 rex
148 1586 285 1619 nomine
304 1584 432 1630 Tyrus,
456 1585 515 1629 qui
533 1583 704 1629 quandam
729 1584 879 1628 puellam
896 1584 1032 1617 nomine
1052 1583 1180 1627 P31am,
1208 1582 1311 1616 [iliam
1328 1584 1447 1627 quus-

61 1649 139 1683 dam
162 1649 410 1685 molendinarii
432 1651 570 1683 nominc
596 1650 684 1684 Atus
714 1649 903 1683 carnaliter
937 1650 1102 1693 cognovit
1130 1652 1163 1682 et
1187 1648 1230 1682 de
1267 1658 1307 1682 ea
1341 1648 1445 1682 filium

58 1717 262 1760 generavit,
289 1715 374 1761 Pyla
398 1721 512 1751 autem
538 1726 580 1750 ex
605 1717 742 1749 nomine
769 1725 832 1748 suo
856 1720 890 1749 et
915 1716 1053 1748 nomine
1080 1716 1191 1758 patris
1215 1716 1281 1755 sui,
1306 1715 1364 1759 qui
1391 1713 1443 1747 di-

56 1780 203 1815 cebatur
218 1781 319 1824 Atus,
344 1792 445 1817 unum
470 1792 594 1816 nomen
619 1781 815 1825 composuit
840 1784 874 1815 et
897 1785 978 1814 nato
1003 1790 1112 1824 puero
1134 1781 1299 1824 imposuit
1321 1789 1444 1813 nomen

55 1845 221 1890 Rylatus,
269 1846 351 1881 Cum
387 1852 499 1882 autem
525 1846 668 1892 Pylatus
699 1851 772 1881 tres
798 1856 907 1880 annos
945 1845 1106 1887 haberet,
1152 1847 1263 1890 ipsum
1290 1844 1373 1889 P5la
1399 1844 1443 1878 ad

54 1921 174 1957 regem
197 1914 407 1947 transmisit:
436 1913 591 1948 habebat
615 1917 729 1947 autem
754 1923 817 1946 rex
841 1912 946 1946 lilium
973 1911 1015 1946 de
1039 1913 1165 1957 regina
1190 1911 1342 1956 conjuge
1367 1920 1441 1951 sua,

55 1978 114 2022 qui
141 1977 215 2012 sere
240 1977 360 2023 P51ato
393 1984 606 2014 coaetaneus
629 1977 845 2020 habebatur3
879 1979 939 2011 isti
967 1977 1044 2011 dum
1079 1987 1188 2011 annos
1217 1976 1441 2010 discretionis

54 2043 276 2088 attigissent,
312 2045 455 2089 saepius
489 2043 698 2085 luctamine,
736 2053 854 2089 pugna
889 2047 923 2077 et
949 2042 1055 2076 sunda
1087 2042 1130 2076 ad
1157 2043 1303 2076 invicem
1327 2040 1437 2074 collu-

53 2107 193 2142 debant.
240 2107 311 2142 Sed
336 2110 432 2155 regis
458 2109 635 2154 legitimus
661 2108 774 2150 iilius,
801 2113 837 2142 ut
861 2118 992 2153 genere
1018 2111 1093 2141 erat
1120 2106 1293 2148 nobilior,
1329 2106 1378 2139 sic
1404 2106 1438 2138 in

51 2175 143 2207 omni
167 2172 244 2208 loco
271 2173 392 2219 Pylato
426 2175 670 2209 inveniebatur
698 2176 875 2208 strenuior
903 2178 936 2208 et
964 2173 1055 2206 omni
1082 2182 1212 2217 genere
1237 2171 1436 2205 certaminis

49 2239 178 2282 aptior.
235 2238 288 2274 Ob
315 2238 380 2274 hoc
405 2239 545 2285 Pylatus
575 2240 728 2274 invidiae
752 2240 866 2280 livore
896 2242 1085 2273 commotus
1122 2242 1156 2272 et
1180 2237 1286 2272 selleo
1313 2236 1435 2270 dolore

49 2303 246 2337 stimulatus
271 2304 413 2339 fratrem
448 2315 546 2339 suum
575 2305 725 2340 latenter
750 2305 897 2347 oceidit,
933 2303 1026 2350 quod
1061 2314 1123 2338 rex
1147 2303 1294 2337 audiens
1325 2301 1433 2335 vehe-

47 2372 182 2403 menter
205 2368 319 2403 doluit
343 2373 376 2404 et
401 2372 568 2405 concione
594 2376 796 2414 convocata,
823 2370 905 2416 quid
931 2370 974 2404 dc
1001 2369 1174 2404 scelerato
1201 2372 1235 2402 et
1259 2366 1433 2401 homicida

46 2433 242 2467 faciendum
255 2436 301 2468 sit
316 2433 400 2476 filio,
421 2437 616 2480 requisivit.
644 2436 709 2476 Qui
728 2447 803 2470 eum
825 2445 944 2469 omnes
969 2445 1063 2468 reum
1086 2435 1207 2466 mortis
1235 2442 1315 2465 esse
1343 2440 1430 2465 una-

44 2500 185 2533 nimiter
210 2499 500 2541 acclamaverunt,
520 2511 583 2534 rex
607 2505 721 2535 autem
746 2500 791 2534 ad
815 2510 854 2534 se
872 2508 1034 2533 reversus
1060 2498 1277 2542 iniquitatem
1301 2497 1428 2541 iniqui—

43 2568 117 2598 tate
140 2564 253 2598 noluit
275 2564 466 2609 duplicare,
492 2563 553 2598 sed
578 2565 690 2610 ipsum
714 2576 776 2609 pro
801 2564 944 2605 tributo,
969 2563 1062 2609 quod
1084 2563 1258 2596 annuatim
1276 2561 1429 2596 debebat

42 2627 230 2673 Romanis,
266 2629 427 2664 obsidem
460 2631 571 2671 misit,
619 2635 688 2664 tnm
714 2630 836 2665 volens
869 2630 1030 2663 innoxius
1065 2637 1145 2663 esse
1180 2627 1223 2662 ab
1249 2628 1426 2662 occisione

42 2693 123 2736 tilii,
156 2698 225 2729 tum
253 2705 276 2729 a
299 2695 430 2730 tributo
455 2695 683 2730 Romanorum
718 2696 861 2740 cupiens
885 2693 1041 2730 liberari.
1100 2693 1198 2728 Tunc
1224 2694 1311 2728 enim
1337 2698 1422 2728 tein—
