<?xml version="1.0" encoding="UTF-8"?>
<!DOCTYPE html PUBLIC "-//W3C//DTD XHTML 1.0 Transitional//EN"
    "http://www.w3.org/TR/xhtml1/DTD/xhtml1-transitional.dtd">
<html xmlns="http://www.w3.org/1999/xhtml" xml:lang="en" lang="en">
 <head>
  <title>
</title>
<meta http-equiv="Content-Type" content="text/html;charset=utf-8" />
  <meta name='ocr-system' content='tesseract 3.04.00' />
  <meta name='ocr-capabilities' content='ocr_page ocr_carea ocr_par ocr_line ocrx_word'/>
</head>
<body>
  <div class='ocr_page' id='page_1' title='image "./legendaaureavulg00jacouoft_0147.png"; bbox 0 0 1742 3005; ppageno 0'>
   <div class='ocr_carea' id='block_1_1' title="bbox 214 111 1482 164">
    <p class='ocr_par' dir='ltr' id='par_1_1' title="bbox 214 111 1482 164">
     <span class='ocr_line' id='line_1_1' title="bbox 214 111 1482 164; baseline -0.002 -13"><span class='ocrx_word' id='word_1_1' title='bbox 214 116 310 164; x_wconf 82' lang='lat' dir='ltr'>Cap.</span> <span class='ocrx_word' id='word_1_2' title='bbox 344 113 494 150; x_wconf 81' lang='lat' dir='ltr'>XXVll.</span> <span class='ocrx_word' id='word_1_3' title='bbox 558 113 613 150; x_wconf 86' lang='lat' dir='ltr'>De</span> <span class='ocrx_word' id='word_1_4' title='bbox 646 120 777 149; x_wconf 73' lang='lat' dir='ltr'>sancto</span> <span class='ocrx_word' id='word_1_5' title='bbox 811 113 986 149; x_wconf 69' lang='lat' dir='ltr'>johanne</span> <span class='ocrx_word' id='word_1_6' title='bbox 1020 112 1335 149; x_wconf 66' lang='lat' dir='ltr'>Ele-einosinario.</span> <span class='ocrx_word' id='word_1_7' title='bbox 1413 111 1482 149; x_wconf 81' lang='lat'>131</span> 
     </span>
    </p>
   </div>
   <div class='ocr_carea' id='block_1_2' title="bbox 97 217 1489 2366">
    <p class='ocr_par' dir='ltr' id='par_1_2' title="bbox 97 217 1489 2366">
     <span class='ocr_line' id='line_1_2' title="bbox 99 217 1487 265; baseline -0.004 -11"><span class='ocrx_word' id='word_1_8' title='bbox 99 225 200 261; x_wconf 85' lang='lat' dir='ltr'>tans,</span> <span class='ocrx_word' id='word_1_9' title='bbox 251 220 344 265; x_wconf 85' lang='lat' dir='ltr'>quod</span> <span class='ocrx_word' id='word_1_10' title='bbox 379 220 524 254; x_wconf 85' lang='lat' dir='ltr'>trecenti</span> <span class='ocrx_word' id='word_1_11' title='bbox 563 219 689 253; x_wconf 86' lang='lat' dir='ltr'>domini</span> <span class='ocrx_word' id='word_1_12' title='bbox 719 219 772 252; x_wconf 89' lang='lat' dir='ltr'>sui</span> <span class='ocrx_word' id='word_1_13' title='bbox 799 217 841 252; x_wconf 87' lang='lat' dir='ltr'>de</span> <span class='ocrx_word' id='word_1_14' title='bbox 867 221 965 251; x_wconf 87' lang='lat' dir='ltr'>tanto</span> <span class='ocrx_word' id='word_1_15' title='bbox 995 219 1108 262; x_wconf 89' lang='lat' dir='ltr'>pretio</span> <span class='ocrx_word' id='word_1_16' title='bbox 1133 218 1306 261; x_wconf 79' lang='lat' dir='ltr'>cooperiri</span> <span class='ocrx_word' id='word_1_17' title='bbox 1334 222 1487 262; x_wconf 86' lang='lat' dir='ltr'>possent.</span> 
     </span>
     <span class='ocr_line' id='line_1_3' title="bbox 100 282 1484 330; baseline -0.002 -11"><span class='ocrx_word' id='word_1_18' title='bbox 100 285 192 320; x_wconf 85' lang='lat' dir='ltr'>Tota</span> <span class='ocrx_word' id='word_1_19' title='bbox 216 286 358 330; x_wconf 88' lang='lat' dir='ltr'>insuper</span> <span class='ocrx_word' id='word_1_20' title='bbox 384 287 484 318; x_wconf 86' lang='lat' dir='ltr'>nocte</span> <span class='ocrx_word' id='word_1_21' title='bbox 508 283 768 319; x_wconf 76' lang='lat' dir='ltr'>lamentabatur</span> <span class='ocrx_word' id='word_1_22' title='bbox 784 287 818 318; x_wconf 88' lang='lat' dir='ltr'>et</span> <span class='ocrx_word' id='word_1_23' title='bbox 832 282 991 318; x_wconf 76' lang='lat' dir='ltr'>dicebat:</span> <span class='ocrx_word' id='word_1_24' title='bbox 1018 283 1136 328; x_wconf 81' lang='lat' dir='ltr'>quanti</span> <span class='ocrx_word' id='word_1_25' title='bbox 1154 283 1340 324; x_wconf 72' lang='lat' dir='ltr'>incoenati,</span> <span class='ocrx_word' id='word_1_26' title='bbox 1366 285 1484 327; x_wconf 85' lang='lat' dir='ltr'>quanti</span> 
     </span>
     <span class='ocr_line' id='line_1_4' title="bbox 100 347 1488 395; baseline 0 -11"><span class='ocrx_word' id='word_1_27' title='bbox 100 353 132 384; x_wconf 92' lang='lat' dir='ltr'>in</span> <span class='ocrx_word' id='word_1_28' title='bbox 164 350 241 384; x_wconf 88' lang='lat' dir='ltr'>foro</span> <span class='ocrx_word' id='word_1_29' title='bbox 269 349 394 395; x_wconf 88' lang='lat' dir='ltr'>pluviis</span> <span class='ocrx_word' id='word_1_30' title='bbox 421 349 628 392; x_wconf 73' lang='lat' dir='ltr'>madefacti,</span> <span class='ocrx_word' id='word_1_31' title='bbox 676 350 796 395; x_wconf 82' lang='lat' dir='ltr'>quanti</span> <span class='ocrx_word' id='word_1_32' title='bbox 822 358 906 393; x_wconf 83' lang='lat' dir='ltr'>prae</span> <span class='ocrx_word' id='word_1_33' title='bbox 941 349 1074 394; x_wconf 78' lang='lat' dir='ltr'>frigore</span> <span class='ocrx_word' id='word_1_34' title='bbox 1107 347 1268 383; x_wconf 87' lang='lat' dir='ltr'>dentibus</span> <span class='ocrx_word' id='word_1_35' title='bbox 1300 348 1488 384; x_wconf 84' lang='lat' dir='ltr'>stridentes</span> 
     </span>
     <span class='ocr_line' id='line_1_5' title="bbox 99 413 1488 461; baseline -0.001 -11"><span class='ocrx_word' id='word_1_36' title='bbox 99 415 203 450; x_wconf 86' lang='lat' dir='ltr'>hodie</span> <span class='ocrx_word' id='word_1_37' title='bbox 229 415 462 455; x_wconf 83' lang='lat' dir='ltr'>dormierunt,</span> <span class='ocrx_word' id='word_1_38' title='bbox 505 419 542 450; x_wconf 89' lang='lat' dir='ltr'>tu</span> <span class='ocrx_word' id='word_1_39' title='bbox 576 426 658 450; x_wconf 80' lang='lat' dir='ltr'>vero</span> <span class='ocrx_word' id='word_1_40' title='bbox 693 414 847 461; x_wconf 80' lang='lat' dir='ltr'>grandes</span> <span class='ocrx_word' id='word_1_41' title='bbox 872 415 986 458; x_wconf 82' lang='lat' dir='ltr'><strong>pisces</strong></span> <span class='ocrx_word' id='word_1_42' title='bbox 1013 413 1187 448; x_wconf 88' lang='lat' dir='ltr'>devorans</span> <span class='ocrx_word' id='word_1_43' title='bbox 1214 418 1248 448; x_wconf 90' lang='lat' dir='ltr'>et</span> <span class='ocrx_word' id='word_1_44' title='bbox 1273 415 1306 448; x_wconf 93' lang='lat' dir='ltr'>in</span> <span class='ocrx_word' id='word_1_45' title='bbox 1334 414 1488 449; x_wconf 81' lang='lat' dir='ltr'>thalamo</span> 
     </span>
     <span class='ocr_line' id='line_1_6' title="bbox 100 480 1486 527; baseline -0.001 -11"><span class='ocrx_word' id='word_1_46' title='bbox 100 482 323 527; x_wconf 83' lang='lat' dir='ltr'>requiescens</span> <span class='ocrx_word' id='word_1_47' title='bbox 351 491 426 516; x_wconf 85' lang='lat' dir='ltr'>cum</span> <span class='ocrx_word' id='word_1_48' title='bbox 451 481 608 515; x_wconf 87' lang='lat' dir='ltr'>omnibus</span> <span class='ocrx_word' id='word_1_49' title='bbox 634 480 734 515; x_wconf 88' lang='lat' dir='ltr'>malis</span> <span class='ocrx_word' id='word_1_50' title='bbox 769 481 838 513; x_wconf 87' lang='lat' dir='ltr'>tuis</span> <span class='ocrx_word' id='word_1_51' title='bbox 864 480 1008 523; x_wconf 85' lang='lat' dir='ltr'>insuper</span> <span class='ocrx_word' id='word_1_52' title='bbox 1032 483 1066 513; x_wconf 87' lang='lat' dir='ltr'>te</span> <span class='ocrx_word' id='word_1_53' title='bbox 1093 482 1317 523; x_wconf 88' lang='lat' dir='ltr'>coopertorio</span> <span class='ocrx_word' id='word_1_54' title='bbox 1343 482 1486 526; x_wconf 84' lang='lat' dir='ltr'>triginta</span> 
     </span>
     <span class='ocr_line' id='line_1_7' title="bbox 99 543 1485 588; baseline 0 -6"><span class='ocrx_word' id='word_1_55' title='bbox 99 557 163 582; x_wconf 85' lang='lat' dir='ltr'>sex</span> <span class='ocrx_word' id='word_1_56' title='bbox 186 548 427 582; x_wconf 81' lang='lat' dir='ltr'>numismatum</span> <span class='ocrx_word' id='word_1_57' title='bbox 450 546 640 588; x_wconf 81' lang='lat' dir='ltr'>calefacis,</span> <span class='ocrx_word' id='word_1_58' title='bbox 675 545 813 579; x_wconf 89' lang='lat' dir='ltr'>humilis</span> <span class='ocrx_word' id='word_1_59' title='bbox 836 543 1016 580; x_wconf 89' lang='lat' dir='ltr'>Johannes</span> <span class='ocrx_word' id='word_1_60' title='bbox 1041 544 1113 579; x_wconf 88' lang='lat' dir='ltr'>alia</span> <span class='ocrx_word' id='word_1_61' title='bbox 1141 547 1215 580; x_wconf 83' lang='lat' dir='ltr'>viee</span> <span class='ocrx_word' id='word_1_62' title='bbox 1242 545 1307 580; x_wconf 85' lang='lat' dir='ltr'>hoe</span> <span class='ocrx_word' id='word_1_63' title='bbox 1331 557 1398 581; x_wconf 94' lang='lat' dir='ltr'>non</span> <span class='ocrx_word' id='word_1_64' title='bbox 1427 559 1485 583; x_wconf 49' lang='lat' dir='ltr'>viu</span> 
     </span>
     <span class='ocr_line' id='line_1_8' title="bbox 98 609 1487 659; baseline 0.002 -13"><span class='ocrx_word' id='word_1_65' title='bbox 98 614 233 647; x_wconf 85' lang='lat' dir='ltr'>stietur.</span> <span class='ocrx_word' id='word_1_66' title='bbox 282 612 476 657; x_wconf 84' lang='lat' dir='ltr'>Statimque</span> <span class='ocrx_word' id='word_1_67' title='bbox 509 611 601 646; x_wconf 83' lang='lat' dir='ltr'>facto</span> <span class='ocrx_word' id='word_1_68' title='bbox 625 620 724 646; x_wconf 88' lang='lat' dir='ltr'>mane</span> <span class='ocrx_word' id='word_1_69' title='bbox 749 610 836 644; x_wconf 87' lang='lat' dir='ltr'>illud</span> <span class='ocrx_word' id='word_1_70' title='bbox 861 609 964 645; x_wconf 82' lang='lat' dir='ltr'>vendi</span> <span class='ocrx_word' id='word_1_71' title='bbox 990 609 1071 645; x_wconf 85' lang='lat' dir='ltr'>fecit</span> <span class='ocrx_word' id='word_1_72' title='bbox 1091 615 1125 645; x_wconf 87' lang='lat' dir='ltr'>et</span> <span class='ocrx_word' id='word_1_73' title='bbox 1149 613 1295 656; x_wconf 85' lang='lat' dir='ltr'>pretium</span> <span class='ocrx_word' id='word_1_74' title='bbox 1323 617 1487 659; x_wconf 84' lang='lat' dir='ltr'>pauperi—</span> 
     </span>
     <span class='ocr_line' id='line_1_9' title="bbox 99 676 1488 722; baseline 0.001 -11"><span class='ocrx_word' id='word_1_75' title='bbox 99 677 164 711; x_wconf 89' lang='lat' dir='ltr'>bus</span> <span class='ocrx_word' id='word_1_76' title='bbox 190 678 371 722; x_wconf 85' lang='lat' dir='ltr'>erogavit,</span> <span class='ocrx_word' id='word_1_77' title='bbox 416 676 507 722; x_wconf 85' lang='lat' dir='ltr'>quod</span> <span class='ocrx_word' id='word_1_78' title='bbox 537 676 682 712; x_wconf 88' lang='lat' dir='ltr'>audiens</span> <span class='ocrx_word' id='word_1_79' title='bbox 708 676 766 711; x_wconf 89' lang='lat' dir='ltr'>ille</span> <span class='ocrx_word' id='word_1_80' title='bbox 792 676 890 711; x_wconf 82' lang='lat' dir='ltr'>dives</span> <span class='ocrx_word' id='word_1_81' title='bbox 916 677 1027 721; x_wconf 91' lang='lat' dir='ltr'>ipsum</span> <span class='ocrx_word' id='word_1_82' title='bbox 1054 680 1310 721; x_wconf 80' lang='lat' dir='ltr'>coopertorium</span> <span class='ocrx_word' id='word_1_83' title='bbox 1336 681 1488 715; x_wconf 83' lang='lat' dir='ltr'>secundo</span> 
     </span>
     <span class='ocr_line' id='line_1_10' title="bbox 99 741 1487 789; baseline 0.001 -11"><span class='ocrx_word' id='word_1_84' title='bbox 99 744 182 778; x_wconf 81' lang='lat' dir='ltr'>emit</span> <span class='ocrx_word' id='word_1_85' title='bbox 204 746 239 777; x_wconf 90' lang='lat' dir='ltr'>et</span> <span class='ocrx_word' id='word_1_86' title='bbox 264 741 369 777; x_wconf 86' lang='lat' dir='ltr'>beato</span> <span class='ocrx_word' id='word_1_87' title='bbox 395 741 546 778; x_wconf 86' lang='lat' dir='ltr'>Johanni</span> <span class='ocrx_word' id='word_1_88' title='bbox 572 742 737 785; x_wconf 86' lang='lat' dir='ltr'>tradidit,</span> <span class='ocrx_word' id='word_1_89' title='bbox 785 752 938 789; x_wconf 83' lang='lat' dir='ltr'>rogans,</span> <span class='ocrx_word' id='word_1_90' title='bbox 988 747 1022 776; x_wconf 90' lang='lat' dir='ltr'>ut</span> <span class='ocrx_word' id='word_1_91' title='bbox 1048 744 1159 787; x_wconf 86' lang='lat' dir='ltr'>ipsum</span> <span class='ocrx_word' id='word_1_92' title='bbox 1185 744 1228 779; x_wconf 90' lang='lat' dir='ltr'>de</span> <span class='ocrx_word' id='word_1_93' title='bbox 1252 749 1393 780; x_wconf 82' lang='lat' dir='ltr'>caetero</span> <span class='ocrx_word' id='word_1_94' title='bbox 1419 757 1487 781; x_wconf 90' lang='lat' dir='ltr'>non</span> 
     </span>
     <span class='ocr_line' id='line_1_11' title="bbox 100 807 1486 857; baseline 0.002 -15"><span class='ocrx_word' id='word_1_95' title='bbox 100 807 286 851; x_wconf 78' lang='lat' dir='ltr'>venderet,</span> <span class='ocrx_word' id='word_1_96' title='bbox 336 808 399 844; x_wconf 88' lang='lat' dir='ltr'>sed</span> <span class='ocrx_word' id='word_1_97' title='bbox 423 819 529 854; x_wconf 88' lang='lat' dir='ltr'>super</span> <span class='ocrx_word' id='word_1_98' title='bbox 553 810 666 854; x_wconf 90' lang='lat' dir='ltr'>ipsum</span> <span class='ocrx_word' id='word_1_99' title='bbox 692 812 837 843; x_wconf 88' lang='lat' dir='ltr'>teneret.</span> <span class='ocrx_word' id='word_1_100' title='bbox 902 807 947 842; x_wconf 81' lang='lat' dir='ltr'>At</span> <span class='ocrx_word' id='word_1_101' title='bbox 980 808 1038 843; x_wconf 85' lang='lat' dir='ltr'>ille</span> <span class='ocrx_word' id='word_1_102' title='bbox 1064 809 1155 843; x_wconf 85' lang='lat' dir='ltr'>istud</span> <span class='ocrx_word' id='word_1_103' title='bbox 1183 811 1358 855; x_wconf 87' lang='lat' dir='ltr'>accipiens</span> <span class='ocrx_word' id='word_1_104' title='bbox 1379 813 1486 857; x_wconf 79' lang='lat' dir='ltr'>jussit</span> 
     </span>
     <span class='ocr_line' id='line_1_12' title="bbox 98 874 1488 919; baseline 0.004 -12"><span class='ocrx_word' id='word_1_105' title='bbox 98 876 222 909; x_wconf 86' lang='lat' dir='ltr'>iterum</span> <span class='ocrx_word' id='word_1_106' title='bbox 247 874 350 909; x_wconf 86' lang='lat' dir='ltr'>vendi</span> <span class='ocrx_word' id='word_1_107' title='bbox 374 878 408 910; x_wconf 88' lang='lat' dir='ltr'>et</span> <span class='ocrx_word' id='word_1_108' title='bbox 436 874 583 909; x_wconf 81' lang='lat' dir='ltr'>dominis</span> <span class='ocrx_word' id='word_1_109' title='bbox 611 875 682 909; x_wconf 88' lang='lat' dir='ltr'>suis</span> <span class='ocrx_word' id='word_1_110' title='bbox 710 875 855 919; x_wconf 89' lang='lat' dir='ltr'>pretium</span> <span class='ocrx_word' id='word_1_111' title='bbox 882 875 1036 919; x_wconf 83' lang='lat' dir='ltr'>erogari.</span> <span class='ocrx_word' id='word_1_112' title='bbox 1087 874 1186 914; x_wconf 85' lang='lat' dir='ltr'>Quod</span> <span class='ocrx_word' id='word_1_113' title='bbox 1214 876 1272 911; x_wconf 89' lang='lat' dir='ltr'>ille</span> <span class='ocrx_word' id='word_1_114' title='bbox 1300 876 1398 912; x_wconf 83' lang='lat' dir='ltr'>dives</span> <span class='ocrx_word' id='word_1_115' title='bbox 1426 889 1488 913; x_wconf 81' lang='lat' dir='ltr'>au-</span> 
     </span>
     <span class='ocr_line' id='line_1_13' title="bbox 99 938 1489 990; baseline 0.004 -17"><span class='ocrx_word' id='word_1_116' title='bbox 99 939 197 974; x_wconf 88' lang='lat' dir='ltr'>diens</span> <span class='ocrx_word' id='word_1_117' title='bbox 222 942 346 975; x_wconf 86' lang='lat' dir='ltr'>iterum</span> <span class='ocrx_word' id='word_1_118' title='bbox 371 940 458 975; x_wconf 89' lang='lat' dir='ltr'>abiit</span> <span class='ocrx_word' id='word_1_119' title='bbox 483 945 518 975; x_wconf 88' lang='lat' dir='ltr'>et</span> <span class='ocrx_word' id='word_1_120' title='bbox 542 942 653 985; x_wconf 88' lang='lat' dir='ltr'>ipsum</span> <span class='ocrx_word' id='word_1_121' title='bbox 688 938 833 974; x_wconf 83' lang='lat' dir='ltr'>redemit</span> <span class='ocrx_word' id='word_1_122' title='bbox 869 943 903 974; x_wconf 90' lang='lat' dir='ltr'>et</span> <span class='ocrx_word' id='word_1_123' title='bbox 928 938 1032 974; x_wconf 90' lang='lat' dir='ltr'>beato</span> <span class='ocrx_word' id='word_1_124' title='bbox 1057 939 1209 975; x_wconf 90' lang='lat' dir='ltr'>Johanni</span> <span class='ocrx_word' id='word_1_125' title='bbox 1234 941 1357 977; x_wconf 88' lang='lat' dir='ltr'>detulit</span> <span class='ocrx_word' id='word_1_126' title='bbox 1386 945 1489 990; x_wconf 77' lang='lat' dir='ltr'>eique</span> 
     </span>
     <span class='ocr_line' id='line_1_14' title="bbox 97 1004 1487 1051; baseline 0.004 -12"><span class='ocrx_word' id='word_1_127' title='bbox 97 1005 376 1051; x_wconf 80' lang='lat' dir='ltr'>gratulabundus</span> <span class='ocrx_word' id='word_1_128' title='bbox 403 1005 508 1040; x_wconf 80' lang='lat' dir='ltr'>dixit:</span> <span class='ocrx_word' id='word_1_129' title='bbox 548 1005 760 1047; x_wconf 76' lang='lat' dir='ltr'>videbimus,</span> <span class='ocrx_word' id='word_1_130' title='bbox 788 1006 865 1050; x_wconf 87' lang='lat' dir='ltr'>quis</span> <span class='ocrx_word' id='word_1_131' title='bbox 893 1004 1050 1047; x_wconf 76' lang='lat' dir='ltr'>deliciet,</span> <span class='ocrx_word' id='word_1_132' title='bbox 1078 1010 1138 1040; x_wconf 89' lang='lat' dir='ltr'>aut</span> <span class='ocrx_word' id='word_1_133' title='bbox 1163 1012 1198 1041; x_wconf 88' lang='lat' dir='ltr'>tu</span> <span class='ocrx_word' id='word_1_134' title='bbox 1226 1008 1405 1044; x_wconf 78' lang='lat' dir='ltr'>vendendo</span> <span class='ocrx_word' id='word_1_135' title='bbox 1430 1018 1487 1045; x_wconf 84' lang='lat' dir='ltr'>aut</span> 
     </span>
     <span class='ocr_line' id='line_1_15' title="bbox 98 1070 1484 1117; baseline 0.004 -12"><span class='ocrx_word' id='word_1_136' title='bbox 98 1081 166 1117; x_wconf 83' lang='lat' dir='ltr'>ego</span> <span class='ocrx_word' id='word_1_137' title='bbox 191 1071 404 1107; x_wconf 85' lang='lat' dir='ltr'>redimendo.</span> <span class='ocrx_word' id='word_1_138' title='bbox 453 1070 495 1106; x_wconf 88' lang='lat' dir='ltr'>Et</span> <span class='ocrx_word' id='word_1_139' title='bbox 527 1073 577 1105; x_wconf 85' lang='lat' dir='ltr'>sic</span> <span class='ocrx_word' id='word_1_140' title='bbox 609 1073 766 1106; x_wconf 80' lang='lat' dir='ltr'>suaviter</span> <span class='ocrx_word' id='word_1_141' title='bbox 792 1073 893 1117; x_wconf 82' lang='lat' dir='ltr'>quasi</span> <span class='ocrx_word' id='word_1_142' title='bbox 919 1070 1060 1105; x_wconf 82' lang='lat' dir='ltr'>divitem</span> <span class='ocrx_word' id='word_1_143' title='bbox 1086 1072 1321 1108; x_wconf 81' lang='lat' dir='ltr'>vindemiabat</span> <span class='ocrx_word' id='word_1_144' title='bbox 1354 1075 1484 1115; x_wconf 73' lang='lat' dir='ltr'>dicens,</span> 
     </span>
     <span class='ocr_line' id='line_1_16' title="bbox 98 1136 1488 1183; baseline 0.004 -12"><span class='ocrx_word' id='word_1_145' title='bbox 98 1136 190 1182; x_wconf 85' lang='lat' dir='ltr'>quod</span> <span class='ocrx_word' id='word_1_146' title='bbox 222 1139 336 1182; x_wconf 81' lang='lat' dir='ltr'>possit</span> <span class='ocrx_word' id='word_1_147' title='bbox 369 1138 497 1183; x_wconf 88' lang='lat' dir='ltr'>aliquis</span> <span class='ocrx_word' id='word_1_148' title='bbox 528 1139 719 1173; x_wconf 87' lang='lat' dir='ltr'>intentione</span> <span class='ocrx_word' id='word_1_149' title='bbox 754 1137 906 1172; x_wconf 88' lang='lat' dir='ltr'>donandi</span> <span class='ocrx_word' id='word_1_150' title='bbox 941 1138 1155 1182; x_wconf 86' lang='lat' dir='ltr'>pauperibus</span> <span class='ocrx_word' id='word_1_151' title='bbox 1201 1138 1326 1174; x_wconf 81' lang='lat' dir='ltr'>divites</span> <span class='ocrx_word' id='word_1_152' title='bbox 1371 1141 1488 1177; x_wconf 88' lang='lat' dir='ltr'>taliter</span> 
     </span>
     <span class='ocr_line' id='line_1_17' title="bbox 99 1202 1486 1251; baseline 0.004 -15"><span class='ocrx_word' id='word_1_153' title='bbox 99 1202 318 1247; x_wconf 87' lang='lat' dir='ltr'>exspoliare,</span> <span class='ocrx_word' id='word_1_154' title='bbox 347 1214 410 1242; x_wconf 84' lang='lat' dir='ltr'>nee</span> <span class='ocrx_word' id='word_1_155' title='bbox 435 1207 568 1248; x_wconf 82' lang='lat' dir='ltr'>peceat.</span> <span class='ocrx_word' id='word_1_156' title='bbox 616 1204 692 1239; x_wconf 89' lang='lat' dir='ltr'>Duo</span> <span class='ocrx_word' id='word_1_157' title='bbox 719 1205 808 1239; x_wconf 86' lang='lat' dir='ltr'>enim</span> <span class='ocrx_word' id='word_1_158' title='bbox 834 1204 990 1238; x_wconf 80' lang='lat' dir='ltr'>lucratur</span> <span class='ocrx_word' id='word_1_159' title='bbox 1016 1204 1118 1246; x_wconf 87' lang='lat' dir='ltr'>talis,</span> <span class='ocrx_word' id='word_1_160' title='bbox 1154 1215 1273 1247; x_wconf 87' lang='lat' dir='ltr'>unum,</span> <span class='ocrx_word' id='word_1_161' title='bbox 1304 1208 1386 1251; x_wconf 86' lang='lat' dir='ltr'>quia</span> <span class='ocrx_word' id='word_1_162' title='bbox 1412 1210 1486 1242; x_wconf 91' lang='lat' dir='ltr'>ani-</span> 
     </span>
     <span class='ocr_line' id='line_1_18' title="bbox 98 1268 1486 1315; baseline 0.004 -14"><span class='ocrx_word' id='word_1_163' title='bbox 98 1277 171 1302; x_wconf 84' lang='lat' dir='ltr'>mas</span> <span class='ocrx_word' id='word_1_164' title='bbox 198 1268 334 1304; x_wconf 87' lang='lat' dir='ltr'>illorum</span> <span class='ocrx_word' id='word_1_165' title='bbox 359 1269 496 1312; x_wconf 86' lang='lat' dir='ltr'>salvat,</span> <span class='ocrx_word' id='word_1_166' title='bbox 548 1269 694 1304; x_wconf 87' lang='lat' dir='ltr'>alterum</span> <span class='ocrx_word' id='word_1_167' title='bbox 719 1271 882 1315; x_wconf 85' lang='lat' dir='ltr'>quoniam</span> <span class='ocrx_word' id='word_1_168' title='bbox 908 1280 950 1303; x_wconf 87' lang='lat' dir='ltr'>ex</span> <span class='ocrx_word' id='word_1_169' title='bbox 977 1268 1041 1303; x_wconf 87' lang='lat' dir='ltr'>hoe</span> <span class='ocrx_word' id='word_1_170' title='bbox 1067 1271 1260 1306; x_wconf 82' lang='lat' dir='ltr'>mercedem</span> <span class='ocrx_word' id='word_1_171' title='bbox 1287 1282 1354 1306; x_wconf 90' lang='lat' dir='ltr'>non</span> <span class='ocrx_word' id='word_1_172' title='bbox 1379 1274 1486 1307; x_wconf 27' lang='lat' dir='ltr'>modi*</span> 
     </span>
     <span class='ocr_line' id='line_1_19' title="bbox 97 1329 1488 1380; baseline 0.005 -13"><span class='ocrx_word' id='word_1_173' title='bbox 97 1343 172 1368; x_wconf 85' lang='lat' dir='ltr'>eam</span> <span class='ocrx_word' id='word_1_174' title='bbox 199 1335 358 1380; x_wconf 80' lang='lat' dir='ltr'>accipiet.</span> <span class='ocrx_word' id='word_1_175' title='bbox 380 1329 435 1361; x_wconf 84' lang='grc'>’-</span> <span class='ocrx_word' id='word_1_176' title='bbox 468 1355 513 1361; x_wconf 86' lang='lat'>-—</span> <span class='ocrx_word' id='word_1_177' title='bbox 551 1338 604 1373; x_wconf 77' lang='grc'>-9,</span> <span class='ocrx_word' id='word_1_178' title='bbox 632 1335 762 1369; x_wconf 78' lang='lat' dir='ltr'>Volens</span> <span class='ocrx_word' id='word_1_179' title='bbox 788 1335 912 1369; x_wconf 89' lang='lat' dir='ltr'>heatus</span> <span class='ocrx_word' id='word_1_180' title='bbox 936 1334 1116 1370; x_wconf 87' lang='lat' dir='ltr'>Johannes</span> <span class='ocrx_word' id='word_1_181' title='bbox 1142 1335 1298 1372; x_wconf 83' lang='lat' dir='ltr'>homines</span> <span class='ocrx_word' id='word_1_182' title='bbox 1324 1338 1369 1372; x_wconf 86' lang='lat' dir='ltr'>ad</span> <span class='ocrx_word' id='word_1_183' title='bbox 1395 1339 1488 1374; x_wconf 83' lang='lat' dir='ltr'>elee-</span> 
     </span>
     <span class='ocr_line' id='line_1_20' title="bbox 98 1400 1487 1449; baseline 0.004 -16"><span class='ocrx_word' id='word_1_184' title='bbox 98 1400 265 1434; x_wconf 88' lang='lat' dir='ltr'>mosinam</span> <span class='ocrx_word' id='word_1_185' title='bbox 290 1409 484 1445; x_wconf 84' lang='lat' dir='ltr'>provocare</span> <span class='ocrx_word' id='word_1_186' title='bbox 510 1410 655 1435; x_wconf 85' lang='lat' dir='ltr'>narrare</span> <span class='ocrx_word' id='word_1_187' title='bbox 679 1402 861 1435; x_wconf 82' lang='lat' dir='ltr'>consuevit</span> <span class='ocrx_word' id='word_1_188' title='bbox 885 1400 927 1435; x_wconf 90' lang='lat' dir='ltr'>dc</span> <span class='ocrx_word' id='word_1_189' title='bbox 953 1405 1074 1434; x_wconf 81' lang='lat' dir='ltr'>saneto</span> <span class='ocrx_word' id='word_1_190' title='bbox 1101 1401 1308 1447; x_wconf 76' lang='lat' dir='ltr'>Serapione,</span> <span class='ocrx_word' id='word_1_191' title='bbox 1338 1405 1487 1449; x_wconf 83' lang='lat' dir='ltr'>quicum</span> 
     </span>
     <span class='ocr_line' id='line_1_21' title="bbox 99 1465 1486 1516; baseline 0.005 -18"><span class='ocrx_word' id='word_1_192' title='bbox 99 1466 258 1499; x_wconf 80' lang='lat' dir='ltr'>amictum</span> <span class='ocrx_word' id='word_1_193' title='bbox 285 1476 382 1500; x_wconf 89' lang='lat' dir='ltr'>suum</span> <span class='ocrx_word' id='word_1_194' title='bbox 408 1468 555 1511; x_wconf 86' lang='lat' dir='ltr'>pauperi</span> <span class='ocrx_word' id='word_1_195' title='bbox 580 1466 763 1501; x_wconf 83' lang='lat' dir='ltr'>tribuisset</span> <span class='ocrx_word' id='word_1_196' title='bbox 788 1471 821 1501; x_wconf 88' lang='lat' dir='ltr'>et</span> <span class='ocrx_word' id='word_1_197' title='bbox 847 1466 948 1501; x_wconf 84' lang='lat' dir='ltr'>alteri</span> <span class='ocrx_word' id='word_1_198' title='bbox 974 1465 1141 1508; x_wconf 79' lang='lat' dir='ltr'>obvians,</span> <span class='ocrx_word' id='word_1_199' title='bbox 1193 1469 1250 1513; x_wconf 82' lang='lat' dir='ltr'>qui</span> <span class='ocrx_word' id='word_1_200' title='bbox 1285 1469 1397 1515; x_wconf 76' lang='lat' dir='ltr'>frigus</span> <span class='ocrx_word' id='word_1_201' title='bbox 1426 1481 1486 1516; x_wconf 87' lang='lat' dir='ltr'>pa-</span> 
     </span>
     <span class='ocr_line' id='line_1_22' title="bbox 98 1529 1486 1577; baseline 0.005 -14"><span class='ocrx_word' id='word_1_202' title='bbox 98 1529 264 1573; x_wconf 85' lang='lat' dir='ltr'>tiebatur,</span> <span class='ocrx_word' id='word_1_203' title='bbox 286 1533 437 1566; x_wconf 80' lang='lat' dir='ltr'>tunicam</span> <span class='ocrx_word' id='word_1_204' title='bbox 462 1532 621 1566; x_wconf 88' lang='lat' dir='ltr'>similiter</span> <span class='ocrx_word' id='word_1_205' title='bbox 644 1531 828 1566; x_wconf 87' lang='lat' dir='ltr'>tribuisset</span> <span class='ocrx_word' id='word_1_206' title='bbox 852 1535 885 1565; x_wconf 91' lang='lat' dir='ltr'>et</span> <span class='ocrx_word' id='word_1_207' title='bbox 911 1532 1130 1577; x_wconf 78' lang='lat' dir='ltr'>evangelium</span> <span class='ocrx_word' id='word_1_208' title='bbox 1155 1537 1276 1568; x_wconf 85' lang='lat' dir='ltr'>tenens</span> <span class='ocrx_word' id='word_1_209' title='bbox 1302 1535 1412 1569; x_wconf 86' lang='lat' dir='ltr'>nudus</span> <span class='ocrx_word' id='word_1_210' title='bbox 1431 1547 1486 1570; x_wconf 82' lang='lat' dir='ltr'>se-</span> 
     </span>
     <span class='ocr_line' id='line_1_23' title="bbox 99 1594 1486 1645; baseline 0.005 -16"><span class='ocrx_word' id='word_1_211' title='bbox 99 1594 216 1639; x_wconf 87' lang='lat' dir='ltr'>deret,</span> <span class='ocrx_word' id='word_1_212' title='bbox 251 1597 484 1644; x_wconf 83' lang='lat' dir='ltr'>interrogavit</span> <span class='ocrx_word' id='word_1_213' title='bbox 507 1608 583 1633; x_wconf 87' lang='lat' dir='ltr'>eum</span> <span class='ocrx_word' id='word_1_214' title='bbox 609 1596 748 1643; x_wconf 86' lang='lat' dir='ltr'>quidam</span> <span class='ocrx_word' id='word_1_215' title='bbox 775 1596 913 1631; x_wconf 73' lang='lat' dir='ltr'>dicens:</span> <span class='ocrx_word' id='word_1_216' title='bbox 964 1596 1057 1631; x_wconf 85' lang='lat' dir='ltr'>abba</span> <span class='ocrx_word' id='word_1_217' title='bbox 1082 1599 1159 1643; x_wconf 91' lang='lat' dir='ltr'>quis</span> <span class='ocrx_word' id='word_1_218' title='bbox 1187 1603 1220 1634; x_wconf 85' lang='lat' dir='ltr'>te</span> <span class='ocrx_word' id='word_1_219' title='bbox 1246 1601 1486 1645; x_wconf 75' lang='lat' dir='ltr'>exspoliavit?</span> 
     </span>
     <span class='ocr_line' id='line_1_24' title="bbox 99 1660 1486 1711; baseline 0.005 -16"><span class='ocrx_word' id='word_1_220' title='bbox 99 1660 143 1695; x_wconf 85' lang='lat' dir='ltr'>Et</span> <span class='ocrx_word' id='word_1_221' title='bbox 167 1660 408 1699; x_wconf 86' lang='lat' dir='ltr'>demonstrans</span> <span class='ocrx_word' id='word_1_222' title='bbox 432 1664 650 1711; x_wconf 82' lang='lat' dir='ltr'>evangelium</span> <span class='ocrx_word' id='word_1_223' title='bbox 675 1664 786 1708; x_wconf 87' lang='lat' dir='ltr'>ipsum</span> <span class='ocrx_word' id='word_1_224' title='bbox 813 1661 918 1696; x_wconf 82' lang='lat' dir='ltr'>dixit:</span> <span class='ocrx_word' id='word_1_225' title='bbox 951 1663 1009 1697; x_wconf 90' lang='lat' dir='ltr'>ille</span> <span class='ocrx_word' id='word_1_226' title='bbox 1034 1674 1086 1698; x_wconf 88' lang='lat' dir='ltr'>me</span> <span class='ocrx_word' id='word_1_227' title='bbox 1113 1666 1336 1709; x_wconf 75' lang='lat' dir='ltr'>exspoliavit.</span> <span class='ocrx_word' id='word_1_228' title='bbox 1387 1668 1486 1702; x_wconf 77' lang='lat' dir='ltr'>Alias</span> 
     </span>
     <span class='ocr_line' id='line_1_25' title="bbox 99 1727 1485 1778; baseline 0.005 -17"><span class='ocrx_word' id='word_1_229' title='bbox 99 1730 214 1762; x_wconf 86' lang='lat' dir='ltr'>autem</span> <span class='ocrx_word' id='word_1_230' title='bbox 236 1727 340 1762; x_wconf 87' lang='lat' dir='ltr'>alium</span> <span class='ocrx_word' id='word_1_231' title='bbox 363 1739 551 1775; x_wconf 84' lang='lat' dir='ltr'>pauperem</span> <span class='ocrx_word' id='word_1_232' title='bbox 577 1729 696 1764; x_wconf 87' lang='lat' dir='ltr'>videns</span> <span class='ocrx_word' id='word_1_233' title='bbox 712 1756 720 1770; x_wconf 89' lang='lat'>‚</span> <span class='ocrx_word' id='word_1_234' title='bbox 771 1728 991 1774; x_wconf 80' lang='lat' dir='ltr'>evangellum</span> <span class='ocrx_word' id='word_1_235' title='bbox 1021 1730 1132 1774; x_wconf 89' lang='lat' dir='ltr'>ipsum</span> <span class='ocrx_word' id='word_1_236' title='bbox 1162 1731 1316 1765; x_wconf 87' lang='lat' dir='ltr'>vendidit</span> <span class='ocrx_word' id='word_1_237' title='bbox 1340 1736 1374 1767; x_wconf 89' lang='lat' dir='ltr'>ct</span> <span class='ocrx_word' id='word_1_238' title='bbox 1398 1744 1485 1778; x_wconf 89' lang='lat' dir='ltr'>pau-</span> 
     </span>
     <span class='ocr_line' id='line_1_26' title="bbox 100 1793 1485 1845; baseline 0.005 -19"><span class='ocrx_word' id='word_1_239' title='bbox 100 1793 175 1837; x_wconf 85' lang='lat' dir='ltr'>peri</span> <span class='ocrx_word' id='word_1_240' title='bbox 199 1795 345 1838; x_wconf 84' lang='lat' dir='ltr'>pretium</span> <span class='ocrx_word' id='word_1_241' title='bbox 373 1794 480 1831; x_wconf 81' lang='lat' dir='ltr'>dedit.</span> <span class='ocrx_word' id='word_1_242' title='bbox 530 1796 596 1836; x_wconf 77' lang='lat' dir='ltr'>Qui</span> <span class='ocrx_word' id='word_1_243' title='bbox 622 1805 697 1830; x_wconf 84' lang='lat' dir='ltr'>eum</span> <span class='ocrx_word' id='word_1_244' title='bbox 721 1795 1021 1840; x_wconf 84' lang='lat' dir='ltr'>interrogaretur,</span> <span class='ocrx_word' id='word_1_245' title='bbox 1050 1794 1108 1829; x_wconf 91' lang='lat' dir='ltr'>ubi</span> <span class='ocrx_word' id='word_1_246' title='bbox 1132 1797 1243 1841; x_wconf 87' lang='lat' dir='ltr'>ipsum</span> <span class='ocrx_word' id='word_1_247' title='bbox 1265 1799 1485 1845; x_wconf 77' lang='lat' dir='ltr'>evangelium</span> 
     </span>
     <span class='ocr_line' id='line_1_27' title="bbox 99 1856 1484 1907; baseline 0.006 -16"><span class='ocrx_word' id='word_1_248' title='bbox 99 1856 265 1902; x_wconf 83' lang='lat' dir='ltr'>haberet,</span> <span class='ocrx_word' id='word_1_249' title='bbox 313 1860 514 1906; x_wconf 86' lang='lat' dir='ltr'>respondit:</span> <span class='ocrx_word' id='word_1_250' title='bbox 565 1861 785 1907; x_wconf 85' lang='lat' dir='ltr'>evangelium</span> <span class='ocrx_word' id='word_1_251' title='bbox 811 1861 984 1906; x_wconf 86' lang='lat' dir='ltr'>praecipit</span> <span class='ocrx_word' id='word_1_252' title='bbox 1009 1860 1146 1896; x_wconf 82' lang='lat' dir='ltr'>dicens:</span> <span class='ocrx_word' id='word_1_253' title='bbox 1200 1862 1289 1898; x_wconf 89' lang='lat' dir='ltr'>vade</span> <span class='ocrx_word' id='word_1_254' title='bbox 1315 1868 1349 1899; x_wconf 87' lang='lat' dir='ltr'>et</span> <span class='ocrx_word' id='word_1_255' title='bbox 1376 1865 1484 1900; x_wconf 82' lang='lat' dir='ltr'>vende</span> 
     </span>
     <span class='ocr_line' id='line_1_28' title="bbox 99 1925 1487 1975; baseline 0.006 -18"><span class='ocrx_word' id='word_1_256' title='bbox 99 1925 234 1968; x_wconf 87' lang='lat' dir='ltr'>omnia,</span> <span class='ocrx_word' id='word_1_257' title='bbox 270 1935 360 1971; x_wconf 84' lang='lat' dir='ltr'>quae</span> <span class='ocrx_word' id='word_1_258' title='bbox 387 1925 517 1968; x_wconf 88' lang='lat' dir='ltr'>habes,</span> <span class='ocrx_word' id='word_1_259' title='bbox 553 1931 588 1962; x_wconf 88' lang='lat' dir='ltr'>et</span> <span class='ocrx_word' id='word_1_260' title='bbox 613 1927 659 1961; x_wconf 87' lang='lat' dir='ltr'>da</span> <span class='ocrx_word' id='word_1_261' title='bbox 682 1926 915 1972; x_wconf 86' lang='lat' dir='ltr'>pauperibus;</span> <span class='ocrx_word' id='word_1_262' title='bbox 943 1936 980 1960; x_wconf 87' lang='lat' dir='ltr'>se</span> <span class='ocrx_word' id='word_1_263' title='bbox 1007 1928 1115 1971; x_wconf 87' lang='lat' dir='ltr'>ipsum</span> <span class='ocrx_word' id='word_1_264' title='bbox 1142 1939 1228 1975; x_wconf 86' lang='lat' dir='ltr'>ergo</span> <span class='ocrx_word' id='word_1_265' title='bbox 1255 1927 1427 1964; x_wconf 86' lang='lat' dir='ltr'>habebam</span> <span class='ocrx_word' id='word_1_266' title='bbox 1453 1937 1487 1965; x_wconf 82' lang='lat' dir='ltr'>et</span> 
     </span>
     <span class='ocr_line' id='line_1_29' title="bbox 99 1990 1476 2035; baseline 0.004 -11"><span class='ocrx_word' id='word_1_267' title='bbox 99 2000 138 2024; x_wconf 85' lang='lat' dir='ltr'>se</span> <span class='ocrx_word' id='word_1_268' title='bbox 166 1990 278 2035; x_wconf 86' lang='lat' dir='ltr'>ipsum</span> <span class='ocrx_word' id='word_1_269' title='bbox 299 1991 459 2034; x_wconf 86' lang='lat' dir='ltr'>vendidi,</span> <span class='ocrx_word' id='word_1_270' title='bbox 496 1996 532 2026; x_wconf 91' lang='lat' dir='ltr'>ut</span> <span class='ocrx_word' id='word_1_271' title='bbox 556 1991 755 2027; x_wconf 85' lang='lat' dir='ltr'>mandabat.</span> <span class='ocrx_word' id='word_1_272' title='bbox 782 2013 825 2018; x_wconf 90' lang='lat'><em>-</em></span> <span class='ocrx_word' id='word_1_273' title='bbox 850 2013 893 2018; x_wconf 90' lang='lat'>-—</span> <span class='ocrx_word' id='word_1_274' title='bbox 918 1995 996 2030; x_wconf 83' lang='lat'>10.</span> <span class='ocrx_word' id='word_1_275' title='bbox 1027 1993 1111 2027; x_wconf 60' lang='lat' dir='ltr'>(zum</span> <span class='ocrx_word' id='word_1_276' title='bbox 1140 1993 1276 2028; x_wconf 80' lang='lat' dir='ltr'>cuidam</span> <span class='ocrx_word' id='word_1_277' title='bbox 1302 1994 1476 2030; x_wconf 85' lang='lat' dir='ltr'>eleemosi-</span> 
     </span>
     <span class='ocr_line' id='line_1_30' title="bbox 98 2056 1476 2104; baseline 0.004 -15"><span class='ocrx_word' id='word_1_278' title='bbox 98 2065 177 2089; x_wconf 86' lang='lat' dir='ltr'>nam</span> <span class='ocrx_word' id='word_1_279' title='bbox 205 2057 339 2100; x_wconf 85' lang='lat' dir='ltr'>petenti</span> <span class='ocrx_word' id='word_1_280' title='bbox 360 2056 437 2092; x_wconf 86' lang='lat' dir='ltr'>dari</span> <span class='ocrx_word' id='word_1_281' title='bbox 451 2059 690 2103; x_wconf 85' lang='lat' dir='ltr'>praecepisset</span> <span class='ocrx_word' id='word_1_282' title='bbox 715 2058 840 2093; x_wconf 87' lang='lat' dir='ltr'>beatus</span> <span class='ocrx_word' id='word_1_283' title='bbox 865 2057 1043 2095; x_wconf 88' lang='lat' dir='ltr'>Johannes</span> <span class='ocrx_word' id='word_1_284' title='bbox 1069 2060 1221 2104; x_wconf 86' lang='lat' dir='ltr'>quinque</span> <span class='ocrx_word' id='word_1_285' title='bbox 1234 2070 1403 2103; x_wconf 85' lang='lat' dir='ltr'>nummos,</span> <span class='ocrx_word' id='word_1_286' title='bbox 1432 2062 1476 2095; x_wconf 91' lang='lat' dir='ltr'>in-</span> 
     </span>
     <span class='ocr_line' id='line_1_31' title="bbox 99 2120 1483 2169; baseline 0.002 -14"><span class='ocrx_word' id='word_1_287' title='bbox 99 2120 264 2168; x_wconf 86' lang='lat' dir='ltr'>dignatus</span> <span class='ocrx_word' id='word_1_288' title='bbox 286 2122 359 2165; x_wconf 87' lang='lat' dir='ltr'>ille,</span> <span class='ocrx_word' id='word_1_289' title='bbox 386 2122 478 2168; x_wconf 86' lang='lat' dir='ltr'>quod</span> <span class='ocrx_word' id='word_1_290' title='bbox 505 2124 672 2169; x_wconf 86' lang='lat' dir='ltr'>majorem</span> <span class='ocrx_word' id='word_1_291' title='bbox 695 2124 764 2159; x_wconf 91' lang='lat' dir='ltr'>sibi</span> <span class='ocrx_word' id='word_1_292' title='bbox 788 2125 1033 2160; x_wconf 85' lang='lat' dir='ltr'>eleemosinam</span> <span class='ocrx_word' id='word_1_293' title='bbox 1059 2135 1127 2158; x_wconf 92' lang='lat' dir='ltr'>non</span> <span class='ocrx_word' id='word_1_294' title='bbox 1140 2124 1293 2167; x_wconf 78' lang='lat' dir='ltr'>fecisset,</span> <span class='ocrx_word' id='word_1_295' title='bbox 1320 2128 1483 2161; x_wconf 84' lang='lat' dir='ltr'>continuo</span> 
     </span>
     <span class='ocr_line' id='line_1_32' title="bbox 98 2186 1481 2238; baseline 0.005 -18"><span class='ocrx_word' id='word_1_296' title='bbox 98 2186 143 2221; x_wconf 86' lang='lat' dir='ltr'>ad</span> <span class='ocrx_word' id='word_1_297' title='bbox 167 2188 393 2224; x_wconf 84' lang='lat' dir='ltr'>contumelias</span> <span class='ocrx_word' id='word_1_298' title='bbox 427 2189 538 2234; x_wconf 88' lang='lat' dir='ltr'>ipsius</span> <span class='ocrx_word' id='word_1_299' title='bbox 573 2192 731 2235; x_wconf 88' lang='lat' dir='ltr'>prorupit</span> <span class='ocrx_word' id='word_1_300' title='bbox 766 2200 807 2225; x_wconf 87' lang='lat' dir='ltr'>ac</span> <span class='ocrx_word' id='word_1_301' title='bbox 831 2191 867 2224; x_wconf 90' lang='lat' dir='ltr'>in</span> <span class='ocrx_word' id='word_1_302' title='bbox 893 2191 969 2236; x_wconf 86' lang='lat' dir='ltr'>ejus</span> <span class='ocrx_word' id='word_1_303' title='bbox 995 2190 1117 2224; x_wconf 88' lang='lat' dir='ltr'>faciem</span> <span class='ocrx_word' id='word_1_304' title='bbox 1144 2192 1332 2227; x_wconf 83' lang='lat' dir='ltr'>conviciari</span> <span class='ocrx_word' id='word_1_305' title='bbox 1356 2194 1481 2238; x_wconf 83' lang='lat' dir='ltr'>eoepit.</span> 
     </span>
     <span class='ocr_line' id='line_1_33' title="bbox 99 2252 1482 2302; baseline 0.004 -16"><span class='ocrx_word' id='word_1_306' title='bbox 99 2252 199 2293; x_wconf 82' lang='lat' dir='ltr'>Quod</span> <span class='ocrx_word' id='word_1_307' title='bbox 223 2255 299 2298; x_wconf 79' lang='lat' dir='ltr'>eJus</span> <span class='ocrx_word' id='word_1_308' title='bbox 326 2254 445 2289; x_wconf 88' lang='lat' dir='ltr'>famuli</span> <span class='ocrx_word' id='word_1_309' title='bbox 475 2255 658 2290; x_wconf 84' lang='lat' dir='ltr'>audientes</span> <span class='ocrx_word' id='word_1_310' title='bbox 692 2257 795 2291; x_wconf 86' lang='lat' dir='ltr'>etiam</span> <span class='ocrx_word' id='word_1_311' title='bbox 833 2266 908 2291; x_wconf 90' lang='lat' dir='ltr'>eum</span> <span class='ocrx_word' id='word_1_312' title='bbox 946 2255 1127 2290; x_wconf 82' lang='lat' dir='ltr'>voluerunt</span> <span class='ocrx_word' id='word_1_313' title='bbox 1153 2257 1286 2291; x_wconf 89' lang='lat' dir='ltr'>irruere</span> <span class='ocrx_word' id='word_1_314' title='bbox 1314 2261 1347 2291; x_wconf 90' lang='lat' dir='ltr'>et</span> <span class='ocrx_word' id='word_1_315' title='bbox 1372 2259 1482 2302; x_wconf 89' lang='lat' dir='ltr'>ipsum</span> 
     </span>
     <span class='ocr_line' id='line_1_34' title="bbox 98 2318 1480 2366; baseline 0.004 -15"><span class='ocrx_word' id='word_1_316' title='bbox 98 2318 255 2363; x_wconf 83' lang='lat' dir='ltr'>graviter</span> <span class='ocrx_word' id='word_1_317' title='bbox 280 2319 448 2362; x_wconf 83' lang='lat' dir='ltr'>caedere,</span> <span class='ocrx_word' id='word_1_318' title='bbox 502 2331 590 2366; x_wconf 87' lang='lat' dir='ltr'>quos</span> <span class='ocrx_word' id='word_1_319' title='bbox 615 2321 740 2357; x_wconf 83' lang='lat' dir='ltr'>beatus</span> <span class='ocrx_word' id='word_1_320' title='bbox 765 2321 944 2357; x_wconf 88' lang='lat' dir='ltr'>Johannes</span> <span class='ocrx_word' id='word_1_321' title='bbox 972 2322 1109 2355; x_wconf 89' lang='lat' dir='ltr'>omnino</span> <span class='ocrx_word' id='word_1_322' title='bbox 1138 2321 1316 2366; x_wconf 87' lang='lat' dir='ltr'>prohibuit</span> <span class='ocrx_word' id='word_1_323' title='bbox 1343 2322 1480 2357; x_wconf 79' lang='lat' dir='ltr'>‹ilcensz</span> 
     </span>
    </p>
   </div>
   <div class='ocr_carea' id='block_1_3' title="bbox 42 2383 1478 2426">
    <p class='ocr_par' dir='ltr' id='par_1_3' title="bbox 42 2383 1478 2426">
     <span class='ocr_line' id='line_1_35' title="bbox 42 2383 1478 2426; baseline 0.001 -7"><span class='ocrx_word' id='word_1_324' title='bbox 42 2414 51 2419; x_wconf 81' lang='grc'><strong>.</strong></span> <span class='ocrx_word' id='word_1_325' title='bbox 99 2384 221 2425; x_wconf 87' lang='lat' dir='ltr'>sinite,</span> <span class='ocrx_word' id='word_1_326' title='bbox 261 2383 410 2426; x_wconf 87' lang='lat' dir='ltr'>fratres,</span> <span class='ocrx_word' id='word_1_327' title='bbox 451 2387 554 2420; x_wconf 87' lang='lat' dir='ltr'>sinite</span> <span class='ocrx_word' id='word_1_328' title='bbox 582 2390 619 2420; x_wconf 89' lang='lat' dir='ltr'>ut</span> <span class='ocrx_word' id='word_1_329' title='bbox 641 2386 724 2421; x_wconf 86' lang='lat' dir='ltr'>mihi</span> <span class='ocrx_word' id='word_1_330' title='bbox 749 2387 945 2421; x_wconf 86' lang='lat' dir='ltr'>maledicat.</span> <span class='ocrx_word' id='word_1_331' title='bbox 1008 2386 1098 2422; x_wconf 80' lang='lat' dir='ltr'>Eeec</span> <span class='ocrx_word' id='word_1_332' title='bbox 1123 2388 1210 2420; x_wconf 90' lang='lat' dir='ltr'>enim</span> <span class='ocrx_word' id='word_1_333' title='bbox 1239 2385 1352 2421; x_wconf 86' lang='lat' dir='ltr'>habeo</span> <span class='ocrx_word' id='word_1_334' title='bbox 1377 2397 1478 2421; x_wconf 81' lang='lat' dir='ltr'>sexa-</span> 
     </span>
    </p>
   </div>
   <div class='ocr_carea' id='block_1_4' title="bbox 96 2448 1479 2692">
    <p class='ocr_par' dir='ltr' id='par_1_4' title="bbox 96 2448 1479 2692">
     <span class='ocr_line' id='line_1_36' title="bbox 97 2448 1479 2497; baseline 0.003 -15"><span class='ocrx_word' id='word_1_335' title='bbox 97 2450 197 2494; x_wconf 79' lang='lat' dir='ltr'>ginta</span> <span class='ocrx_word' id='word_1_336' title='bbox 227 2459 337 2483; x_wconf 87' lang='lat' dir='ltr'>annos</span> <span class='ocrx_word' id='word_1_337' title='bbox 371 2448 619 2494; x_wconf 86' lang='lat' dir='ltr'>blasphemans</span> <span class='ocrx_word' id='word_1_338' title='bbox 653 2462 715 2495; x_wconf 86' lang='lat' dir='ltr'>per</span> <span class='ocrx_word' id='word_1_339' title='bbox 740 2462 849 2497; x_wconf 86' lang='lat' dir='ltr'>opera</span> <span class='ocrx_word' id='word_1_340' title='bbox 873 2462 950 2487; x_wconf 85' lang='lat' dir='ltr'>mea</span> <span class='ocrx_word' id='word_1_341' title='bbox 977 2450 1150 2485; x_wconf 88' lang='lat' dir='ltr'>Christum</span> <span class='ocrx_word' id='word_1_342' title='bbox 1176 2454 1210 2485; x_wconf 87' lang='lat' dir='ltr'>ct</span> <span class='ocrx_word' id='word_1_343' title='bbox 1236 2461 1336 2485; x_wconf 87' lang='lat' dir='ltr'>unum</span> <span class='ocrx_word' id='word_1_344' title='bbox 1362 2455 1479 2487; x_wconf 54' lang='lat' dir='ltr'>couvi&gt;</span> 
     </span>
     <span class='ocr_line' id='line_1_37' title="bbox 97 2514 1478 2563; baseline 0.001 -15"><span class='ocrx_word' id='word_1_345' title='bbox 97 2516 185 2549; x_wconf 75' lang='lat' dir='ltr'>cium</span> <span class='ocrx_word' id='word_1_346' title='bbox 212 2525 279 2548; x_wconf 92' lang='lat' dir='ltr'>non</span> <span class='ocrx_word' id='word_1_347' title='bbox 306 2514 455 2559; x_wconf 88' lang='lat' dir='ltr'>portabo</span> <span class='ocrx_word' id='word_1_348' title='bbox 482 2516 526 2549; x_wconf 87' lang='lat' dir='ltr'>ab</span> <span class='ocrx_word' id='word_1_349' title='bbox 551 2517 647 2550; x_wconf 75' lang='lat' dir='ltr'>isto?</span> <span class='ocrx_word' id='word_1_350' title='bbox 669 2517 845 2562; x_wconf 85' lang='lat' dir='ltr'>jussitque</span> <span class='ocrx_word' id='word_1_351' title='bbox 873 2516 1046 2551; x_wconf 82' lang='lat' dir='ltr'>saeculum</span> <span class='ocrx_word' id='word_1_352' title='bbox 1073 2516 1190 2550; x_wconf 78' lang='lat' dir='ltr'>afferri</span> <span class='ocrx_word' id='word_1_353' title='bbox 1212 2520 1246 2551; x_wconf 90' lang='lat' dir='ltr'>et</span> <span class='ocrx_word' id='word_1_354' title='bbox 1269 2526 1385 2551; x_wconf 85' lang='lat' dir='ltr'>coram</span> <span class='ocrx_word' id='word_1_355' title='bbox 1401 2519 1478 2563; x_wconf 84' lang='lat' dir='ltr'>ipso</span> 
     </span>
     <span class='ocr_line' id='line_1_38' title="bbox 97 2580 1479 2628; baseline 0.003 -14"><span class='ocrx_word' id='word_1_356' title='bbox 97 2581 247 2626; x_wconf 86' lang='lat' dir='ltr'>apponi,</span> <span class='ocrx_word' id='word_1_357' title='bbox 280 2585 317 2615; x_wconf 91' lang='lat' dir='ltr'>ut</span> <span class='ocrx_word' id='word_1_358' title='bbox 340 2580 420 2615; x_wconf 84' lang='lat' dir='ltr'>inde</span> <span class='ocrx_word' id='word_1_359' title='bbox 446 2580 604 2623; x_wconf 84' lang='lat' dir='ltr'>tolleret,</span> <span class='ocrx_word' id='word_1_360' title='bbox 629 2585 792 2626; x_wconf 66' lang='lat' dir='ltr'>(plantum</span> <span class='ocrx_word' id='word_1_361' title='bbox 819 2582 934 2617; x_wconf 85' lang='lat' dir='ltr'>vellet.</span> <span class='ocrx_word' id='word_1_362' title='bbox 961 2601 1005 2607; x_wconf 94' lang='lat'><strong>—</strong></span> <span class='ocrx_word' id='word_1_363' title='bbox 1027 2601 1072 2606; x_wconf 92' lang='lat'>--</span> <span class='ocrx_word' id='word_1_364' title='bbox 1096 2601 1140 2606; x_wconf 89' lang='lat'>—</span> <span class='ocrx_word' id='word_1_365' title='bbox 1165 2585 1230 2619; x_wconf 84' lang='lat'>11.</span> <span class='ocrx_word' id='word_1_366' title='bbox 1260 2581 1341 2617; x_wconf 77' lang='lat' dir='ltr'>Cum</span> <span class='ocrx_word' id='word_1_367' title='bbox 1369 2594 1479 2628; x_wconf 78' lang='lat' dir='ltr'>popu—</span> 
     </span>
     <span class='ocr_line' id='line_1_39' title="bbox 96 2646 1479 2692; baseline 0.004 -13"><span class='ocrx_word' id='word_1_368' title='bbox 96 2646 149 2680; x_wconf 87' lang='lat' dir='ltr'>lus</span> <span class='ocrx_word' id='word_1_369' title='bbox 177 2646 266 2681; x_wconf 86' lang='lat' dir='ltr'>lecto</span> <span class='ocrx_word' id='word_1_370' title='bbox 291 2646 477 2692; x_wconf 81' lang='lat' dir='ltr'>evangelio</span> <span class='ocrx_word' id='word_1_371' title='bbox 505 2647 686 2681; x_wconf 79' lang='lat' dir='ltr'>ecclesiam</span> <span class='ocrx_word' id='word_1_372' title='bbox 711 2649 843 2689; x_wconf 78' lang='lat' dir='ltr'>exiret,</span> <span class='ocrx_word' id='word_1_373' title='bbox 895 2651 929 2682; x_wconf 79' lang='lat' dir='ltr'>et</span> <span class='ocrx_word' id='word_1_374' title='bbox 955 2647 1040 2682; x_wconf 86' lang='lat' dir='ltr'>foris</span> <span class='ocrx_word' id='word_1_375' title='bbox 1067 2649 1190 2681; x_wconf 89' lang='lat' dir='ltr'>otiosis</span> <span class='ocrx_word' id='word_1_376' title='bbox 1226 2647 1341 2683; x_wconf 84' lang='lat' dir='ltr'>verbis</span> <span class='ocrx_word' id='word_1_377' title='bbox 1376 2658 1479 2684; x_wconf 80' lang='lat' dir='ltr'>vaea-</span> 
     </span>
    </p>
   </div>
   <div class='ocr_carea' id='block_1_5' title="bbox 100 2712 1478 2810">
    <p class='ocr_par' dir='ltr' id='par_1_5' title="bbox 100 2712 1478 2810">
     <span class='ocr_line' id='line_1_40' title="bbox 100 2712 1478 2759; baseline 0.001 -14"><span class='ocrx_word' id='word_1_378' title='bbox 100 2715 173 2753; x_wconf 84' lang='lat' dir='ltr'>ret,</span> <span class='ocrx_word' id='word_1_379' title='bbox 216 2712 364 2757; x_wconf 84' lang='lat' dir='ltr'>quadam</span> <span class='ocrx_word' id='word_1_380' title='bbox 392 2713 465 2747; x_wconf 83' lang='lat' dir='ltr'>vice</span> <span class='ocrx_word' id='word_1_381' title='bbox 501 2717 580 2757; x_wconf 81' lang='lat' dir='ltr'>post</span> <span class='ocrx_word' id='word_1_382' title='bbox 617 2713 835 2759; x_wconf 68' lang='lat' dir='ltr'>evangelium</span> <span class='ocrx_word' id='word_1_383' title='bbox 869 2712 1065 2758; x_wconf 78' lang='lat' dir='ltr'>patriarcha</span> <span class='ocrx_word' id='word_1_384' title='bbox 1100 2723 1172 2748; x_wconf 75' lang='lat' dir='ltr'>eum</span> <span class='ocrx_word' id='word_1_385' title='bbox 1211 2715 1254 2749; x_wconf 89' lang='lat' dir='ltr'>iis</span> <span class='ocrx_word' id='word_1_386' title='bbox 1279 2715 1361 2749; x_wconf 82' lang='lat' dir='ltr'>exiit</span> <span class='ocrx_word' id='word_1_387' title='bbox 1389 2718 1420 2749; x_wconf 85' lang='lat' dir='ltr'>et</span> <span class='ocrx_word' id='word_1_388' title='bbox 1448 2716 1478 2747; x_wconf 87' lang='lat' dir='ltr'>in</span> 
     </span>
     <span class='ocr_line' id='line_1_41' title="bbox 1149 2778 1200 2810; baseline -0.02 0"><span class='ocrx_word' id='word_1_389' title='bbox 1149 2778 1200 2810; x_wconf 69' lang='lat' dir='ltr'>ti*</span> 
     </span>
    </p>
   </div>
  </div>
 </body>
</html>
