1742 3005
323 76 419 127 Cap.
449 77 623 114 LXXXI.
679 76 739 115 De
772 83 902 115 sancto
933 77 1109 115 Bar-naba
1138 77 1327 128 apostolo.
1441 77 1520 116 347

132 187 233 218 natus
259 186 313 219 est
338 181 541 225 Barnabas,
580 192 655 217 cum
680 181 828 217 haberet
861 191 1002 228 agrum,
1039 181 1196 218 vendIdit
1220 181 1316 216 illum
1345 184 1380 218 et
1405 181 1523 216 attulit

131 249 280 294 pretium
305 251 340 284 et
364 250 483 293 posuit
508 248 551 283 ad
578 248 686 294 pedes
721 248 981 293 apostolorum,
1016 249 1075 283 ubi
1112 247 1195 282 dicit
1230 247 1377 284 Glossa:
1412 246 1522 281 desti-

130 313 294 350 tuendum
321 313 468 359 probat,
504 314 597 360 quod
630 318 778 360 tangere
811 314 963 357 devitat,
1001 319 1035 349 et
1073 313 1175 348 docet
1206 313 1406 348 calcandum
1445 323 1523 348 esse

133 390 275 423 aurum,
308 380 403 426 quod
436 379 556 414 subdit
581 381 765 426 gressibus
800 380 1051 425 apostolorum.
1102 380 1225 414 Tertio
1250 378 1373 424 habuit
1398 380 1524 413 irasci-

132 445 259 489 bilem,
285 446 484 480 roboratam
511 446 748 491 magnitudine
773 446 961 490 probitatis
982 450 1015 480 et
1034 445 1102 479 hoc
1120 446 1212 480 velut
1228 445 1377 479 viriliter
1391 455 1523 491 aggre-

134 512 262 546 diendo
288 511 399 546 ardua
423 512 476 547 vel
503 516 771 555 perseveranter
796 511 936 557 agendo
963 511 1081 554 sortia,
1110 511 1165 546 vel
1192 515 1394 545 constanter
1419 513 1525 545 susti-

133 578 247 612 nendo
272 577 436 612 adversa.
482 577 641 612 Viriliter
672 576 914 623 aggrediendo
948 576 1079 619 ardua,
1122 578 1211 611 sicut
1248 580 1345 621 patet
1379 578 1414 611 in
1449 576 1525 619 hoc,

135 643 228 688 quod
257 643 350 677 illam
384 643 567 676 maximam
598 642 822 678 Antiochiam
859 643 902 677 ad
934 642 1204 678 convertendum
1238 644 1393 687 accepit,
1435 644 1526 677 sicut

134 710 236 744 etiam
261 712 360 753 patet
384 708 460 742 Act.
486 707 555 751 IX,
591 710 673 753 quia
706 718 778 742 eum
807 714 887 754 post
913 711 1175 744 conversionem
1201 708 1330 743 Paulus
1355 708 1524 743 Hieroso-

131 773 256 819 lymam
291 775 447 809 venisset
480 779 516 809 et
549 774 733 819 discipulis
760 785 798 809 se
822 777 975 821 Jungere
1000 774 1104 809 vellet
1131 779 1164 809 et
1189 785 1308 809 omnes
1336 786 1410 810 eum
1437 779 1504 809 tam

134 851 234 886 quam
262 840 379 885 lupum
404 841 486 886 agni
511 840 694 886 sugerent,
728 841 911 876 Barnabas
951 843 1063 885 ipsum
1092 841 1259 875 audacter
1293 841 1527 884 apprehemlit

135 910 169 940 et
194 906 239 941 ad
264 906 450 951 apostolos
474 906 583 941 duxit.
621 906 895 941 Perseveranter
920 906 1098 951 operando
1125 906 1252 947 sortia,
1291 907 1373 951 quia
1399 917 1526 950 corpus

134 982 232 1006 suum
257 974 446 1007 maceravit
471 978 505 1008 et
527 974 675 1019 jejuniis
701 973 846 1015 afflixit,
883 972 974 1007 unde
1009 973 1137 1007 dicitur
1162 973 1237 1007 Act.
1263 971 1341 1006 XllI
1369 972 1411 1005 de
1436 972 1525 1006 Bar-

134 1038 228 1072 naba
243 1043 276 1073 et
292 1038 498 1084 quibusdam
519 1040 619 1073 aliis:
640 1039 917 1074 ministrantibus
939 1043 1053 1073 autem
1069 1038 1137 1072 illis
1152 1038 1289 1072 domino
1311 1042 1343 1071 et
1359 1039 1527 1082 jejunan-

133 1104 229 1138 tibus
254 1108 320 1138 etc.
370 1104 580 1140 Constanter
604 1105 804 1140 sufferendo
833 1105 1003 1146 adversa,
1043 1106 1131 1139 sicut
1163 1104 1315 1148 apostoli
1341 1103 1528 1148 perhibent

135 1170 167 1204 ei
193 1171 427 1204 testiinonium
452 1171 626 1206 dieentes:
662 1182 736 1207 cum
769 1173 962 1206 carissimis
996 1172 1127 1204 nostris
1155 1170 1390 1205 Barnaba‘et
1418 1170 1526 1204 Paulo

135 1234 357 1278 hominibus,
392 1238 451 1281 qui
482 1238 705 1272 tradiderunt
728 1239 862 1271 animas
889 1247 972 1271 suas
999 1248 1061 1281 pro
1087 1237 1225 1270 nomine
1259 1236 1388 1270 domini
1415 1237 1529 1269 nostri

135 1299 221 1335 Jesu
247 1300 390 1335 Christi.
441 1302 600 1338 Secundo
631 1304 695 1337 suit
721 1303 903 1337 ordinatus
930 1307 1091 1347 quantum
1127 1302 1171 1336 ad
1199 1302 1306 1337 Deum
1333 1302 1527 1336 deferendo

136 1366 202 1401 Dei
230 1368 451 1410 auctoritati,
484 1370 664 1413 majestati
693 1374 726 1403 et
752 1368 909 1402 bonitati.
957 1369 1190 1411 Auctor-itast,
1229 1369 1321 1414 quod
1356 1372 1452 1412 patet
1487 1378 1529 1402 ex

139 1432 228 1475 hoc,
265 1432 357 1478 quod
389 1433 844 1486 officium*praedIcatiouis
874 1434 943 1467 sibi
970 1446 1037 1468 non
1064 1436 1267 1478 usurpavit,
1306 1433 1369 1467 sed
1396 1433 1460 1467 hoc
1487 1443 1529 1467 cx

139 1501 348 1534 auctoritate
370 1499 434 1534 Dei
459 1502 620 1544 accipere
644 1500 775 1541 voluit,
804 1501 894 1533 sicut
921 1499 1070 1534 habetur
1092 1499 1169 1533 Act.
1196 1498 1293 1533 XllI:
1331 1499 1419 1532 dixit
1456 1500 1531 1542 spi-

139 1565 227 1598 ritus
260 1569 423 1608 sanctuS,
462 1570 652 1612 segregate
685 1565 766 1600 mihi
802 1565 997 1599 Barnabam
1036 1569 1069 1600 et
1102 1565 1244 1600 Paulum
1281 1566 1314 1598 in
1341 1575 1452 1608 opus,
1488 1565 1530 1598 ad

141 1629 235 1674 quod
255 1632 404 1665 assumsi
425 1642 497 1666 eos.
547 1632 706 1666 Secundo
726 1632 791 1666 Dei
817 1633 1005 1676 majestati,
1033 1642 1107 1665 cum
1130 1632 1232 1672 enim,
1254 1635 1290 1664 nt
1313 1632 1362 1664 sie
1382 1630 1533 1664 habetur

140 1695 219 1729 Act.
239 1694 330 1738 XIII,
359 1698 579 1742 majestatem
608 1697 758 1731 divinam
786 1698 854 1731 sibi
881 1697 1020 1743 quidam
1055 1697 1183 1732 vellent
1209 1696 1403 1731 attribuere
1439 1700 1472 1730 et
1501 1697 1533 1729 ei

140 1764 313 1805 tamquam
350 1761 424 1796 Deo
462 1762 599 1797 hostias
634 1763 833 1806 immolare,
882 1769 1047 1798 vocantes
1092 1775 1167 1798 eum
1202 1763 1322 1798 Jovem
1359 1767 1532 1807 tamquam

140 1828 293 1870 priorem
319 1832 353 1862 et
376 1828 520 1863 Paulum
545 1828 779 1872 Mercurium,
805 1834 980 1875 tamquam
1006 1830 1212 1875 prudentem
1239 1834 1273 1865 et
1300 1829 1532 1874 eloquentem,

140 1895 303 1928 contInuo
337 1894 521 1929 Barnabas
557 1900 591 1930 et
626 1894 754 1930 Paulus
788 1897 979 1930 conscissis
1004 1897 1132 1930 tunicis
1164 1896 1420 1930 clamaverunt:
1456 1896 1535 1935 viri,

143 1958 226 2002 quid
261 1958 408 1995 facitis?
454 1960 497 1995 Et
524 1972 588 1995 nos
621 1962 789 1997 mortales
822 1973 945 1996 sumus
971 1962 1103 1997 similes
1130 1962 1251 2003 vohis,
1288 1962 1534 1997 annuntiantes

142 2024 243 2057 vohis
260 2023 304 2058 ab
323 2023 378 2058 his
401 2028 499 2059 vanis
516 2026 593 2060 Diis
615 2029 771 2061 converti
790 2027 834 2061 ad
856 2027 964 2062 Deum
983 2030 1107 2062 vivum.
1135 2027 1259 2062 Tertio
1280 2027 1344 2061 Dei
1365 2026 1535 2059 bonitate.

142 2088 229 2123 Nam
253 2091 343 2124 sicut
365 2090 516 2126 habetur
539 2091 616 2125 Act.
638 2091 723 2134 XV,
751 2102 825 2126 cum
846 2092 1037 2126 honitatem
1056 2094 1195 2137 gratiae
1223 2092 1299 2132 Dei,
1327 2100 1396 2135 qua
1423 2092 1536 2135 gratis

144 2160 179 2190 et
203 2167 269 2190 non
297 2167 338 2190 ex
365 2156 446 2202 lege
474 2167 590 2192 sumus
617 2157 763 2199 salvati,
801 2156 942 2202 quidam
976 2158 1139 2191 conversi
1172 2156 1215 2192 de
1248 2156 1394 2192 Judaeis
1420 2160 1537 2190 artare

144 2225 180 2256 et
204 2221 404 2257 deminuere
428 2223 577 2265 vellent,
598 2227 800 2258 asserentes
828 2222 897 2258 hoc
921 2223 998 2258 sine
1026 2224 1291 2257 circumcisione
1319 2232 1536 2268 nequaquam

145 2285 329 2329 sufficere,
353 2287 483 2324 Paulus
507 2293 542 2324 et
565 2288 749 2323 Barnabas
777 2294 900 2324 contra
925 2299 986 2324 eos
1012 2289 1162 2324 viriliter
1186 2290 1390 2323 restiterunt
1420 2292 1454 2322 et
1479 2298 1538 2321 so-

128 2352 215 2386 lam
238 2352 430 2388 honitatem
461 2357 600 2399 gratiae
619 2354 683 2389 Dei
709 2357 785 2390 sine
809 2354 892 2401 lege
916 2354 1080 2390 sufficere
1109 2354 1357 2395 ostenderunt3
1395 2354 1540 2396 insuper

147 2422 182 2453 et
212 2419 453 2463 quaestionem
485 2418 532 2452 ad
563 2419 748 2463 apostolos
783 2420 983 2455 detulerunt
1007 2425 1042 2454 et
1067 2424 1190 2454 contra
1216 2419 1354 2453 illorum
1385 2429 1538 2453 errorem

146 2484 388 2530 apostolorum
413 2483 584 2529 epistolas
620 2485 905 2530 impetraverunt.
954 2485 1078 2520 Tertio
1111 2484 1178 2519 suit
1203 2486 1330 2530 optime
1357 2483 1538 2519 ordinatus

148 2555 313 2596 quantum
338 2549 382 2585 ad
408 2551 600 2596 proximum
617 2577 625 2592 ,
657 2551 740 2596 quia
765 2561 912 2597 gregem
940 2560 1039 2586 suum
1075 2551 1172 2595 pavit
1203 2549 1331 2592 verbo,
1368 2547 1538 2584 beneficio

150 2620 184 2649 et
209 2616 379 2661 exemplo.
429 2615 544 2651 Verbo
560 2644 568 2657 ‚
600 2617 682 2661 quia
709 2616 851 2652 verbum
875 2616 941 2652 Dei
965 2615 1116 2651 sollicite
1142 2615 1419 2662 evangelium,
1448 2615 1539 2649 unde

150 2680 276 2716 dicitur
294 2681 466 2717 Actxvz
491 2682 620 2717 Paulus
642 2687 676 2717 et
693 2681 875 2718 Barnabas
896 2682 1167 2718 demorabantur
1179 2681 1389 2717 Antiochiae
1410 2680 1539 2715 docen-
