1742 3005
186 78 264 115 lt5t5
323 78 419 128 Cap.
453 76 642 114 xxxvii.
683 76 742 112 De
772 74 1036 125 purificatione
1070 75 1201 112 beatae
1232 74 1377 112 Mariae
1409 74 1577 123 virginis.

187 182 348 221 serarius,
376 181 647 226 subdyzconum,
674 178 865 225 dyaconum
893 183 925 214 et
951 180 1166 216 sacerdotem
1193 182 1302 216 sacris
1328 180 1468 215 indutos
1499 190 1577 216 ves-

187 246 279 280 tibus
305 246 348 279 ad
376 246 488 280 altare
515 243 756 290 procedentes,
782 248 957 288 tamquam
983 246 1165 280 missarum
1192 246 1374 281 sollemnia
1397 245 1578 281 celebrare

189 311 356 345 volentes.
405 309 600 345 Videbatur
624 313 736 344 autem
763 308 827 343 sibi
844 338 851 351 ,
899 309 992 355 quod
1018 310 1137 345 acoliti
1164 315 1281 346 essent
1316 311 1518 347 Vincentius
1547 315 1581 346 et

189 376 399 410 Laurentius
417 405 424 418 ,
462 375 638 421 dyaconus
664 379 696 410 et
723 374 966 419 subdyaconus
992 375 1059 409 duo
1087 375 1228 422 angeli,
1265 379 1299 410 et
1325 377 1490 411 sacerdos
1517 387 1578 411 au-

192 446 256 475 tem
283 440 453 475 Christus.
509 440 616 475 Facta
644 444 756 475 autem
785 440 1007 475 consessione
1036 440 1104 475 duo
1132 440 1352 486 pulcherrimi
1374 443 1521 486 jilvenes
1548 444 1581 475 in

192 506 338 541 medium
364 506 461 540 chori
485 508 597 541 ierunt
624 510 657 540 et
683 506 831 540 osticium
858 507 985 541 missae
1011 506 1084 540 alta
1110 516 1195 542 voce
1221 510 1255 541 ct
1282 506 1506 541 devotissime
1530 508 1582 540 iu-

191 576 357 617 eeperunt
383 576 417 607 et
442 574 593 613 caeteri,
621 572 679 617 qui
707 573 739 605 in
763 571 870 605 choro
896 577 1015 615 erant,
1042 576 1311 617 prosequuntur.
1361 572 1443 607 Cum
1469 575 1582 606 autem

194 638 237 672 ad
265 637 475 673 oblationem
502 641 637 671 ventum
669 636 805 678 fuisset,
831 638 955 683 regina
981 639 1150 683 virginum
1180 642 1213 672 et
1236 641 1399 673 caeterae
1428 639 1584 683 virgines

194 714 267 736 eum
294 703 395 745 aliis,
422 704 479 748 qui
505 706 605 737 erant
631 703 663 735 iu
685 701 813 743 choro,
840 712 961 736 cereos
988 713 1070 736 suos
1096 703 1269 737 sacerdoti
1285 732 1293 746 ,
1321 707 1357 737 ut
1383 705 1489 737 moris
1516 707 1582 740 est.

196 768 294 802 flexis
319 767 478 813 genubus
504 766 726 806 obtulerunt,
753 776 827 799 cum
853 771 967 801 autem
991 767 1157 802 sacerdos
1184 768 1277 802 illam
1305 772 1495 802 matronam
1523 779 1582 803 ex-

197 837 392 877 spectaret,
419 837 456 867 ut
480 833 547 867 sibi
573 842 709 867 cereum
736 842 832 865 suum
860 832 1023 874 offerret,
1051 836 1085 867 et
1112 833 1173 867 illa
1201 834 1252 868 ire
1276 823 1396 876 nollet,
1423 835 1515 867 misit
1543 834 1586 867 ad

197 908 270 932 eam
296 900 418 944 regina
443 900 614 945 virginum
639 908 702 944 per
726 898 900 939 nuntium,
940 897 1031 943 quod
1056 900 1283 934 rusticitatem
1308 898 1459 941 faceret,
1495 900 1586 945 quod

197 964 414 1000 sacerdotem
445 963 576 999 tamdiu
607 968 813 1010 exspectare
848 965 1074 1009 permitteret.
1147 963 1212 999 Illa
1247 968 1360 999 autem
1393 964 1585 1009 respondit,

199 1029 291 1074 quod
325 1030 491 1065 sacerdos
526 1031 558 1064 iu
594 1032 702 1065 missa
734 1040 798 1065 sua
833 1029 1058 1075 procederet,
1108 1031 1189 1075 quia
1227 1040 1364 1065 cereum
1399 1041 1495 1065 sunm
1522 1030 1587 1065 sibi

198 1105 266 1128 nou
293 1095 445 1130 offerret.
495 1095 591 1130 Tunc
617 1097 739 1132 iterum
764 1098 888 1142 regina
913 1095 1016 1130 alium
1042 1096 1193 1129 nuntium
1220 1097 1324 1139 misit,
1351 1098 1406 1131 cui
1431 1097 1590 1132 similiter

200 1160 262 1194 illa
289 1160 492 1205 respoudit,
520 1161 611 1206 quod
636 1172 771 1197 cereum
798 1162 865 1196 sibi
888 1161 1003 1195 datum
1031 1162 1169 1206 penitus
1194 1159 1277 1194 nulli
1304 1161 1424 1204 daret,
1459 1162 1520 1198 sed
1546 1163 1589 1196 il-

201 1225 267 1259 lum
294 1236 335 1260 ex
363 1226 548 1262 devotione
574 1231 718 1264 teneret.
768 1226 904 1273 Regina
931 1230 1044 1261 autem
1069 1227 1239 1272 virginum
1266 1229 1385 1262 nuntio
1410 1230 1589 1273 praecepit

202 1292 340 1326 dicens:
376 1292 464 1326 vade
490 1296 525 1327 et
551 1294 674 1326 iterum
702 1303 777 1327 eam
802 1302 911 1338 roga,
937 1296 981 1327 ut.
1000 1302 1135 1326 cereum
1161 1292 1287 1326 offerat
1316 1294 1350 1336 ¹)
1377 1295 1407 1327 si
1431 1305 1499 1328 non
1529 1304 1588 1328 au-

201 1362 287 1399 tem,
339 1359 451 1402 ipsum
485 1358 526 1393 de
551 1358 710 1392 manibus
743 1359 820 1404 ejus
847 1358 1017 1393 violenter
1041 1357 1194 1393 auferas.
1270 1358 1422 1404 (linitque
1452 1361 1590 1393 nuntius

202 1423 326 1457 ivisset
352 1426 386 1458 et
411 1424 473 1458 illa
498 1428 679 1470 rogantem
709 1424 830 1460 audire
859 1427 1058 1466 recusaret,
1094 1423 1181 1457 dixit
1206 1434 1243 1458 se
1272 1425 1305 1458 in
1332 1423 1504 1458 mandatis
1529 1423 1591 1458 lia-

204 1488 299 1523 bere.
326 1490 497 1534 {impsum
524 1490 568 1524 ab
594 1501 637 1525 ea
663 1490 834 1525 violenter
858 1490 1023 1524 auferret.
1071 1489 1167 1523 Tunc
1192 1490 1252 1524 ille
1277 1500 1350 1524 eum
1366 1500 1493 1536 inagna
1519 1491 1590 1524 vio-

205 1554 313 1589 lentia
338 1565 473 1590 cereum
502 1558 613 1600 ipsum
641 1556 781 1591 auferre
807 1554 1020 1595 conabatur,
1070 1554 1131 1588 illa
1158 1559 1271 1590 autem
1305 1555 1430 1590 fortius
1451 1555 1594 1590 tene-bat>

206 1623 302 1655 etse
329 1621 475 1656 viriliter
505 1621 736 1663 defendebat,
786 1630 930 1666 cumque
964 1620 1072 1666 longa
1105 1620 1202 1655 tieret
1235 1621 1418 1656 altercatio
1453 1625 1487 1656 et
1515 1620 1592 1655 hine

207 1686 285 1722 iude
308 1698 430 1722 cereus
456 1688 642 1722 violentius
668 1686 885 1728 traheretur,
936 1685 1051 1720 subito
1077 1697 1198 1721 cereus
1228 1688 1358 1722 fractus
1385 1691 1438 1722 cst
1463 1691 1497 1722 ct
1523 1697 1593 1722 mc-

207 1752 319 1788 dietas
346 1754 378 1787 in
404 1763 505 1787 manu
531 1755 639 1787 nuntii
666 1757 700 1788 et
724 1753 796 1787 alia
827 1751 994 1786 medietas
1032 1753 1066 1785 in
1092 1762 1192 1786 manu
1217 1754 1326 1798 ipsius
1353 1753 1512 1788 dominae
1539 1763 1591 1788 re-

208 1820 341 1853 mansit.
414 1819 467 1853 Ad
504 1818 592 1853 hane
627 1821 735 1865 igitur
768 1817 1002 1853 vehementem
1030 1816 1232 1853 fractionem
1258 1818 1319 1852 illa
1345 1819 1461 1853 subito
1488 1819 1531 1852 ad
1557 1829 1593 1854 sc

209 1884 311 1919 rediit
337 1889 371 1919 et
396 1895 433 1919 se
457 1886 561 1931 juxta
586 1885 719 1920 altare.
768 1883 825 1918 ubi
852 1893 889 1918 se
919 1887 1106 1928 posuerat,
1157 1885 1336 1919 inveniens
1361 1895 1495 1919 cereum
1523 1885 1593 1919 sra-

207 1955 296 1985 ctum
322 1952 355 1984 in
381 1960 481 1984 manu
506 1961 571 1985 sua
599 1953 742 1995 reperit,
771 1950 813 1985 dc
838 1960 907 1995 quo
936 1949 1035 1984 valde
1062 1949 1237 1984 admit-ans
1264 1951 1447 1985 immensas
1460 1952 1596 1996 gratias

208 2016 335 2051 beatae
363 2017 488 2062 virgini
517 2015 680 2057 reddidit,
708 2026 798 2061 quae
823 2025 898 2050 eam
925 2016 1000 2050 sine
1025 2016 1132 2049 inissa
1158 2015 1219 2049 illa
1245 2015 1300 2050 die
1325 2026 1504 2052 remanere
1529 2028 1595 2051 non

211 2083 385 2126 permisit,
436 2082 495 2117 sed
525 2082 583 2116 tali
619 2083 734 2117 ol'licio
763 2083 933 2121 interesse
961 2080 1051 2115 feeit.
1125 2081 1189 2121 llla
1215 2085 1328 2117 autem
1354 2092 1491 2117 cereum
1516 2082 1595 2117 dili-

209 2151 333 2193 genter
360 2150 517 2191 reposuit
541 2152 575 2183 et
600 2160 662 2193 pro
689 2149 847 2182 maximis
872 2147 1029 2192 reliquiis
1062 2149 1275 2188 reservavit,
1319 2147 1379 2182 sed
1403 2152 1436 2182 et
1464 2158 1594 2184 omnes,

210 2217 247 2247 ut
272 2213 417 2253 dicitur,
451 2215 507 2258 qui
535 2218 613 2248 tune
638 2213 873 2258 tangebantur
898 2213 940 2247 de
967 2223 1029 2254 eo,
1065 2222 1084 2246 a
1111 2222 1326 2257 quacumque
1351 2212 1595 2247 detinebantur

210 2280 426 2320 infirmitate,
478 2281 636 2323 protinus
661 2278 910 2322 liberabantur.
945 2299 987 2304 -—
1016 2299 1059 2303 —
1087 2299 1127 2303 -
1153 2282 1195 2315 3.
1223 2278 1399 2318 Quaedam
1426 2279 1497 2313 alia
1525 2289 1595 2313 ina-

211 2349 311 2379 trona
336 2356 409 2378 cum
437 2348 531 2380 esset
557 2344 725 2390 gravida.
768 2344 915 2388 quadam
943 2348 1043 2379 nocte
1069 2346 1101 2379 in
1129 2346 1256 2379 somnis
1286 2343 1367 2378 vidit
1393 2354 1430 2379 se
1457 2349 1597 2389 portare

212 2410 383 2455 quoddam
413 2411 586 2449 vexillum,
614 2409 705 2455 quod
733 2410 849 2444 colore
876 2412 1070 2455 sanguineo
1098 2414 1173 2444 erat
1200 2412 1349 2444 tinctum.
1413 2409 1595 2455 Evigilans

212 2479 324 2511 autem
349 2478 511 2511 continuo
537 2486 673 2511 sensum
701 2477 834 2519 amisit,
873 2486 972 2521 quain
999 2475 1169 2521 ‹t5abotus
1200 2475 1288 2510 adeo
1314 2474 1534 2512 ludificabat,
1562 2478 1598 2508 ut

215 2541 388 2575 videretur
415 2542 500 2579 sthi,
553 2542 643 2588 quod
672 2540 895 2576 ‹·ln·istianain
923 2541 1042 2583 tidem,
1093 2552 1192 2587 quain
1224 2541 1388 2576 hactenus
1415 2539 1597 2582 ltabuerat,

281 2688 305 2718 1)
327 2690 365 2711 itt·
390 2695 408 2711 s·
422 2686 491 2720 rip--i
514 2687 672 2720 aliquoties
693 2697 727 2713 vx
749 2685 806 2713 thir·
829 2686 892 2713 libr.
914 2695 966 2721 pro
987 2686 1101 2718 vulgari
1122 2684 1249 2711 lectione
1270 2684 1337 2710 sin.

1731 419 1742 546 ‘vs—
1721 39 1741 412 ——·...——*‘————
1729 0 1739 32 —
