1742 3005
264 93 361 145 Cap.
392 92 564 130 XXXIX.
622 92 682 130 De
711 98 839 129 sancta
872 91 1017 142 Agatha
1048 90 1200 141 virgine.
1355 89 1432 129 173

43 198 170 240 tulisti,
220 198 337 242 etqui
371 199 543 232 tormenta
581 207 633 233 mo
669 199 807 233 vincere
842 196 956 232 fecisti
992 199 1027 231 et
1050 197 1083 230 in
1111 197 1153 231 iis
1187 196 1345 231 virtutem
1370 206 1433 242 pa-

45 264 187 298 tientiae
212 261 384 304 tribuisti,
428 263 548 308 accipe
576 264 736 308 spiritum
762 274 872 298 meum
899 266 933 296 et
953 261 1041 307 jube
1065 272 1118 296 me
1143 261 1186 296 ad
1212 265 1305 297 tuam
1330 264 1432 298 misc—

46 328 228 362 rIcordiam
252 329 447 373 pervenire
505 328 596 363 Haec
623 339 698 363 cum
723 333 882 370 orasset,
909 338 982 361 cum
1011 329 1144 373 ingenti
1166 338 1250 362 voce
1275 330 1432 374 spiritum

43 393 189 428 tradidit
212 396 306 428 circa
330 404 454 428 annum
477 393 605 429 domini
631 394 764 430 CCLIII
789 394 852 428 sul)
872 393 1028 427 Daciauo
1051 394 1083 437 ¹)
1099 394 1319 438 imperatore.
1350 395 1432 430 Cum

44 464 157 494 autem
192 459 312 494 fideles
349 470 424 494 cmn
456 459 669 494 aromatibus
707 470 834 505 corpus
868 458 944 503 ejus
979 457 1159 491 condirent
1193 461 1286 494 etin
1314 470 1433 494 sarco-

45 524 162 572 phago
192 525 422 567 collocarent,
472 524 610 570 quidam
641 525 781 570 juvenis
808 525 930 559 sericis
957 523 1097 557 indutus
1123 533 1197 558 cum
1224 524 1303 569 plus
1331 536 1431 571 quam

43 595 178 625 centum
202 591 288 625 viris
314 588 555 635 pulcherrimis
580 593 614 624 et
639 591 773 624 ornatis
800 599 841 623 ac
868 589 958 623 albis
987 588 1136 631 indutis,
1179 590 1237 634 qui
1259 601 1431 636 nunquam

44 658 79 690 in
105 656 174 690 illis
201 654 361 701 partibus
388 656 454 689 visi
481 654 631 698 fuerant,
662 654 706 689 ad
731 666 858 700 corpus
883 656 959 700 ejus
987 656 1081 689 venit
1105 658 1139 689 et
1163 655 1316 690 tabulam
1341 667 1432 691 mar-

44 731 196 756 moream
230 720 276 755 ad
312 725 417 766 caput
452 721 529 766 ejus
567 731 699 765 ponens
725 720 769 755 ab
795 722 904 755 oculis
930 723 1079 755 omnium
1104 722 1220 755 statim
1248 721 1431 768 disparuit.

43 785 129 821 Erat
153 790 266 822 autem
293 788 328 820 in
352 785 534 831 praedicta
559 785 682 820 tabula
707 788 889 832 scriptum:
914 791 1061 822 mentem
1088 791 1255 830 sanctam,
1287 793 1432 833 sponta-

43 863 163 895 neam,
190 851 356 887 honorem
383 852 456 886 Deo
483 855 517 886 ct
541 853 680 897 patriae
705 852 958 887 liberationem.
1003 853 1103 892 Quod
1129 854 1179 886 sic
1205 854 1431 900 intelligitur:

45 922 189 954 mentem
213 922 367 952 sanctam
394 917 527 960 habuit,
554 922 781 963 spontaneam
807 929 844 953 sc
872 918 1017 959 obtulit,
1046 917 1210 953 honorem
1236 919 1309 953 Deo
1339 919 1434 954 dedit

45 988 79 1019 et
102 985 239 1029 patriae
262 983 503 1018 liberationem
530 984 623 1019 fecit.
657 983 702 1019 Et
728 983 793 1018 hoc
821 984 986 1018 miraculo
1013 984 1195 1030 divulgato
1221 987 1322 1020 ctiam
1345 996 1432 1032 gen-

44 1049 123 1084 tiles
149 1052 184 1084 et
204 1048 330 1085 Judaei
355 1049 574 1094 sepulchrum
599 1051 675 1096 ejus
703 1050 884 1096 plurimum
913 1051 1072 1085 venerari
1097 1056 1297 1095 coeperunt.
1325 1053 1431 1093 Quin—

43 1116 158 1150 tianus
184 1119 320 1158 autem,
345 1114 423 1149 dum
449 1115 494 1149 ad
519 1116 594 1160 ejus
619 1116 884 1162 investigandas
914 1115 1055 1150 divitias
1081 1121 1266 1162 pergeret,
1296 1117 1432 1154 duobus

44 1183 143 1228 equis
165 1182 255 1216 inter
273 1191 311 1216 se
341 1182 377 1225 ²)
407 1181 578 1216 fremitum
603 1181 766 1216 dantibus
791 1182 976 1226 calcesque
997 1182 1213 1227 jactantibus
1242 1194 1329 1218 unus
1356 1195 1430 1219 eum

45 1258 161 1282 morsu
187 1248 355 1292 appetiit,
381 1247 470 1282 alter
495 1247 589 1282 calce
616 1258 814 1292 percussum
841 1250 875 1282 in
900 1249 1038 1283 flumine
1068 1250 1237 1294 projecit,
1262 1251 1313 1284 ita
1339 1250 1432 1295 qnod

44 1322 170 1358 corpus
196 1313 270 1358 ejus
297 1323 466 1359 nusquam
488 1315 602 1358 potuit
624 1315 784 1348 inveniri.
832 1313 1002 1348 Revoluto
1030 1324 1120 1348 anno
1147 1316 1239 1348 circa
1264 1314 1353 1349 diem
1368 1325 1431 1350 na-

44 1378 126 1413 talis
161 1379 238 1424 ejus
276 1388 373 1412 mons
409 1377 546 1423 qnidam
576 1380 744 1412 maximus
776 1380 871 1413 circa
906 1381 1082 1414 civitatem
1118 1384 1238 1425 ruptus
1264 1383 1434 1416 eructavit

46 1444 252 1487 incendium,
279 1443 372 1489 quod
398 1445 499 1489 quasi
522 1448 660 1478 torrens
685 1444 727 1479 ‹le
752 1448 866 1479 monte
894 1444 1108 1480 descendens
1135 1450 1169 1480 et
1186 1456 1273 1480 saxa
1288 1451 1432 1482 terram-

46 1520 112 1555 que
138 1510 368 1555 liquefaciens
393 1509 437 1543 ad
463 1509 581 1544 urbem
606 1520 679 1543 cum
706 1520 832 1555 magno
859 1512 988 1555 impetu
1012 1511 1186 1546 veniebat.
1249 1512 1345 1546 Tunc
1369 1524 1433 1558 pa-

46 1586 216 1621 ganorum
248 1575 429 1610 inultitudo
465 1574 644 1610 descendit
676 1575 718 1610 tle
750 1580 864 1610 monte
898 1576 1001 1611 etad
1034 1576 1252 1621 sepulchrum
1278 1580 1353 1624 ejus
1380 1579 1433 1614 su-

47 1643 148 1688 giens
172 1641 298 1684 velum,
324 1640 413 1675 unde
438 1645 637 1686 coopertum
663 1646 739 1676 erat
764 1641 997 1687 sepulchrum,
1023 1632 1171 1687 arripuit
1185 1645 1338 1689 etipsum
1360 1649 1432 1680 sta-

48 1708 112 1741 tuit
136 1711 257 1741 contra
282 1692 608 1753 ignenrstatimque
637 1709 669 1742 in
695 1708 751 1743 die
778 1709 904 1742 natalis
933 1711 1042 1754 ipsius
1070 1709 1216 1755 virginis
1242 1711 1334 1755 ignis
1361 1715 1432 1746 ste-

48 1774 89 1807 tit
115 1776 149 1807 et
174 1773 265 1807 ultra
290 1773 463 1807 ullatenus
487 1784 555 1807 non
582 1775 766 1818 processit.
837 1774 887 1809 De
914 1774 978 1808 hac
1013 1776 1149 1821 virgine
1177 1774 1260 1809 dicit
1284 1776 1433 1811 Ambro-

48 1839 120 1873 sius
145 1840 180 1872 in
204 1838 445 1884 praefatione:
471 1849 491 1872 o
520 1838 604 1874 felix
629 1843 663 1873 et
687 1840 807 1873 inclita
832 1841 952 1885 virgo,
980 1850 1069 1885 quae
1095 1842 1219 1874 meruit
1245 1841 1373 1876 domini
1402 1846 1433 1886 ³)

49 1914 112 1949 pro
135 1904 239 1939 laude
271 1906 462 1939 martirium
495 1904 609 1939 fidelis
640 1907 811 1951 sanguine
835 1905 1028 1941 clarificare
1053 1917 1162 1942 suum.
1235 1907 1262 1942 Ο
1288 1908 1434 1944 illustris

49 1973 83 2004 et
107 1969 267 2016 gloriosa
291 1971 429 2016 gemino
461 1970 640 2005 illustrata
665 1971 813 2014 decore,
861 1982 950 2016 quae
981 1973 1071 2006 inter
1102 1976 1274 2008 tormenta
1307 1984 1436 2019 aspera

48 2036 179 2070 cunctis
209 2035 370 2081 praelata
393 2036 569 2070 miraculis
596 2040 631 2071 et
663 2037 796 2070 mistico
822 2037 957 2082 pollens
991 2038 1161 2084 suffragio
1185 2039 1338 2083 apostoli
1363 2049 1434 2075 me—

49 2102 119 2135 ruit
151 2102 352 2136 visitatione
387 2102 515 2136 curari.
586 2101 643 2136 Sic
677 2106 817 2146 nuptam
852 2101 990 2137 Christo
1026 2108 1253 2149 susceperunt
1277 2104 1435 2147 aethera,

50 2167 100 2200 sic
123 2165 263 2200 humani
297 2172 394 2201 artus
425 2167 583 2213 gloriosa
616 2166 751 2213 fulgent
783 2167 974 2213 obsequia,
1022 2173 1058 2203 ut
1082 2170 1285 2215 angelorum
1310 2170 1437 2204 chorus

50 2232 268 2266 sanctitatem
293 2233 415 2267 mentis
441 2236 474 2267 et
498 2234 635 2277 patriae
660 2233 791 2267 indicat
821 2233 1075 2269 liberationem.

119 2353 145 2387 l)
164 2355 233 2380 nec.
254 2352 369 2378 addunt
387 2353 490 2381 alias
507 2354 636 2381 Decio.
739 2356 768 2388 2)
794 2358 863 2383 Rec.
883 2356 1001 2388 legunt:
1022 2355 1282 2383 frementibus
1302 2356 1438 2382 ‹lenti-

52 2398 117 2423 bus
145 2397 333 2430 calcesqu
343 2406 367 2423 e.
488 2400 516 2431 3)
540 2399 593 2426 Ed.
612 2403 657 2426 Pr.
675 2399 717 2426 ita
736 2400 825 2432 legit,
848 2399 903 2426 sed
923 2403 1042 2426 nocent.
1062 2400 1251 2434 praesertin&
1289 2401 1370 2426 «luni
1385 2401 1436 2427 ini

52 2450 121 2476 pro
141 2441 261 2467 lande
280 2440 422 2468 fidelis
441 2442 617 2469 martiris
637 2443 861 2475 sanguinem
881 2443 1112 2471 clarificas-o
1132 2453 1244 2474 snum,
