1742 3005
163 90 264 140 Cap.
290 87 424 125 cxix.
469 88 528 126 De
558 88 793 126 assumtione
824 95 976 127 sanctae
1006 89 1154 127 Mariae
1185 89 1351 139 virginis.
1411 88 1492 129 515

103 194 282 230 dominus:
309 192 607 239 permittiturtibi,
635 204 655 227 o
673 194 790 237 homo,
817 205 879 239 pro
897 199 931 230 te
952 195 1061 242 loqui.
1096 195 1159 232 llle
1179 200 1294 232 autem
1315 196 1496 233 obmutuit.

102 260 198 295 Dixit
222 261 346 295 iterum
372 259 539 294 daemon:
563 269 640 294 mea
666 265 720 295 est
744 262 867 295 iterum
895 264 1191 307 praescriptione,
1220 265 1302 309 quia
1326 274 1401 298 eam
1422 265 1495 310 jam

101 325 204 361 XXX
221 328 322 360 annis
345 324 491 370 possedi
516 330 550 361 et
578 326 660 360 mihi
684 330 858 372 tamquam
888 337 1011 362 servus
1044 330 1207 373 proprius
1236 329 1406 365 obedivit.
1454 330 1499 366 Et

101 391 217 427 adhuc
234 391 294 426 ille
314 391 497 428 obmutuit.
529 391 685 426 Daemon
710 393 832 426 iteruin
853 393 960 426 dixit:
989 403 1065 427 mea
1090 398 1143 428 est
1162 396 1279 436 etiam,
1307 397 1401 440 quia,
1430 399 1495 431 etsi

100 458 220 504 aliqua
239 458 334 493 bona
354 457 491 499 fecerit,
519 458 595 502 ejus
620 462 736 491 tamen
760 458 853 491 mala
878 457 1203 502 incomparabiliter
1226 462 1366 494 vincunt
1390 461 1494 496 bona.

100 523 267 558 Dominus
294 528 408 558 autem
433 522 556 556 nolens
582 526 705 556 contra
731 533 806 557 eum
833 524 902 556 cito
929 523 1089 567 proferre
1115 526 1343 567 sententiam,
1383 526 1494 561 eidem

99 591 282 625 terminum
310 588 488 623 concessit
512 591 590 620 octo
617 587 770 629 dierum,
802 593 839 622 at
860 593 984 622 octavo
1021 589 1077 623 die
1104 600 1219 624 coram
1246 601 1283 626 se
1312 602 1494 637 compare-

100 659 154 690 ret
188 659 222 690 et
253 654 297 689 de
332 653 388 688 his
412 652 572 687 omnibus
603 654 773 688 rationem
800 654 973 690 redderet.
1025 656 1106 690 (lum
1132 658 1241 703 igitur
1266 668 1287 691 a
1313 658 1403 693 facie
1430 659 1493 693 do-

98 721 182 755 mini
203 721 329 754 timens
355 729 398 754 ac
421 729 582 753 moerens
608 719 746 761 abiret,
782 720 921 765 quidam
950 723 980 755 ei
1008 721 1164 756 obviavit
1190 727 1224 757 ct
1248 733 1386 758 causam
1412 729 1491 759 tan-

97 789 156 820 tae
179 786 346 820 tristitiae
372 786 566 830 requisivit.
617 784 679 819 Cui
704 797 804 830 quum
825 786 882 820 ille
901 788 1017 821 onmia
1042 799 1106 831 per
1124 788 1279 823 ordinem
1299 791 1490 832 retulisset,

97 852 148 885 ait
172 851 250 885 ille:
275 861 320 885 ne
346 852 471 886 timeas
497 862 562 885 nec
588 850 769 892 formides,
797 853 879 896 quia
909 852 952 886 de
977 854 1088 896 primo
1117 854 1265 888 viriliter
1290 859 1323 889 te
1344 856 1490 899 juvabo.

99 917 183 951 Cum
210 920 324 950 autem
352 916 396 950 ab
425 927 466 951 eo
502 918 798 961 interrogaretur,
834 927 902 961 quo
928 919 1064 952 nomine
1092 924 1292 961 vocaretur,
1328 923 1394 954 ait:
1429 932 1492 957 ve—

96 983 185 1016 ritas
205 985 260 1016 est
276 992 400 1016 nomen
425 992 547 1016 meum.
596 981 732 1015 Invenit
750 992 888 1027 quoque
915 983 1116 1026 secundum,
1144 987 1202 1029 qui
1229 988 1388 1030 promisit
1413 998 1490 1022 eum

92 1048 221 1092 juvare
245 1047 436 1082 efficaciter
461 1047 503 1081 de
529 1047 701 1088 secundm
732 1049 995 1094 interrogatus,
1032 1061 1099 1095 quo
1125 1052 1263 1085 nomine
1288 1058 1487 1092 vocaretur,

97 1112 299 1158 respondit:
330 1114 474 1159 justitia
506 1123 620 1148 vocor.
670 1113 734 1148 Die
767 1118 879 1148 autem
918 1119 1042 1149 octavo
1077 1121 1159 1150 ante
1187 1117 1356 1161 judicium
1392 1120 1489 1153 venit

96 1183 131 1214 et
164 1178 314 1214 daemon
343 1181 376 1214 ei
408 1181 553 1224 primum
587 1179 730 1225 objecit.
779 1179 833 1214 Ad
868 1191 966 1225 quem
1006 1182 1223 1227 respondens
1262 1185 1392 1218 veritas
1418 1186 1486 1219 ait:

95 1244 268 1290 duplicem
293 1249 437 1280 mortem
464 1255 544 1280 esse
572 1247 747 1287 novimus,
773 1248 932 1290 corporis
959 1247 1094 1282 scilicet
1119 1252 1153 1282 et
1175 1248 1372 1293 gehennae,
1400 1250 1486 1284 illud

95 1320 181 1356 ergo
208 1311 489 1353 instrumentum,
526 1311 617 1356 quod
652 1322 714 1356 pro
748 1315 803 1354 te,
839 1311 1005 1353 daemon,
1040 1313 1195 1358 allegas,
1237 1325 1304 1348 non
1332 1316 1487 1361 loquitur

93 1376 137 1411 de
162 1380 272 1411 morte
299 1376 504 1422 gehennae,
531 1376 593 1410 sed
621 1378 792 1421 corporis,
843 1378 942 1417 Quod
962 1379 1098 1423 quidem
1122 1390 1163 1413 ex
1182 1379 1246 1414 hoc
1264 1381 1484 1416 manifestum

94 1446 171 1485 est,
203 1443 287 1488 quia
317 1453 391 1476 cum
418 1452 538 1476 omnes
571 1443 605 1475 in
639 1442 701 1476 illa
732 1445 906 1478 sententia
940 1444 1183 1486 includantur,
1218 1446 1358 1480 scilicet
1391 1447 1484 1492 quod

92 1518 242 1552 corpore
265 1509 477 1549 moriantur,
513 1518 582 1541 non
608 1511 723 1542 tamen
756 1519 874 1543 onines
898 1509 1082 1555 gehennae
1110 1511 1249 1556 ignibus
1278 1513 1482 1548 moriuntur.

94 1572 265 1613 Quantum
292 1574 382 1608 enim
407 1572 451 1607 ad
478 1577 621 1608 mortem
645 1575 818 1618 corporis,
847 1580 900 1608 est
921 1585 1059 1620 semper
1078 1575 1291 1620 duraturum,
1319 1582 1482 1623 quantum

91 1648 175 1673 vero
209 1638 254 1672 ad
284 1642 429 1673 mortem
462 1641 618 1681 animae,
660 1643 715 1674 est
754 1651 819 1684 per
853 1640 984 1674 Christi
1018 1643 1224 1687 sanguinem
1269 1648 1480 1678 revocatum.

92 1702 193 1738 Tunc
223 1703 370 1738 daemon
394 1704 541 1747 videns,
570 1696 711 1750 quiain
737 1707 848 1751 primo
874 1706 1075 1749 succubuit,
1104 1707 1291 1742 secundum
1320 1709 1389 1743 sibi
1416 1709 1480 1743 ob-

86 1769 200 1814 jicere
224 1771 361 1814 coepit,
396 1769 459 1804 sed
486 1771 627 1816 justitia
660 1771 773 1806 adfuit
808 1777 843 1807 et
871 1783 936 1817 pro
962 1783 1003 1808 eo
1029 1773 1149 1808 taliter
1174 1774 1373 1818 respondit:
1398 1775 1482 1810 licet

89 1844 167 1870 cum
190 1834 308 1869 multis
333 1837 434 1870 annis
459 1846 597 1872 servum
627 1837 852 1882 possederis,
887 1842 1003 1873 tamen
1041 1840 1133 1873 ratio
1169 1849 1308 1885 semper
1337 1845 1479 1875 contra-

90 1899 196 1942 dixit,
235 1910 375 1946 semper
407 1903 497 1937 cnim
527 1904 618 1937 ratio
652 1904 909 1946 murmurabat,
945 1905 1039 1950 quod
1070 1909 1138 1941 tam
1174 1905 1308 1940 crudeli
1341 1905 1480 1941 domino

89 1964 282 2002 serviebat.
329 1966 385 2000 Ad
403 1968 542 2002 tertium
563 1968 738 2013 obJectum
764 1971 934 2005 neminem
960 1970 1084 2006 habuit
1107 1971 1304 2017 adjutorem
1324 1971 1481 2016 dixitque

90 2031 270 2065 dominus:
296 2031 466 2066 afferatur
490 2036 625 2067 statera
648 2038 683 2068 et
708 2034 803 2069 hona
827 2039 862 2070 et
885 2037 978 2073 mala
994 2039 1111 2071 omnia
1129 2037 1377 2082 ponderentur.
1413 2036 1480 2071 Ve—

90 2097 178 2131 ritas
203 2100 317 2131 autem
344 2100 379 2132 et
397 2098 540 2142 Justitia
566 2100 744 2142 peccatori
769 2099 949 2135 dixerunt:
974 2101 1019 2135 ad
1038 2106 1183 2136 matrem
1202 2100 1480 2140 misericordiae,

90 2171 181 2208 quae
210 2163 316 2207 Juxta
349 2161 522 2197 dominum
557 2163 676 2207 sedet,
707 2168 783 2198 tota
816 2169 930 2200 mente
956 2176 1097 2201 recurre
1124 2171 1158 2201 et
1181 2176 1256 2201 eam
1283 2168 1317 2201 in
1340 2167 1391 2201 tui
1418 2167 1479 2201 ad-

84 2228 255 2273 Jutorium
279 2228 444 2264 invocare
469 2229 584 2264 stude.
634 2229 736 2270 Quod
760 2241 837 2265 oum
863 2230 1031 2275 fecisset,
1062 2233 1170 2267 beata
1192 2231 1310 2267 Maria
1340 2233 1375 2266 in
1403 2232 1479 2277 ejus

89 2292 303 2338 adJutorium
329 2295 442 2337 venit,
469 2298 504 2329 et
533 2305 640 2340 super
664 2300 832 2332 stateram
860 2308 902 2332 ex
928 2298 990 2332 illa
1013 2302 1128 2343 parte,
1158 2297 1219 2332 ubi
1243 2301 1343 2332 erant
1368 2307 1481 2341 pauca

89 2357 204 2400 bona,
237 2367 375 2392 manum
398 2361 588 2404 apposuit,
623 2361 794 2407 dyabolus
820 2368 935 2398 autem
965 2374 1007 2399 ex
1032 2364 1105 2398 alia
1128 2367 1227 2408 parte
1252 2361 1395 2396 trahere
1421 2372 1479 2396 co-

90 2423 254 2466 nabatur,
280 2422 344 2457 sed
369 2427 480 2458 mater
503 2426 767 2463 misericordiae
796 2428 995 2473 praevaluit
1018 2433 1053 2464 et
1071 2431 1289 2473 peccatorem
1303 2427 1478 2463 liberavit.

88 2488 153 2524 Ille
176 2489 286 2535 igitur
311 2487 356 2524 ad
383 2490 422 2524 s'e
446 2488 587 2524 rediens
613 2491 648 2524 iu
676 2492 799 2526 melius
824 2494 931 2528 vitam
957 2494 1114 2528 mutavit.
1130 2513 1184 2543 7-—
1206 2495 1251 2531 5.
1276 2492 1315 2527 In
1340 2494 1481 2529 civitate

91 2553 306 2589 Bituricensi
338 2554 434 2588 circa
463 2564 574 2589 annos
599 2554 729 2590 domini
778 2557 999 2601 ¹)DXXVII‚
1036 2568 1109 2593 cum
1142 2557 1326 2593 christiani
1356 2560 1391 2593 in
1424 2558 1481 2593 die

92 2618 249 2664 paschae
282 2620 593 2662 communicarent,
636 2630 710 2656 cum
752 2625 872 2669 pueris
906 2622 1176 2660 christIanornm
1219 2623 1357 2669 quidam
1393 2635 1481 2669 puer

161 2699 189 2732 1)
207 2697 268 2725 Alii
286 2701 426 2726 vau
444 2697 554 2731 legunt.

1108 2756 1153 2790 33
1178 2757 1196 2776 *
