1742 3005
333 116 428 166 Cap.
461 113 670 152 XXXVIII.
737 115 796 152 De
823 119 953 151 sancto
984 112 1127 150 Blasio.
1350 112 1430 150 169

47 221 128 255 Cum
153 223 266 254 autem
291 219 463 265 supplicia
488 220 618 255 invitae
642 219 794 262 seri-ent,
847 220 994 266 angelus
1027 219 1155 254 domini
1181 219 1225 254 ad
1250 228 1311 254 eas
1339 221 1430 254 venit

46 290 80 321 et
106 295 166 321 eas
189 285 338 321 viriliter
361 285 573 322 confortavit
602 285 739 320 dicens:
766 286 874 322 nolite
898 288 1031 329 timere,
1058 285 1171 320 honus
1197 286 1286 320 enim
1304 295 1432 331 opera-

47 353 132 394 rius,
157 353 216 397 qni
240 351 329 387 bene
354 353 483 397 incepit
507 356 542 387 et
563 350 652 387 hene
677 351 811 397 pei-ficIt
837 356 871 387 et
895 362 916 386 a
940 351 1152 387 conducente
1178 362 1216 386 se
1242 351 1433 387 benedicti-

48 428 146 453 onem
175 422 326 453 meretur
358 428 422 464 pro
456 418 627 463 completo
660 427 766 462 opere
793 421 826 451 et
848 416 1041 451 mercedem
1067 419 1193 463 accipit
1219 428 1283 462 pro
1311 416 1434 452 labore

49 488 82 518 et
106 483 270 530 gaudium
294 483 453 529 possidet
476 494 540 528 pro
564 481 733 517 mercede.
800 481 896 516 Tunc
922 493 1066 527 praeses
1086 484 1196 528 jussit
1219 493 1279 517 eas
1308 482 1433 528 deponi

50 553 84 584 et
108 552 141 584 in
169 551 337 584 caminum
363 550 462 592 mitti,
490 559 580 594 quae
608 547 773 583 divinitus
798 549 968 582 exstincto
992 549 1074 594 igne
1100 550 1259 584 exierunt
1275 549 1433 585 illaesae.

51 614 182 656 Quibus
207 624 371 660 praeses:
391 616 466 660 Jam
494 624 582 649 nunc
605 615 776 664 magicam
804 618 913 650 artem
939 613 1100 650 dimittIte
1124 619 1157 650 et
1183 615 1275 650 Deos
1295 619 1434 650 nostros

50 679 206 716 adorate.
235 679 331 721 Quae
356 681 627 726 responderunt:
653 680 779 727 perfice
805 679 897 725 quod
923 681 1083 725 coepisti,
1111 682 1284 727 quiajam
1311 681 1355 716 ad
1380 693 1436 717 re—

49 742 152 793 gnum
178 746 330 782 coeleste
358 752 503 782 vocatae
527 758 654 782 sumus.
710 746 807 781 Tunc
832 746 892 781 ille
920 745 1003 780 data
1027 748 1200 781 sententia
1227 757 1288 781 eas
1319 747 1437 783 decol-

50 814 116 848 lari
143 812 339 856 mandavit,
369 823 458 858 quae
483 812 562 848 dum
587 812 754 848 decollari
779 811 964 855 deberent,
992 811 1140 847 flexibus
1166 812 1325 858 genubus
1350 814 1436 848 ado-

52 882 217 914 raverunt
250 878 420 913 dicentes:
474 878 566 915 Deus
601 880 658 924 qui
691 889 753 912 nos
778 888 799 912 a
822 877 978 913 tenebris
1004 881 1180 922 separasti
1208 882 1242 913 et
1268 880 1302 913 in
1327 879 1436 914 lucem

51 944 284 979 dulcissimam
309 944 498 986 adduxisti,
526 945 584 989 qui
609 955 672 978 nos
697 944 903 978 sacrificium
928 947 1019 977 tuum
1046 943 1172 987 fecisti,
1198 947 1331 980 animas
1357 957 1438 980 nos-

52 1015 126 1045 tras
161 1011 300 1055 suscipe
335 1013 370 1044 et
401 1008 447 1043 ad
482 1011 584 1045 vitam
617 1013 795 1044 aeternam
829 1009 938 1044 satias
965 1021 1028 1044 nos
1053 1012 1248 1056 pervenire.
1319 1011 1363 1047 Et
1389 1014 1438 1047 sic

50 1077 218 1111 truncatis
242 1074 415 1120 capitibus
440 1074 485 1109 ad
509 1075 680 1110 dominum
707 1077 956 1122 migraverunt.
1010 1075 1094 1111 Post
1117 1076 1183 1111 hoc
1203 1078 1312 1122 jussit
1335 1088 1438 1123 prae-

53 1152 110 1177 ses
129 1141 284 1176 Blasium
310 1140 378 1176 sibi
403 1142 621 1187 praesentari
648 1144 682 1177 et
707 1141 794 1176 dixit
820 1144 872 1176 ei:
917 1142 971 1177 vel
996 1153 1084 1176 nunc
1110 1142 1221 1177 adora
1254 1143 1347 1178 Deos
1386 1145 1438 1180 vel

54 1218 133 1243 non.
180 1207 243 1242 Cui
266 1207 425 1242 Blasius:
459 1209 563 1253 impie
587 1218 655 1242 non
678 1209 783 1243 timeo
808 1209 918 1242 minas
943 1212 1035 1250 tuas,
1063 1218 1130 1254 age
1160 1214 1195 1243 ut
1221 1211 1286 1251 vis,
1314 1221 1439 1257 corpus

54 1275 142 1309 enim
167 1284 276 1309 meum
305 1276 442 1320 penitus
467 1273 532 1308 tibi
555 1273 670 1310 trado.
719 1273 816 1308 Tunc
837 1275 946 1319 jussit
969 1275 1056 1307 miui
1082 1276 1116 1308 in
1141 1279 1313 1322 stagnum.
1361 1276 1441 1322 Ipse

57 1350 139 1375 vero
164 1349 290 1386 aquam
315 1341 470 1386 signavit
495 1343 529 1374 et
552 1349 631 1373 mox
657 1339 746 1373 sicut
772 1343 869 1374 terra
890 1339 990 1373 arida
1014 1340 1309 1384 fixapermansit5
1334 1341 1438 1377 dixit-

58 1416 143 1451 que:
177 1406 208 1439 si
232 1407 305 1440 veri
331 1408 411 1439 sunt
434 1405 498 1440 Dei
525 1406 652 1447 vestri,
699 1404 873 1440 ostendite
898 1406 1057 1440 virtutem
1084 1416 1200 1440 eorum
1226 1410 1260 1441 et
1285 1408 1441 1454 ingredi·

56 1472 138 1506 mini
162 1470 239 1505 huc.
308 1470 532 1517 Ingressique
565 1470 662 1505 LXV
690 1472 755 1504 viri
786 1474 946 1516 stagnum
972 1472 1134 1505 continuo
1158 1476 1237 1506 sunt
1259 1472 1440 1508 submersi.

56 1529 213 1584 Angelus
239 1539 354 1571 autem
377 1534 506 1570 domini
531 1536 743 1571 descendens
770 1536 856 1570 dixit
880 1537 931 1571 ei:
966 1535 1135 1581 egredere
1160 1537 1256 1572 Blasi
1282 1542 1316 1574 et
1341 1550 1442 1574 coro-

56 1613 134 1638 nam
157 1602 223 1636 tibi
247 1611 269 1636 a
294 1601 368 1637 Deo
391 1605 550 1647 paratam
577 1603 727 1648 suscipe.
789 1602 941 1646 Cumque
963 1603 1130 1644 exiisset,
1183 1601 1269 1637 dixit
1295 1603 1340 1638 ad
1367 1614 1440 1639 eum

58 1679 222 1715 praeses:
271 1669 408 1702 omniuo
432 1667 618 1703 decrevisti
643 1679 712 1702 non
737 1667 888 1702 adorare
912 1668 1032 1703 Deos?
1103 1667 1166 1702 Cui
1190 1668 1348 1705 Blasius:
1382 1681 1440 1705 co-

59 1745 189 1780 gnosce
212 1736 337 1776 miser,
389 1735 472 1780 quia
496 1733 625 1769 Christi
657 1744 779 1769 servus
811 1744 886 1768 sum
910 1744 972 1769 nec
998 1734 1186 1769 daemones
1209 1735 1330 1771 adoro.
1402 1735 1446 1770 Et

59 1803 174 1836 statim
195 1801 304 1847 jussit
327 1810 402 1835 eum
427 1799 612 1842 decollari,
636 1802 716 1846 ipse
740 1804 855 1834 autem
879 1803 993 1835 oravit
1017 1801 1061 1835 ad
1088 1800 1281 1844 dominum,
1308 1805 1345 1836 ut
1370 1804 1445 1847 qui-

58 1876 192 1912 cunque
213 1876 277 1911 per
301 1866 533 1901 infirmitatem
560 1868 712 1913 gutturis
738 1866 792 1903 vel
818 1866 888 1901 alia
916 1878 1120 1913 quacunque
1147 1868 1344 1902 infirmitate
1370 1869 1446 1913 eJus

61 1933 255 1977 patrocinia
277 1931 494 1976 postularet,
533 1932 758 1967 exaudiretur
782 1937 815 1968 et
841 1935 1003 1967 continno
1028 1933 1251 1969 liberaretur.
1298 1932 1344 1968 Et
1368 1944 1447 1968 ecce

64 2007 129 2031 vox
153 1996 195 2032 de
218 1996 326 2031 coelis
342 1996 386 2031 ad
413 2007 489 2032 eum
512 2000 617 2041 venit⁷
645 1999 738 2044 quod
763 2001 812 2033 sic
837 1999 946 2042 tieret,
971 2003 1007 2033 ut
1026 2001 1152 2043 oravit,
1179 2002 1299 2045 sicque
1323 1999 1356 2043 ¹)
1373 2009 1447 2033 euni

62 2061 196 2096 duobus
220 2062 375 2107 puerulis
400 2062 594 2099 decollatus
620 2068 674 2100 est
699 2067 793 2100 circa
818 2076 930 2100 annos
957 2065 1086 2100 domini
1117 2063 1365 2101 CCLXXXIII.

133 2214 157 2244 I)
177 2213 296 2239 necent.
317 2210 431 2238 addunt
449 2209 779 2247 praenominatus
800 2220 812 2237 s
823 2220 837 2237 a
848 2222 862 2236 ιι
875 2221 887 2236 ι·
900 2215 907 2237 1
921 2222 936 2236 u
950 2220 959 2234 z
