1742 3005
311 137 388 176 178
557 139 651 188 Cap.
681 137 815 174 XLIV.
874 137 932 175 De
963 137 1142 175 cathedra
1174 138 1293 175 sancti
1321 138 1437 175 Petri.

308 251 403 276 mans
430 240 581 287 rogabat
606 250 681 275 eam
706 239 842 275 dicens:
869 239 1009 274 domina
1034 251 1111 275 mea
1126 240 1279 284 Juliana‚
1307 242 1473 276 miserere
1492 241 1568 275 mei.
1596 239 1693 274 Tunc

303 308 410 352 jiissit
433 306 648 351 praefectus,
673 310 709 340 ut
733 305 874 340 Juliana
899 305 941 340 de
967 316 1109 340 earcere
1134 306 1350 347 educeretur,
1377 310 1411 340 et
1435 308 1555 341 exiens
1572 304 1692 340 trahe-

306 372 366 406 bat
393 376 474 417 post
507 381 544 406 se
571 371 772 406 daemonem
803 371 982 416 alligatum
1000 399 1007 412 ‚
1052 371 1197 405 daemon
1226 375 1338 405 autem
1364 370 1513 416 rogabat
1539 381 1614 406 eam
1639 370 1692 404 di-

305 448 405 472 cens:
455 437 593 471 domina
624 437 765 472 Juliana
797 437 867 471 noli
902 436 1048 481 amplius
1084 436 1126 470 de
1151 446 1203 470 me
1229 436 1408 470 ridiculum
1436 435 1573 470 facere.
1625 447 1692 470 non

306 505 393 537 enim
422 506 545 547 potero
570 502 662 535 ultra
685 504 717 535 in
745 503 941 547 quempiam
967 502 1192 546 praevalere:
1219 501 1398 535 christiani
1421 503 1509 535 enim
1534 501 1693 535 dicuntur

306 568 549 602 misericordes
574 578 652 602 esse
677 572 711 602 et
736 572 771 600 iu
796 567 923 600 nullam
951 566 992 600 de
1019 578 1071 601 me
1098 566 1370 601 misericordiam
1396 565 1518 600 habes.
1566 566 1692 611 Sieque

307 644 369 678 per
393 637 501 667 totum
527 633 637 667 sorum
664 634 774 677 ipsum
799 633 907 665 traxit
933 635 966 666 et
990 635 1116 675 postea
1139 632 1173 664 in
1199 631 1371 676 quandam
1398 632 1558 665 latrinam
1580 633 1691 676 ipsum

304 700 464 742 projecit.
531 699 613 731 Cum
639 702 752 731 autem
780 697 824 731 ad
849 697 1061 741 praesectum
1088 698 1328 741 pervenisset,
1379 698 1412 730 in
1440 696 1588 741 quadam
1613 701 1691 730 rota

305 764 392 797 adeo
418 767 470 796 est
496 767 659 803 extensa,
713 762 805 806 quod
839 763 952 795 omnia
987 771 1070 795 ossa
1104 772 1215 805 usque
1245 761 1289 794 ad
1313 761 1538 795 medullarum
1564 763 1690 796 exitum

304 832 383 862 sunt
406 827 598 868 confracta,
625 827 772 871 angelus
799 827 926 861 domini
955 830 1068 860 autem
1097 829 1209 859 rotam
1233 827 1464 860 comminuens
1486 827 1597 870 ipsam
1617 837 1689 860 mo-

305 897 417 927 mento
444 894 592 927 sanavit.
666 892 764 932 Quod
791 892 961 934 videntes,
991 893 1049 936 qni
1075 891 1240 929 aderant,
1270 890 1491 925 erediderunt
1515 895 1550 926 et
1573 893 1689 925 statim

305 959 469 994 decollati
505 962 584 991 sunt
619 960 684 991 viri
720 960 901 1004 quingenti
935 961 967 992 et
993 958 1156 991 mulieres
1183 956 1324 991 CXXX.
1397 956 1539 991 Deinde
1557 966 1631 990 cum
1656 958 1690 990 in

304 1024 476 1070 quandam
493 1023 597 1057 ollam
614 1023 753 1068 plumbo
770 1024 961 1069 liquefacto
978 1023 1114 1067 plenam
1139 1024 1244 1055 missa
1267 1022 1403 1064 suisset,
1431 1022 1493 1057 sed
1515 1021 1688 1066 plumbum

304 1090 398 1125 velut
424 1092 651 1133 temperatum
677 1088 837 1123 balneum
865 1089 989 1122 factum
1017 1092 1131 1129 esset,
1180 1087 1359 1122 maledixit
1391 1088 1590 1132 praefectus
1614 1087 1689 1122 Diis

303 1157 396 1197 suis,
424 1156 481 1200 qui
505 1164 607 1188 unam
633 1154 782 1198 puellam
808 1156 929 1198 punire
954 1165 1021 1187 non
1048 1157 1229 1198 poterant,
1257 1163 1346 1198 quae.
1372 1157 1504 1187 tantam
1528 1154 1690 1198 injuriam

303 1222 344 1254 iis
369 1218 565 1264 irrogabat.
638 1219 735 1253 Tunc
755 1221 863 1264 Jussit
889 1230 964 1254 eam
992 1218 1180 1252 decollari:
1226 1229 1315 1263 quae
1339 1220 1417 1253 dum
1443 1219 1487 1253 ad
1512 1219 1688 1253 decollan-

303 1286 381 1319 dum
408 1284 613 1325 duceretur,
638 1283 803 1325 daemon,
830 1295 931 1328 quem
957 1284 1225 1325 verberaverat,
1260 1286 1293 1317 in
1319 1286 1436 1329 speeie
1458 1285 1599 1328 juvenis
1625 1293 1688 1328 ap-

303 1361 430 1396 parens
457 1349 629 1384 clamabat
656 1348 794 1383 dicens:
840 1350 948 1383 nolite
969 1350 999 1383 ei
1024 1359 1192 1393 parcere,
1241 1351 1401 1394 quoniam
1434 1349 1526 1384 Deos
1550 1354 1689 1384 vestros

304 1417 515 1461 vituperavit
540 1420 574 1449 et
600 1424 652 1448 me
679 1413 744 1448 hae
770 1418 870 1449 nocte
895 1416 1053 1461 graviter
1081 1414 1298 1457 verberavit,
1339 1415 1472 1449 reddite
1496 1425 1582 1461 ergo
1607 1414 1687 1456 sibi,

303 1481 395 1527 quod
420 1482 555 1522 meruit,
582 1490 726 1525 cumque
752 1479 891 1514 ,Iuliana
916 1480 1093 1525 paululum
1118 1480 1237 1514 oculos
1263 1482 1460 1525 aperuisset
1485 1484 1518 1514 et
1542 1479 1688 1521 videret,

303 1549 380 1592 quis
409 1550 514 1587 osset,
542 1547 600 1590 qui
623 1546 710 1579 talia
734 1546 948 1590 loqueretur,
976 1545 1122 1580 daemon
1147 1546 1332 1591 aufugiens
1360 1545 1587 1581 exclamavit:
1621 1545 1688 1580 heu

303 1623 355 1647 me
380 1613 561 1651 miserum,
611 1609 723 1643 adhuc
750 1614 852 1655 puto,
901 1609 992 1654 quod
1018 1620 1069 1644 me
1093 1610 1166 1643 vult
1191 1620 1317 1655 capere
1350 1615 1384 1645 et
1407 1611 1533 1656 ligare.
1605 1610 1686 1644 Cum

302 1688 387 1723 ergo
412 1676 518 1710 beata
540 1675 681 1722 Juliana
707 1675 882 1709 decollata
911 1674 1056 1717 suisset,
1110 1676 1309 1719 praefectus
1344 1677 1516 1721 navigans
1543 1677 1577 1710 in
1601 1677 1687 1710 mari

302 1752 376 1776 cum
408 1740 558 1775 XXXIV
595 1741 677 1775 viris
708 1744 786 1774 orta
817 1743 1025 1784 tempestate
1061 1739 1261 1775 submersus
1295 1745 1359 1776 est.
1413 1740 1541 1776 Horum
1572 1746 1686 1777 autem

301 1816 452 1851 corpora.
475 1816 549 1840 cum
575 1815 670 1840 mare
697 1809 903 1847 eructasset,
930 1815 952 1839 a
979 1805 1062 1840 seris
1089 1809 1123 1840 et
1146 1805 1270 1841 aribus
1294 1810 1373 1841 sunt
1398 1810 1564 1842 comesta.

835 2060 959 2129 GAP.
1014 2061 1157 2122 xuv.

544 2162 644 2205 De
674 2159 976 2204 cathedra
1005 2158 1211 2204 sancti
1238 2161 1436 2206 Petri.

390 2267 567 2302 Cathedra
591 2269 720 2313 triplex
751 2279 829 2303 esse
855 2268 998 2310 dicitur,
1040 2268 1173 2302 seilicet
1205 2268 1357 2313 regalis,
1388 2267 1430 2302 ΙΙ.
1457 2268 1541 2314 ch.
1569 2268 1683 2307 XXII:

301 2331 411 2367 David
437 2332 561 2367 sedens
589 2335 622 2366 in
648 2332 815 2367 cathedra
842 2338 928 2374 etc.;
963 2333 1208 2373 sacerdotalis,
1233 2333 1257 2367 Ι.
1283 2333 1370 2380 Reg.
1399 2333 1435 2368 1:
1470 2333 1545 2368 Heli
1567 2343 1683 2369 sacer-

300 2398 381 2431 dote
408 2396 551 2432 sedente
577 2408 683 2442 super
707 2398 847 2440 sellam3
884 2398 1121 2444 magistralis,
1155 2398 1281 2433 Matth.
1310 2398 1445 2433 xxm:
1492 2409 1598 2444 super
1624 2408 1683 2432 ca-

299 2461 456 2495 thedram
482 2461 617 2506 Moysis
642 2466 707 2496 etc.
766 2462 897 2497 Beatus
923 2474 1008 2509 ergo
1042 2463 1164 2498 Petrus
1193 2464 1284 2498 sedit
1308 2465 1341 2497 in
1364 2463 1533 2498 cathedra
1556 2462 1681 2508 regali,

300 2528 383 2570 quia
409 2526 472 2560 suit
497 2528 658 2571 princeps
683 2528 830 2561 oninium
859 2538 991 2573 regum,
1019 2529 1245 2571 sacerdotali,
1273 2530 1355 2574 quia
1381 2529 1444 2562 suit
1470 2530 1591 2571 pastor
1610 2538 1682 2561 om-
1721 2547 1728 2553 —

298 2591 389 2623 nium
415 2590 629 2633 clericorum,
658 2593 867 2637 magistrali,
895 2594 976 2638 quia
1003 2593 1066 2627 suit
1091 2593 1214 2627 doctor
1238 2595 1386 2627 omnium
1403 2591 1680 2626 christianornm.

298 2653 475 2687 Cathedra
501 2657 612 2689 sancti
635 2655 728 2690 Petri
754 2656 798 2690 ab
821 2657 971 2692 ecclesia
996 2657 1119 2692 festive
1145 2657 1320 2698 recolitur,
1348 2657 1429 2700 qnia
1454 2660 1533 2689 tune
1557 2656 1680 2690 beatus

296 2717 420 2752 Petrus
442 2718 534 2762 apud
560 2719 779 2754 Antiochiam
807 2723 840 2755 in
866 2721 1059 2756 cathedrali
1084 2721 1216 2755 honore
1242 2720 1448 2755 sublimatus
1477 2721 1586 2756 fuisse
1600 2731 1680 2765 per-
