1742 3005
217 140 338 190 ‘Cap.
367 135 579 179 ccxxiv.
650 142 709 180 De
738 149 868 180 'nostra
900 143 1059 197 domina
1087 143 1136 180 de
1165 145 1321 195 pietate.
1389 144 1471 183 937

86 242 254 271 sanctitatis
272 244 512 280 praerogativam
529 245 656 280 habent,
684 247 722 274 de
740 257 798 281 qua
823 247 957 282 loquitur
975 247 1064 275 divus
1083 247 1280 282 Hieronymus
1298 248 1418 278 dicensx
1445 252 1471 279 si

85 288 198 315 directe
217 289 372 323 attendas,
398 290 471 316 nihil
491 295 537 318 est
554 291 693 325 virtutis,
719 292 793 319 nihil
812 293 940 326 gratiae,
967 293 1042 319 nihil
1061 293 1248 328 splendoris,
1274 296 1355 327 quod
1373 300 1470 324 totuin

84 341 145 360 non
170 333 315 367 refulgeat
340 335 371 362 in
393 335 510 368 virgine
536 335 675 367 gloriosa.
711 340 799 363 Porro
828 337 969 369 Gregorio
995 342 1072 364 teste
1103 342 1187 364 tanto
1219 338 1285 371 quis
1308 339 1471 373 perfectior

84 383 143 411 est,
163 383 275 412 quanto
292 379 390 415 pietas
409 379 523 406 alienas
542 380 705 414 perfectius
724 382 813 407 sentit
834 382 964 409 dolon-s.
1000 385 1063 408 Non
1083 381 1172 416 igitur
1190 382 1301 416 ipsius,
1328 394 1403 417 quae
1423 390 1471 414 est

82 423 200 458 piarum
219 424 369 459 piissima,
396 424 513 451 silenda
541 429 585 450 est
604 424 699 451 virtus
718 425 857 459 pietatis,
883 425 913 452 in
932 435 988 460 qua
1008 434 1068 452 uon
1086 426 1207 452 videtur
1224 431 1395 456 sanctornm
1414 430 1470 456 ali-

83 478 173 501 quem
197 469 308 496 habere
334 468 519 502 superiorem
543 478 598 495 uec
622 478 734 503 parem.
772 469 844 504 Quis
876 470 955 496 enim
978 470 1119 504 ampliori
1151 469 1301 501 agnitione
1335 472 1469 501 internae

82 512 300 547 compassionis
324 511 554 539 lamentationes
581 521 671 547 super
695 517 823 540 mortem
848 514 1007 541 salvatoris
1033 515 1122 542 scivit
1148 514 1266 541 edicere
1288 517 1467 550 prudentius

81 561 176 584 matre
193 559 257 592 ejus
277 556 469 584 doctissimaz
493 560 544 583 aut
563 557 629 590 quis
647 557 805 585 intensiori
825 558 929 585 dolore
947 559 1119 593 plangendo
1138 559 1239 591 lugere
1257 561 1355 593 potuit
1373 563 1469 590 Maria

81 601 299 630 moestissimaz
341 604 411 629 Jure
437 601 517 628 enim
542 601 703 636 plusquam
728 602 832 629 martir
855 608 918 636 est,
950 613 1026 637 quae
1058 604 1150 631 nimio
1179 613 1280 630 amore
1310 606 1470 635 vulnerata

81 646 168 673 testis
186 646 302 674 exstitit
321 646 480 673 salvatoris
499 650 529 673 et
548 656 619 681 prae
636 655 771 674 moerore
791 646 822 673 in
840 647 939 674 animo
959 648 1121 675 cruciatum
1145 648 1289 676 sustinuit
1307 651 1468 684 passionis.

79 691 280 723 Augustinus:
301 691 432 718 Christus
453 693 538 718 Jesus
557 700 674 718 carnem
695 696 723 719 et
742 692 836 719 Maria
854 692 939 724 virgo
959 693 1093 720 immolat
1110 698 1250 721 mentem.
1284 694 1333 720 Ad
1350 699 1468 731 tempus

79 735 170 768 igitur
191 739 282 771 prout
308 734 435 762 colenda
461 735 648 764 sollemnitas
674 737 720 764 his
747 737 854 765 diebus
879 738 1051 773 expostulat
1077 738 1215 765 instituta
1238 738 1293 764 Dei
1317 740 1468 771 genitricis

78 780 191 814 Mariae
208 780 352 808 immensa
370 779 478 815 pietas,
497 790 555 814 qua
573 780 603 807 in
623 781 730 816 spiritu
748 780 805 808 snit
824 791 929 816 passa,
948 783 1176 815 consideranda,
1196 783 1381 818 admiranda,
1401 785 1465 812 lan—

79 824 238 859 dandaque
265 834 300 852 ac
322 825 469 852 imitanda
494 829 548 853 est.
584 828 654 860 Ipsa
678 826 818 859 equidem
849 826 934 859 virgo
959 827 1068 860 Maria,
1098 832 1130 854 ut
1163 828 1312 856 Johannes
1342 834 1468 858 testatur

79 878 144 904 cap.
162 872 249 902 xlx,
274 869 374 897 stabat
397 871 481 904 juxta
507 879 623 897 crucem
651 875 745 897 mater
764 875 851 903 Jesu,
874 880 933 898 non
952 871 1185 899 insensibilitate
1203 872 1253 899 vel
1272 873 1469 902 iuml-nabili-

78 918 154 947 tate,
181 914 236 941 sed
262 915 434 947 sanctitate3
468 916 566 943 stabat
595 915 674 942 enim
697 916 757 942 side
784 916 920 949 elevata,
953 917 1053 943 stabat
1078 921 1202 951 peccato
1228 925 1288 944 non
1314 918 1466 953 inclinata,

78 959 178 986 stabat
196 959 252 986 Dei
269 958 427 986 voluntate
446 959 640 986 conformata.
675 959 770 986 Prima
789 960 930 993 equidem
948 956 1223 987 rectitudo'mentis
1244 966 1289 988 est
1304 972 1374 989 vera
1389 964 1464 991 fides

76 1002 307 1031 fundamentum
324 1004 479 1031 virtutum.
515 1007 664 1038 Tempore
683 1005 793 1031 etenim
813 1004 964 1039 passionis
983 1012 1087 1031 omnes
1106 1004 1248 1039 discipuli
1267 1005 1374 1032 Christi
1394 1010 1466 1035 Jesu

78 1049 193 1077 domini
210 1050 320 1082 nostri,
344 1049 395 1082 qui
413 1048 496 1083 prius
515 1049 633 1075 stabant
651 1048 712 1075 fide
731 1049 842 1076 elevati
862 1049 898 1075 ad
921 1049 1067 1076 Christum
1087 1048 1269 1076 credendum
1289 1058 1348 1077 non
1368 1052 1466 1080 solum

76 1103 183 1121 verum
207 1094 376 1127 hominem,
409 1092 496 1121 simul
529 1097 557 1118 et
587 1101 693 1119 verum
718 1097 824 1121 Deum.
859 1093 946 1120 Unde
973 1097 1075 1120 Petrus
1100 1101 1156 1127 pro
1183 1094 1322 1122 omnibus
1349 1096 1467 1125 dixerat

76 1139 184 1166 Matth.
201 1142 287 1166 XVI:
312 1142 345 1165 tu
368 1147 399 1165 es
428 1136 559 1164 christus
585 1136 665 1164 filius
684 1138 740 1164 Dei
764 1137 840 1166 vivi.
877 1140 988 1165 Omnes
1007 1138 1149 1172 prostrati
1168 1143 1236 1165 sunt
1254 1139 1285 1165 in
1305 1140 1467 1168 infidelita-

76 1187 153 1216 tem,
180 1183 246 1210 sola
271 1183 350 1210 enim
375 1181 550 1209 beatissima
577 1181 671 1208 Maria
698 1183 798 1209 stabat
825 1182 884 1209 fide
912 1182 1047 1215 elevata,
1080 1182 1118 1208 de
1145 1183 1208 1216 ejus
1234 1183 1394 1212 divinitate
1415 1196 1467 1213 ex-

76 1233 216 1262 spectans
250 1227 375 1255 indubie
406 1236 491 1254 suam
525 1226 612 1252 tertia
639 1226 688 1252 die
714 1227 971 1255 resurrectionem.
1016 1231 1049 1253 In
1076 1227 1162 1260 hujus
1188 1227 1305 1259 signum
1330 1230 1467 1259 triduano

75 1272 176 1300 officio
202 1272 371 1300 dominicae
397 1270 547 1306 passionis
575 1280 640 1297 cum
668 1270 839 1304 quindecim
866 1271 1009 1298 candelae
1036 1281 1179 1299 accensae
1210 1272 1365 1301 firmentur
1397 1281 1466 1303 ante

76 1317 343 1352 altare,'panlati1n
364 1325 467 1344 omnes
486 1315 730 1349 exstinguuntur,
756 1315 819 1343 sola
838 1326 896 1342 una
915 1325 1040 1343 accensa
1060 1316 1271 1349 absconditur,
1299 1328 1375 1351 quae
1394 1325 1464 1354 post

76 1361 210 1389 officium
228 1362 368 1389 omnibus
388 1359 555 1395 praefertur
574 1360 612 1386 ad
631 1360 870 1387 illuminandum*
908 1361 981 1387 Illae
1007 1360 1179 1394 quindecim
1199 1362 1341 1390 candelae
1361 1374 1467 1391 accen-

77 1415 127 1434 sae
147 1406 315 1439 significant
332 1409 389 1432 XII
408 1404 564 1440 apostolos
584 1409 613 1431 et
631 1409 692 1432 tres
712 1405 832 1438 Marias,
851 1405 1038 1438 Magdalena,
1058 1405 1177 1433 Salome
1196 1411 1226 1433 et
1244 1407 1363 1441 Alphei,
1390 1419 1466 1442 quae

75 1460 148 1486 prae
167 1451 292 1478 caeteris
310 1450 494 1478 videbantur
511 1448 571 1475 fide
590 1448 757 1476 illustratae
782 1455 810 1477 et
835 1450 977 1477 firmatae.
1015 1451 1073 1477 Sed
1100 1451 1129 1476 in
1154 1451 1210 1477 illo
1236 1451 1335 1479 triduo
1361 1462 1464 1481 omnes

77 1495 218 1523 exstincti
237 1500 305 1523 sunt
323 1494 435 1522 lumine
453 1493 526 1520 fidei
545 1494 666 1521 deitatis
687 1494 792 1522 Christi
813 1498 898 1526 Jesu,
925 1494 1022 1521 solnm
1050 1494 1080 1520 in
1106 1495 1222 1527 virgine
1241 1496 1399 1524 benedicta
1420 1508 1466 1525 re—

76 1539 187 1567 mansit
216 1540 318 1567 lumen
349 1540 422 1566 fidei
456 1540 623 1572 oecultum,
656 1540 738 1573 quod
763 1539 957 1574 postmodum
984 1539 1122 1566 omnibus
1146 1540 1328 1574 patefactum
1355 1547 1400 1569 est
1427 1544 1464 1569 ad

77 1593 181 1611 omnes
200 1593 253 1611 suo
273 1585 411 1619 exemplo
430 1584 669 1611 illuminandum.
707 1585 811 1611 Stabat
830 1584 962 1610 secundo
982 1594 998 1610 a
1017 1589 1140 1618 peccato
1160 1594 1219 1612 non
1234 1586 1384 1619 inclinata,
1403 1597 1464 1615 non

76 1630 202 1664 jacebat,
222 1639 282 1656 non
301 1629 436 1662 sedebat,
455 1638 515 1656 non
534 1629 663 1662 deniqne
683 1639 772 1656 curva
791 1634 863 1662 erat,
886 1629 941 1656 sed
959 1628 1068 1657 stabat.
1104 1632 1186 1656 Jacet
1205 1629 1272 1663 quis
1291 1630 1319 1656 in
1338 1636 1463 1665 peccato

76 1683 131 1709 per
148 1684 273 1709 pravam
292 1674 508 1709 operationem,
528 1674 613 1701 sedet
631 1683 686 1708 per
703 1674 812 1701 mentis
831 1674 1074 1705 consensionem,
1092 1673 1252 1701 inclinatur
1270 1684 1323 1709 per
1341 1684 1465 1704 sensua-

75 1719 136 1745 lem
155 1718 357 1751 dilectionem,
377 1727 480 1746 omnes
496 1717 658 1746 cecidimus
678 1718 764 1755 qnasi
780 1718 904 1751 solium,
941 1717 1054 1745 scilicet
1075 1727 1090 1744 a
1113 1718 1300 1752 perfectione
1317 1721 1464 1749 virtutum

77 1762 185 1791 saltem
203 1772 262 1797 quo
288 1763 327 1789 ad
346 1763 594 1798 complacentiam
614 1763 798 1796 sensualem,
832 1762 886 1789 ubi
919 1762 1056 1789 consistit
1081 1763 1218 1796 veniale,
1249 1765 1404 1799 quoniam,
1439 1768 1466 1794 si

77 1806 257 1840 dixerimus,
276 1807 358 1841 quod
376 1812 533 1842 peccatum
551 1816 611 1834 non
629 1807 786 1840 habemus,
803 1806 915 1834 veritas
934 1806 964 1834 in
983 1805 1071 1834 nobis
1089 1816 1149 1835 non
1169 1811 1223 1837 est.
1258 1809 1356 1837 Etiam
1374 1811 1463 1838 tertio

76 1852 176 1879 stabat
193 1852 277 1879 firma
295 1852 452 1879 voluntate
470 1852 526 1879 Dei
545 1852 722 1879 confirmans
742 1861 784 1880 se.
817 1852 891 1879 Ideo
916 1853 1030 1885 stabat,
1055 1861 1117 1879 non
1134 1855 1355 1887 murmurabat,
1383 1855 1465 1888 quod

74 1896 154 1924 filius
173 1896 435 1924 innocentissimus
454 1902 620 1932 pateretur:
640 1905 701 1924 non
720 1896 951 1932 blasphema-bat
972 1897 1112 1929 Judaeos,
1131 1898 1213 1930 quod
1231 1898 1268 1924 ab
1287 1898 1334 1931 iis,
1353 1900 1463 1932 quibus

74 1945 121 1969 tot
137 1941 283 1968 beneficia
302 1940 431 1974 fecerat,
455 1946 518 1968 tam
545 1941 705 1969 crudeliter
730 1946 922 1975 tractaretur,
950 1951 1009 1969 non
1028 1942 1193 1969 vindictam
1212 1953 1229 1969 a
1246 1946 1310 1970 Deo
1328 1945 1464 1978 petebat,

75 1985 158 2019 quod
182 1985 228 2013 illi
251 1995 268 2012 a
293 1990 370 2012 terra
396 1985 461 2012 vivi
487 1985 735 2020 absorberentur,
761 1992 793 2014 nt
812 1988 1012 2015 merebantur.
1047 1989 1112 2013 Non
1131 1986 1258 2021 capillos
1276 1988 1327 2014 vel
1345 1989 1464 2016 vultum

76 2029 244 2062 scindebat,
263 2030 332 2063 quia
349 2029 442 2056 vidua
461 2033 491 2056 et
509 2030 573 2057 sine
591 2030 655 2056 filio
676 2031 865 2058 consolatore
883 2032 1073 2064 remanebat,
1093 2031 1147 2058 sed
1165 2033 1264 2059 stabat
1282 2034 1463 2067 verecunda,

75 2073 229 2106 modesta,
254 2073 393 2106 lacrymis
419 2073 525 2108 plena,
552 2074 708 2101 doloribus
734 2075 883 2103 immersa.
919 2076 992 2102 Ideo
1011 2076 1171 2103 Anselmus
1198 2076 1254 2102 ait:
1288 2085 1306 2103 o
1330 2076 1462 2109 domina,

76 2126 152 2152 quos
171 2116 271 2144 fontes
289 2117 484 2150 lacrymarum
503 2117 602 2144 dicam
621 2118 756 2152 erupisse
775 2119 813 2145 de
832 2118 1037 2152 pudicissimis
1063 2119 1158 2146 oculis
1177 2119 1252 2151 tuis,
1279 2129 1346 2146 cum
1365 2125 1463 2148 atten-

76 2162 164 2190 detes
189 2162 310 2189 unicum
334 2161 430 2188 filium
455 2165 538 2188 tuum
564 2161 754 2189 innocentem
781 2171 880 2189 coram
904 2167 934 2189 te
957 2162 1118 2195 flagellari,
1150 2163 1251 2195 ligari,
1284 2164 1408 2190 mactari
1432 2169 1462 2191 et

76 2216 196 2234 carnem
223 2206 261 2233 de
286 2215 374 2233 carne
391 2210 442 2232 tua
461 2206 498 2232 ab
518 2205 619 2239 impiis
639 2205 799 2232 crudeliter
818 2207 962 2234 dissecari
986 2212 1016 2234 et
1033 2212 1133 2234 tamen
1151 2208 1192 2235 ita
1212 2207 1334 2235 divinae
1351 2208 1462 2236 volun-

74 2251 131 2278 tati
150 2250 311 2278 conformis
329 2250 423 2283 suisti,
441 2254 473 2276 ut
492 2249 597 2277 salutis
615 2250 737 2276 humani
756 2251 870 2282 generis
889 2251 1064 2279 avidissima
1084 2261 1181 2285 esses,
1200 2258 1232 2280 ut
1251 2253 1412 2280 conformis
1432 2259 1461 2280 et

74 2295 134 2323 fixa
153 2295 184 2322 in
202 2294 258 2322 Dei
275 2295 432 2322 voluntate
452 2303 543 2322 esses.
580 2295 723 2330 Quamvis
743 2300 813 2322 tunc
831 2295 956 2331 impleta
974 2302 1052 2323 esset
1067 2297 1119 2324 illa
1136 2298 1294 2332 prophetia
1306 2298 1460 2331 Symeonis

76 2339 220 2373 dicentis,
243 2343 313 2368 Luc.
332 2343 373 2366 11:
392 2343 474 2366 tuam
492 2338 587 2373 ipsius
606 2340 735 2367 animam
756 2340 950 2376 pertransibit
969 2341 1097 2373 gladius.
1133 2344 1157 2368 Ο
1177 2341 1314 2374 domina,
1339 2342 1461 2369 dicebat

74 2386 171 2419 justus
189 2384 242 2411 ille
261 2386 472 2419 Symeomjros
491 2383 591 2411 fuistis
611 2385 675 2411 sine
695 2384 799 2412 dolore
819 2385 849 2412 in
869 2391 964 2421 partu,
984 2387 1038 2413 sed
1056 2386 1159 2414 veniet
1176 2390 1313 2421 tempus,
1339 2386 1460 2419 quando

76 2429 157 2457 erili<
174 2430 257 2463 juxta
271 2438 388 2456 crucem
402 2428 456 2455 filii
474 2429 567 2456 vestri
585 2434 613 2456 et
631 2438 697 2456 eum
712 2429 857 2457 videbitis
871 2431 1056 2464 morientem,
1076 2431 1192 2463 gladius
1206 2436 1277 2457 tunc
1290 2431 1462 2465 penetrabit

76 2481 128 2500 cor
143 2477 288 2501 vestrum.
323 2476 393 2507 lpsa
419 2473 498 2500 enim
523 2473 608 2506 virgo
634 2474 729 2501 Maria
753 2475 859 2502 habuit
878 2475 1057 2508 singularem
1077 2475 1375 2503 communicationem
1395 2484 1460 2502 om-

76 2519 158 2550 nium
176 2518 314 2545 dolorum
333 2517 483 2553 passionis
500 2517 556 2544 filii
575 2518 620 2545 sui
639 2523 762 2553 propter
779 2519 888 2552 fidem,
915 2525 1039 2555 propter
1062 2520 1264 2552 cognitionem
1287 2524 1315 2546 et
1336 2524 1462 2554 propter

76 2561 323 2590 satisfactionem.
366 2564 454 2589 Juxta
489 2571 606 2589 crucem
639 2563 779 2596 equidem
810 2568 873 2591 erat
904 2565 1104 2592 moestissima
1137 2569 1232 2591 mater
1263 2567 1293 2590 et
1317 2572 1377 2596 quo
1401 2573 1462 2592 non

76 2611 211 2641 poterat,
237 2606 374 2633 tentabat
400 2605 517 2637 exigere
542 2615 664 2640 manus,
689 2608 830 2642 cupiebat
853 2609 995 2644 amplecti
1018 2610 1113 2636 filium
1138 2608 1169 2635 in
1188 2608 1249 2635 alto
1267 2608 1459 2643 pendentem.

76 2649 137 2678 sed
162 2649 386 2684 quodammodo
411 2649 522 2678 frustra
546 2654 648 2678 tensae
679 2662 784 2680 manus
812 2654 987 2688 complexae
1012 2654 1161 2681 redibant.
1201 2655 1363 2686 Postquam
1387 2662 1461 2680 vero

77 2695 212 2730 suscepit
231 2704 339 2730 corpus
357 2694 466 2722 christi
484 2697 554 2723 Jesu
573 2705 590 2722 a
609 2705 695 2724 cruce
714 2696 902 2732 depositum,
929 2708 1004 2732 quae
1029 2697 1215 2731 lacrymabili
1233 2706 1308 2725 voce
1327 2697 1462 2726 dicebat:

77 2739 151 2774 quid
168 2738 285 2772 fecisti,
305 2748 323 2767 o
343 2742 413 2766 Jesu
431 2738 475 2766 fili
493 2739 535 2766 mi
553 2739 719 2774 carissime,
746 2751 836 2775 quare
855 2743 961 2771 sudaei
979 2748 1009 2771 te
1028 2742 1253 2771 crucifixerunt!
1277 2751 1352 2776 quae
1372 2751 1460 2771 causa

1106 2795 1182 2829 59*
1254 2819 1265 2821 -
