1742 3005
386 116 479 167 Cap.
512 115 648 154 XLIX.
708 116 766 153 De
796 122 925 153 sancto
955 114 1178 153 Benedicto.
1309 170 1312 177 Ι
1396 115 1476 154 209

85 222 155 255 vini
181 230 244 265 per
267 217 439 265 quendam
467 229 610 264 puer-iun
637 219 681 254 ad
710 230 785 255 enm
810 220 928 259 misit,
965 216 1028 252 sed
1061 216 1120 252 ille
1144 229 1246 253 unum
1272 220 1305 253 in
1332 221 1388 254 via
1410 221 1473 255 ab·

84 284 224 320 scondit
269 288 305 319 et
334 283 440 318 alium
476 284 625 328 detulit,
672 287 726 320 vir
758 289 872 320 autem
904 283 969 318 Dei
1001 293 1076 318 cum
1111 286 1303 330 gratiarum
1336 287 1475 321 actione

83 351 220 396 accepit
242 360 345 384 unum
372 354 407 385 et
432 349 701 385 descendentem
733 361 876 396 puerum
909 348 1088 383 admonuit
1123 349 1263 385 dicens:
1289 350 1359 394 fili,
1394 351 1474 387 vide

83 426 127 451 ne
152 415 196 451 de
222 416 282 450 illo
307 415 473 458 flascone,
498 426 600 460 quem
624 415 856 458 abscondisti,
881 413 1003 455 bibas,
1031 414 1094 448 sed
1120 415 1250 449 inclina
1274 426 1349 451 eum
1374 421 1474 452 caute

84 486 119 516 et
141 482 240 523 vide,
268 481 352 527 quid
371 483 462 516 intus
486 481 627 516 habeat.
677 480 743 521 Qui
765 479 930 514 confusus
956 479 1058 514 valde
1084 479 1128 514 ab
1156 491 1197 514 eo
1225 483 1333 515 exivit
1359 487 1393 517 et
1416 493 1473 518 re-

84 557 206 581 versus
231 547 352 582 volens
378 546 490 580 adhue
519 545 691 591 probare,
726 544 819 590 quod
845 544 1026 583 audierat,
1062 555 1136 579 cum
1161 545 1349 582 flasconem
1372 549 1472 583 incli-

82 616 214 655 nasset,
242 613 401 657 protinus
422 611 465 645 de
494 621 535 646 eo
559 620 705 655 serpens
732 620 898 656 egressus
926 614 989 645 est.
1035 610 1190 650 Quadam
1215 613 1293 647 vice
1319 613 1399 647 (lum
1421 615 1475 648 vii·

82 678 146 712 Dei
172 680 206 711 in
230 687 309 711 sero
335 680 511 719 coenaret,
537 674 725 710 monachus
749 676 888 721 qnidam
912 675 1002 710 lilius
1027 676 1225 712 defensoris
1245 679 1277 713 ci
1302 680 1473 714 assistens

82 747 116 778 et
137 743 313 777 lucernam
334 746 459 778 tenens
488 753 554 787 per
578 743 736 786 spiritum
755 741 944 786 superbiae
970 743 1059 776 intra
1087 753 1125 778 se
1154 745 1314 789 cogitare
1338 747 1469 791 coepit:

81 810 160 854 qu1s
188 813 242 843 est
264 807 339 850 liic,
375 809 430 843 cui
464 818 531 853 ego
570 807 792 841 manducanti
819 807 970 849 assisto,
1014 807 1188 842 lucemam
1222 814 1346 851 teneo,
1395 822 1471 847 ser-

80 875 199 908 vitium
226 874 408 919 impendo:
435 875 512 919 quis
538 883 613 907 sum
639 882 719 917 eg0,
746 876 783 906 ut
807 873 866 906 isti
891 874 1068 907 serviam?
1103 873 1165 907 (Jni
1184 877 1300 910 statim
1326 878 1379 910 vir
1406 877 1471 912 Dei

80 940 149 974 ait:
177 940 281 985 signa
304 924 374 973 cor.
390 944 498 981 tuum,
522 939 642 979 frater,
671 938 773 981 sigua
795 946 856 970 cor
879 941 993 978 tuum;
1020 939 1101 983 qnid
1128 945 1202 983 est,
1229 942 1322 986 quod
1347 941 1470 988 loque-

81 1005 158 1038 ris?
183 1005 386 1049 vocatisque
400 1003 568 1038 fratribus
588 1003 762 1036 lucernam
781 1002 891 1046 jussit
915 1002 958 1037 de
973 1004 1130 1039 manibus
1155 1007 1232 1051 ejus
1250 1007 1339 1044 tolli,
1360 1010 1471 1054 ipsum

80 1080 163 1104 vero
185 1070 294 1114 jussit
325 1069 370 1103 ad
393 1069 642 1103 monasterium
676 1067 844 1102 accedere
880 1071 914 1103 ct
938 1070 1091 1114 quietum
1117 1071 1255 1106 sedere.
1290 1094 1334 1099 -
1358 1093 1403 1098 —
1426 1095 1471 1101 »-

78 1137 123 1173 8.
158 1134 347 1170 Gothorum
381 1135 547 1180 quidam,
589 1132 690 1169 Galla
713 1135 874 1175 nomine,
912 1134 1082 1178 perfidiae
1109 1137 1174 1170 snit
1200 1137 1374 1182 Arianae,
1411 1142 1470 1186 qni

79 1200 245 1235 Thotilae
269 1202 366 1247 regis
390 1199 608 1246 temporibus
624 1203 745 1233 contra
759 1199 956 1234 catholic-ae
973 1201 1145 1237 ecclesiae
1166 1203 1357 1249 religiosos
1376 1207 1470 1241 viros

78 1265 206 1302 ardore
230 1267 501 1301 immanissimae
524 1264 742 1300 crudelitatis
768 1267 919 1308 exarsit,
945 1267 994 1300 ita
1018 1271 1055 1301 ut
1086 1269 1245 1313 quisquis
1269 1271 1301 1304 ei
1321 1271 1470 1306 clericus

78 1331 314 1367 monachusve
349 1336 431 1367 ante
462 1331 588 1366 faciem
625 1332 806 1372 venisset,
861 1331 904 1364 ab
939 1332 1015 1376 ejus
1049 1333 1208 1368 manibus
1242 1336 1340 1369 vivus
1372 1336 1469 1371 nullo

79 1396 181 1431 modo
210 1399 332 1432 exiret.
383 1397 539 1436 Quadam
566 1406 648 1431 vero
685 1395 742 1430 die
767 1396 940 1431 avaritiae
976 1407 1062 1431 suae
1087 1403 1187 1432 aestu
1219 1409 1407 1435 succensus
1434 1404 1468 1436 in

79 1463 235 1507 rapinam
273 1473 336 1497 rex
373 1461 511 1496 inhians
548 1472 622 1495 cum
657 1460 827 1506 quendam
862 1463 1026 1495 rusticum
1058 1463 1258 1499 crudelibus
1287 1468 1468 1501 tormentis

78 1527 255 1573 affligeret
286 1537 430 1572 eumque
456 1538 521 1571 per
549 1526 724 1571 supplicia
750 1526 891 1560 diversa
914 1526 1085 1569 laularet,
1119 1529 1230 1564 victus
1255 1533 1380 1576 poenis
1408 1544 1467 1567 ru-

77 1593 186 1630 sticus
212 1602 293 1628 sese
318 1597 352 1628 et
366 1603 423 1628 res
447 1602 531 1627 suas
549 1591 739 1626 Benedicto
760 1592 826 1626 Dei
850 1592 978 1626 famulo
996 1594 1259 1630 commendasse
1284 1597 1468 1641 professus

79 1661 134 1692 est
162 1662 216 1700 et,
244 1657 322 1692 dum
348 1658 417 1693 hoc
444 1669 465 1693 a
487 1662 673 1704 torquente
697 1657 870 1701 creditur,
898 1658 1036 1693 interim
1060 1659 1269 1696 crudelitate
1291 1662 1337 1696 ad
1364 1665 1467 1698 vitam

78 1727 271 1767 reparatur.
327 1724 426 1759 Tune
457 1724 548 1759 idem
576 1723 679 1759 Galla
708 1724 865 1758 cessavit
896 1725 1062 1758 rusticum
1086 1728 1268 1762 tormentis
1292 1728 1466 1775 affligere,

77 1787 141 1823 sed
167 1789 243 1833 ejus
269 1788 415 1825 brachia
445 1790 532 1824 loris
563 1789 714 1824 sortibus
755 1789 980 1835 adstringens
1005 1794 1086 1824 ante
1112 1801 1235 1836 equum
1259 1796 1378 1839 coepit
1402 1797 1466 1830 im-

76 1853 223 1898 pellere,
250 1858 289 1889 ut
311 1854 389 1901 quis
415 1860 510 1891 esset
533 1855 593 1890 ille
616 1854 849 1897 Benedictus,
876 1856 935 1900 qni
963 1856 1039 1900 ejus
1065 1866 1121 1891 res
1147 1864 1375 1904 susceperat,
1403 1861 1465 1897 de-

76 1924 296 1956 monstraret.
354 1921 463 1962 Quem
494 1921 616 1967 ligatis
643 1920 801 1955 brachiis
842 1922 994 1955 rusticus
1037 1922 1247 1959 antecedens
1291 1926 1390 1962 duxit
1422 1929 1465 1963 ad

76 1987 189 2020 sancti
214 1987 282 2021 viri
303 1989 554 2022 monasterium
579 1997 724 2032 eumque
759 1990 840 2021 ante
865 1987 1063 2032 ingressum
1096 1988 1244 2025 cellulae
1269 1992 1381 2027 solum
1407 2005 1465 2029 se-

77 2050 215 2086 dentem
241 2054 372 2097 reperit
405 2056 439 2087 et
461 2052 662 2098 legentem3
695 2051 808 2087 eidem
833 2056 948 2087 autem
972 2052 1201 2099 subsequenti
1234 2060 1268 2090 et
1294 2060 1467 2094 saevienti

77 2115 200 2152 Gallae
224 2119 373 2152 rusticus
397 2117 504 2152 dixit:
547 2127 628 2153 ecce
659 2119 727 2152 iste
754 2121 827 2161 est,
864 2117 908 2153 de
942 2129 1009 2163 quo
1039 2119 1215 2163 dixeram,
1254 2120 1465 2160 Benedictus

76 2187 187 2227 pater.
248 2183 356 2223 Quem
388 2182 466 2217 dum
499 2182 636 2218 fervido
670 2185 798 2228 spiritu
831 2194 906 2218 cum
942 2194 1132 2228 perversae
1172 2188 1297 2221 mentis
1327 2189 1466 2224 insania

77 2246 203 2282 fuisset
226 2249 391 2291 intuitus,
421 2259 462 2284 eo
491 2259 622 2291 errore,
650 2260 717 2295 quo
743 2255 986 2293 consueverat,
1015 2254 1169 2285 acturum
1196 2262 1235 2287 se
1260 2255 1465 2290 existimans

77 2313 213 2358 magnis
247 2315 365 2358 coepit
385 2313 534 2349 vocibus
568 2314 720 2350 clamare
753 2315 890 2350 dicens:
927 2326 1055 2363 surge,
1091 2327 1197 2363 surge
1222 2323 1256 2353 et
1281 2330 1337 2354 res
1363 2321 1464 2355 istius

78 2379 200 2412 rustici
223 2378 353 2421 redde,
389 2388 476 2423 quas
507 2381 685 2424 accepisti.
742 2380 797 2416 Ad
834 2383 934 2427 quus
968 2392 1088 2416 vocem
1121 2384 1175 2417 vir
1206 2383 1270 2418 Dei
1304 2386 1464 2428 protinus

77 2442 199 2477 oeulos
224 2443 358 2478 levavit
379 2447 414 2478 et
436 2453 458 2477 a
481 2443 630 2479 lectione
656 2447 829 2490 cessavit,
856 2457 1002 2491 eumque
1023 2447 1168 2481 intuitus
1194 2458 1273 2481 mox
1299 2452 1333 2482 et
1356 2451 1463 2485 rusti-

77 2518 172 2551 cum,
197 2510 254 2555 qui
279 2508 411 2555 ligatus
434 2508 630 2552 tenebatur,
656 2510 815 2545 attendit.
864 2511 919 2546 Ad
944 2511 1043 2555 cujus
1069 2510 1216 2546 brachia
1239 2512 1318 2548 dum
1343 2515 1463 2551 oculos

78 2573 302 2616 deflexisset,
341 2575 428 2608 miro
462 2573 566 2608 modo
590 2578 688 2609 tanta
719 2576 901 2610 celeritate
933 2580 1124 2620 coeperunt
1148 2576 1295 2623 alligata
1318 2578 1463 2616 brachia

77 2638 156 2674 lora
178 2639 394 2683 dissolvere,
431 2643 468 2674 ut
491 2639 638 2674 dissolvi
664 2645 734 2675 tam
758 2642 894 2676 concite
917 2640 1012 2675 nulla
1039 2640 1214 2677 hominum
1239 2642 1464 2682 festinatione

77 2705 291 2749 potuissent(
310 2715 474 2752 cumque,
524 2706 582 2751 qui
608 2705 739 2752 ligatus
773 2711 934 2743 venerat.
972 2709 1150 2754 coepisset
1183 2707 1298 2745 subito
1322 2711 1464 2747 adstare

1097 2773 1141 2809 14
1161 2787 1165 2797 ·
