<?xml version="1.0" encoding="UTF-8"?>
<!DOCTYPE html PUBLIC "-//W3C//DTD XHTML 1.0 Transitional//EN"
    "http://www.w3.org/TR/xhtml1/DTD/xhtml1-transitional.dtd">
<html xmlns="http://www.w3.org/1999/xhtml" xml:lang="en" lang="en">
 <head>
  <title>
</title>
<meta http-equiv="Content-Type" content="text/html;charset=utf-8" />
  <meta name='ocr-system' content='tesseract 3.04.00' />
  <meta name='ocr-capabilities' content='ocr_page ocr_carea ocr_par ocr_line ocrx_word'/>
</head>
<body>
  <div class='ocr_page' id='page_1' title='image "./legendaaureavulg00jacouoft_0053.png"; bbox 0 0 1742 3005; ppageno 0'>
   <div class='ocr_carea' id='block_1_1' title="bbox 227 61 1494 111">
    <p class='ocr_par' dir='ltr' id='par_1_1' title="bbox 227 61 1494 111">
     <span class='ocr_line' id='line_1_1' title="bbox 227 61 1494 111; baseline 0.002 -13"><span class='ocrx_word' id='word_1_1' title='bbox 227 61 320 111; x_wconf 82' lang='lat' dir='ltr'>Cap.</span> <span class='ocrx_word' id='word_1_2' title='bbox 354 61 411 97; x_wconf 81' lang='lat' dir='ltr'>Vl.</span> <span class='ocrx_word' id='word_1_3' title='bbox 470 62 528 98; x_wconf 84' lang='lat' dir='ltr'>De</span> <span class='ocrx_word' id='word_1_4' title='bbox 560 61 753 98; x_wconf 77' lang='lat' dir='ltr'>nativitate</span> <span class='ocrx_word' id='word_1_5' title='bbox 784 61 926 97; x_wconf 86' lang='lat' dir='ltr'>domini</span> <span class='ocrx_word' id='word_1_6' title='bbox 960 64 1075 97; x_wconf 77' lang='lat' dir='ltr'>nosti-i</span> <span class='ocrx_word' id='word_1_7' title='bbox 1106 64 1199 98; x_wconf 69' lang='lat' dir='ltr'>Jesu</span> <span class='ocrx_word' id='word_1_8' title='bbox 1234 64 1385 100; x_wconf 65' lang='lat' dir='ltr'>Chi-isti.</span> <span class='ocrx_word' id='word_1_9' title='bbox 1444 64 1494 102; x_wconf 60' lang='lat'>321</span> 
     </span>
    </p>
   </div>
   <div class='ocr_carea' id='block_1_2' title="bbox 92 164 1494 1915">
    <p class='ocr_par' dir='ltr' id='par_1_2' title="bbox 92 164 1494 1915">
     <span class='ocr_line' id='line_1_2' title="bbox 113 164 1491 202; baseline 0.001 -4"><span class='ocrx_word' id='word_1_10' title='bbox 113 175 181 199; x_wconf 91' lang='lat' dir='ltr'>non</span> <span class='ocrx_word' id='word_1_11' title='bbox 201 164 437 199; x_wconf 83' lang='lat' dir='ltr'><strong>simulacrum:</strong></span> <span class='ocrx_word' id='word_1_12' title='bbox 479 165 588 199; x_wconf 88' lang='lat' dir='ltr'>adoro</span> <span class='ocrx_word' id='word_1_13' title='bbox 613 169 726 200; x_wconf 87' lang='lat' dir='ltr'>autem</span> <span class='ocrx_word' id='word_1_14' title='bbox 750 165 919 200; x_wconf 85' lang='lat' dir='ltr'>dominum</span> <span class='ocrx_word' id='word_1_15' title='bbox 947 176 1054 200; x_wconf 88' lang='lat' dir='ltr'>meum</span> <span class='ocrx_word' id='word_1_16' title='bbox 1081 166 1197 201; x_wconf 75' lang='lat' dir='ltr'>,lesuin</span> <span class='ocrx_word' id='word_1_17' title='bbox 1226 167 1418 202; x_wconf 70' lang='lat' dir='ltr'>(ihi-isium.</span> <span class='ocrx_word' id='word_1_18' title='bbox 1463 170 1491 200; x_wconf 70' lang='lat' dir='ltr'>ii.</span> 
     </span>
     <span class='ocr_line' id='line_1_3' title="bbox 111 230 1489 277; baseline 0.001 -13"><span class='ocrx_word' id='word_1_19' title='bbox 111 231 210 276; x_wconf 77' lang='lat' dir='ltr'>cujus</span> <span class='ocrx_word' id='word_1_20' title='bbox 234 231 371 265; x_wconf 88' lang='lat' dir='ltr'>nomine</span> <span class='ocrx_word' id='word_1_21' title='bbox 397 233 576 276; x_wconf 84' lang='lat' dir='ltr'>praecipio</span> <span class='ocrx_word' id='word_1_22' title='bbox 602 230 686 273; x_wconf 87' lang='lat' dir='ltr'>tibi,</span> <span class='ocrx_word' id='word_1_23' title='bbox 714 231 880 273; x_wconf 84' lang='lat' dir='ltr'>daemon,</span> <span class='ocrx_word' id='word_1_24' title='bbox 909 233 965 277; x_wconf 89' lang='lat' dir='ltr'>qui</span> <span class='ocrx_word' id='word_1_25' title='bbox 993 233 1026 265; x_wconf 90' lang='lat' dir='ltr'>in</span> <span class='ocrx_word' id='word_1_26' title='bbox 1053 242 1094 266; x_wconf 87' lang='lat' dir='ltr'>eo</span> <span class='ocrx_word' id='word_1_27' title='bbox 1120 233 1263 271; x_wconf 72' lang='lat' dir='ltr'>latitas„</span> <span class='ocrx_word' id='word_1_28' title='bbox 1294 237 1327 266; x_wconf 91' lang='lat' dir='ltr'>ut</span> <span class='ocrx_word' id='word_1_29' title='bbox 1353 233 1489 266; x_wconf 53' lang='lat' dir='ltr'>simnia</span> 
     </span>
     <span class='ocr_line' id='line_1_4' title="bbox 110 296 1494 342; baseline 0.001 -12"><span class='ocrx_word' id='word_1_30' title='bbox 110 307 203 330; x_wconf 71' lang='lat' dir='ltr'>(trum</span> <span class='ocrx_word' id='word_1_31' title='bbox 229 296 321 330; x_wconf 90' lang='lat' dir='ltr'>istud</span> <span class='ocrx_word' id='word_1_32' title='bbox 346 299 567 332; x_wconf 83' lang='lat' dir='ltr'><strong>comminuas.</strong></span> <span class='ocrx_word' id='word_1_33' title='bbox 600 297 792 342; x_wconf 80' lang='lat' dir='ltr'>Statimque</span> <span class='ocrx_word' id='word_1_34' title='bbox 815 299 904 331; x_wconf 82' lang='lat' dir='ltr'>sicut</span> <span class='ocrx_word' id='word_1_35' title='bbox 927 307 1007 331; x_wconf 82' lang='lat' dir='ltr'>cera</span> <span class='ocrx_word' id='word_1_36' title='bbox 1033 298 1256 342; x_wconf 83' lang='lat' dir='ltr'>liquefactum</span> <span class='ocrx_word' id='word_1_37' title='bbox 1283 301 1346 332; x_wconf 78' lang='lat' dir='ltr'>est.</span> <span class='ocrx_word' id='word_1_38' title='bbox 1397 297 1494 332; x_wconf 85' lang='lat' dir='ltr'>Tunc</span> 
     </span>
     <span class='ocr_line' id='line_1_5' title="bbox 110 362 1493 409; baseline 0.001 -14"><span class='ocrx_word' id='word_1_39' title='bbox 110 372 227 396; x_wconf 88' lang='lat' dir='ltr'>omnes</span> <span class='ocrx_word' id='word_1_40' title='bbox 253 362 455 397; x_wconf 84' lang='lat' dir='ltr'>sacerdotes</span> <span class='ocrx_word' id='word_1_41' title='bbox 480 364 645 409; x_wconf 83' lang='lat' dir='ltr'>mugitum</span> <span class='ocrx_word' id='word_1_42' title='bbox 667 362 856 404; x_wconf 75' lang='lat' dir='ltr'>dederunt,</span> <span class='ocrx_word' id='word_1_43' title='bbox 883 362 1042 408; x_wconf 76' lang='lat' dir='ltr'>pontifex</span> <span class='ocrx_word' id='word_1_44' title='bbox 1069 368 1183 397; x_wconf 85' lang='lat' dir='ltr'>autem</span> <span class='ocrx_word' id='word_1_45' title='bbox 1209 363 1326 408; x_wconf 87' lang='lat' dir='ltr'>templi</span> <span class='ocrx_word' id='word_1_46' title='bbox 1352 363 1493 397; x_wconf 69' lang='lat' dir='ltr'>elevans</span> 
     </span>
     <span class='ocr_line' id='line_1_6' title="bbox 108 427 1490 473; baseline 0.001 -12"><span class='ocrx_word' id='word_1_47' title='bbox 108 427 264 473; x_wconf 80' lang='lat' dir='ltr'>gladium</span> <span class='ocrx_word' id='word_1_48' title='bbox 299 428 496 472; x_wconf 83' lang='lat' dir='ltr'>apostolum</span> <span class='ocrx_word' id='word_1_49' title='bbox 530 427 832 462; x_wconf 78' lang='lat' dir='ltr'>transverberavit</span> <span class='ocrx_word' id='word_1_50' title='bbox 856 427 990 461; x_wconf 88' lang='lat' dir='ltr'>dicens:</span> <span class='ocrx_word' id='word_1_51' title='bbox 1041 438 1108 473; x_wconf 85' lang='lat' dir='ltr'>ego</span> <span class='ocrx_word' id='word_1_52' title='bbox 1136 428 1319 461; x_wconf 72' lang='lat' dir='ltr'>vindicabo</span> <span class='ocrx_word' id='word_1_53' title='bbox 1346 430 1490 473; x_wconf 64' lang='lat' dir='ltr'>injuria&gt;</span> 
     </span>
     <span class='ocr_line' id='line_1_7' title="bbox 108 491 1484 538; baseline 0 -11"><span class='ocrx_word' id='word_1_54' title='bbox 108 493 171 528; x_wconf 83' lang='lat' dir='ltr'>Dei</span> <span class='ocrx_word' id='word_1_55' title='bbox 196 495 274 528; x_wconf 87' lang='lat' dir='ltr'>mei.</span> <span class='ocrx_word' id='word_1_56' title='bbox 321 493 395 528; x_wconf 86' lang='lat' dir='ltr'>Rex</span> <span class='ocrx_word' id='word_1_57' title='bbox 421 498 533 527; x_wconf 90' lang='lat' dir='ltr'>autem</span> <span class='ocrx_word' id='word_1_58' title='bbox 561 497 594 527; x_wconf 86' lang='lat' dir='ltr'>et</span> <span class='ocrx_word' id='word_1_59' title='bbox 618 494 774 527; x_wconf 72' lang='lat' dir='ltr'>carlsius</span> <span class='ocrx_word' id='word_1_60' title='bbox 799 491 1008 537; x_wconf 81' lang='lat' dir='ltr'>aufugerunt</span> <span class='ocrx_word' id='word_1_61' title='bbox 1037 492 1214 530; x_wconf 69' lang='lat' dir='ltr'>videntes.</span> <span class='ocrx_word' id='word_1_62' title='bbox 1260 494 1351 537; x_wconf 86' lang='lat' dir='ltr'>quod</span> <span class='ocrx_word' id='word_1_63' title='bbox 1381 506 1484 538; x_wconf 79' lang='lat' dir='ltr'>popu</span> 
     </span>
     <span class='ocr_line' id='line_1_8' title="bbox 108 558 1468 602; baseline 0.001 -11"><span class='ocrx_word' id='word_1_64' title='bbox 108 559 160 592; x_wconf 91' lang='lat' dir='ltr'>lus</span> <span class='ocrx_word' id='word_1_65' title='bbox 184 559 290 593; x_wconf 76' lang='lat' dir='ltr'>vellet</span> <span class='ocrx_word' id='word_1_66' title='bbox 315 558 512 602; x_wconf 89' lang='lat' dir='ltr'>apostolum</span> <span class='ocrx_word' id='word_1_67' title='bbox 545 558 721 592; x_wconf 75' lang='lat' dir='ltr'>vindicare</span> <span class='ocrx_word' id='word_1_68' title='bbox 745 561 779 591; x_wconf 89' lang='lat' dir='ltr'>et</span> <span class='ocrx_word' id='word_1_69' title='bbox 803 558 998 602; x_wconf 85' lang='lat' dir='ltr'>pontificem</span> <span class='ocrx_word' id='word_1_70' title='bbox 1026 559 1138 592; x_wconf 69' lang='lat' dir='ltr'>vivum</span> <span class='ocrx_word' id='word_1_71' title='bbox 1165 558 1370 596; x_wconf 73' lang='lat' dir='ltr'>incendere,</span> <span class='ocrx_word' id='word_1_72' title='bbox 1396 559 1468 593; x_wconf 75' lang='lat' dir='ltr'>chi-i</span> 
     </span>
     <span class='ocr_line' id='line_1_9' title="bbox 106 623 1487 669; baseline -0.001 -12"><span class='ocrx_word' id='word_1_73' title='bbox 106 624 211 657; x_wconf 86' lang='lat' dir='ltr'>stiani</span> <span class='ocrx_word' id='word_1_74' title='bbox 236 627 350 657; x_wconf 84' lang='lat' dir='ltr'>autem</span> <span class='ocrx_word' id='word_1_75' title='bbox 373 633 500 667; x_wconf 85' lang='lat' dir='ltr'>corpus</span> <span class='ocrx_word' id='word_1_76' title='bbox 527 623 679 668; x_wconf 88' lang='lat' dir='ltr'>apostoli</span> <span class='ocrx_word' id='word_1_77' title='bbox 702 623 855 658; x_wconf 89' lang='lat' dir='ltr'>tulerunt</span> <span class='ocrx_word' id='word_1_78' title='bbox 879 626 913 658; x_wconf 85' lang='lat' dir='ltr'>et</span> <span class='ocrx_word' id='word_1_79' title='bbox 938 623 1127 658; x_wconf 78' lang='lat' dir='ltr'>honorilice</span> <span class='ocrx_word' id='word_1_80' title='bbox 1148 624 1372 669; x_wconf 80' lang='lat' dir='ltr'>sepelierunt.</span> <span class='ocrx_word' id='word_1_81' title='bbox 1409 625 1487 658; x_wconf 76' lang='lat' dir='ltr'>Post</span> 
     </span>
     <span class='ocr_line' id='line_1_10' title="bbox 105 687 1487 734; baseline 0.001 -12"><span class='ocrx_word' id='word_1_82' title='bbox 105 687 246 734; x_wconf 86' lang='lat' dir='ltr'>longum</span> <span class='ocrx_word' id='word_1_83' title='bbox 280 693 416 733; x_wconf 81' lang='lat' dir='ltr'>tenipus</span> <span class='ocrx_word' id='word_1_84' title='bbox 447 689 580 724; x_wconf 81' lang='lat' dir='ltr'>scilieet</span> <span class='ocrx_word' id='word_1_85' title='bbox 611 691 705 723; x_wconf 81' lang='lat' dir='ltr'>circa</span> <span class='ocrx_word' id='word_1_86' title='bbox 740 699 849 723; x_wconf 92' lang='lat' dir='ltr'>annos</span> <span class='ocrx_word' id='word_1_87' title='bbox 883 689 1010 722; x_wconf 89' lang='lat' dir='ltr'>domini</span> <span class='ocrx_word' id='word_1_88' title='bbox 1047 690 1112 723; x_wconf 78' lang='lat' dir='ltr'>CC.</span> <span class='ocrx_word' id='word_1_89' title='bbox 1150 694 1182 724; x_wconf 90' lang='lat' dir='ltr'>et</span> <span class='ocrx_word' id='word_1_90' title='bbox 1216 689 1326 724; x_wconf 78' lang='lat' dir='ltr'>XXX.</span> <span class='ocrx_word' id='word_1_91' title='bbox 1363 702 1487 734; x_wconf 63' lang='lat' dir='ltr'>corpu&lt;</span> 
     </span>
     <span class='ocr_line' id='line_1_11' title="bbox 103 753 1482 801; baseline 0 -13"><span class='ocrx_word' id='word_1_92' title='bbox 103 755 258 799; x_wconf 86' lang='lat' dir='ltr'>apostoli</span> <span class='ocrx_word' id='word_1_93' title='bbox 280 756 316 788; x_wconf 89' lang='lat' dir='ltr'>in</span> <span class='ocrx_word' id='word_1_94' title='bbox 340 753 509 789; x_wconf 82' lang='lat' dir='ltr'><strong>Edessam</strong></span> <span class='ocrx_word' id='word_1_95' title='bbox 534 756 732 797; x_wconf 65' lang='lat' dir='ltr'>civitatem,</span> <span class='ocrx_word' id='word_1_96' title='bbox 781 765 871 800; x_wconf 87' lang='lat' dir='ltr'>quae</span> <span class='ocrx_word' id='word_1_97' title='bbox 907 755 987 788; x_wconf 85' lang='lat' dir='ltr'>olim</span> <span class='ocrx_word' id='word_1_98' title='bbox 1016 755 1196 790; x_wconf 81' lang='lat' dir='ltr'>dicebatur</span> <span class='ocrx_word' id='word_1_99' title='bbox 1221 755 1337 801; x_wconf 74' lang='lat' dir='ltr'>Ragcs</span> <span class='ocrx_word' id='word_1_100' title='bbox 1363 755 1482 791; x_wconf 78' lang='lat' dir='ltr'>Medo-</span> 
     </span>
     <span class='ocr_line' id='line_1_12' title="bbox 104 820 1487 866; baseline -0.001 -12"><span class='ocrx_word' id='word_1_101' title='bbox 104 831 188 862; x_wconf 55' lang='lat' dir='ltr'>rumt</span> <span class='ocrx_word' id='word_1_102' title='bbox 214 820 421 855; x_wconf 87' lang='lat' dir='ltr'>translatum</span> <span class='ocrx_word' id='word_1_103' title='bbox 449 824 521 862; x_wconf 80' lang='lat' dir='ltr'>est,</span> <span class='ocrx_word' id='word_1_104' title='bbox 555 821 757 856; x_wconf 82' lang='lat' dir='ltr'>Alexandro</span> <span class='ocrx_word' id='word_1_105' title='bbox 780 822 990 865; x_wconf 77' lang='lat' dir='ltr'>imperatore</span> <span class='ocrx_word' id='word_1_106' title='bbox 1018 821 1062 855; x_wconf 88' lang='lat' dir='ltr'>ad</span> <span class='ocrx_word' id='word_1_107' title='bbox 1087 821 1250 866; x_wconf 60' lang='lat' dir='ltr'>Syrorum</span> <span class='ocrx_word' id='word_1_108' title='bbox 1276 832 1397 866; x_wconf 81' lang='lat' dir='ltr'>preces</span> <span class='ocrx_word' id='word_1_109' title='bbox 1425 821 1487 855; x_wconf 67' lang='lat' dir='ltr'>hin⁴</span> 
     </span>
     <span class='ocr_line' id='line_1_13' title="bbox 105 885 1484 927; baseline 0 -7"><span class='ocrx_word' id='word_1_110' title='bbox 105 887 265 921; x_wconf 81' lang='lat' dir='ltr'>faciente.</span> <span class='ocrx_word' id='word_1_111' title='bbox 313 885 351 920; x_wconf 86' lang='lat' dir='ltr'>ln</span> <span class='ocrx_word' id='word_1_112' title='bbox 376 886 437 920; x_wconf 89' lang='lat' dir='ltr'>illa</span> <span class='ocrx_word' id='word_1_113' title='bbox 462 890 575 921; x_wconf 85' lang='lat' dir='ltr'>autem</span> <span class='ocrx_word' id='word_1_114' title='bbox 598 888 740 921; x_wconf 78' lang='lat' dir='ltr'>civitate</span> <span class='ocrx_word' id='word_1_115' title='bbox 765 886 879 920; x_wconf 92' lang='lat' dir='ltr'>nullus</span> <span class='ocrx_word' id='word_1_116' title='bbox 908 886 1125 927; x_wconf 78' lang='lat' dir='ltr'>haereticus,</span> <span class='ocrx_word' id='word_1_117' title='bbox 1179 888 1292 927; x_wconf 81' lang='lat' dir='ltr'>nullus</span> <span class='ocrx_word' id='word_1_118' title='bbox 1317 887 1484 923; x_wconf 64' lang='lat' dir='ltr'>Judaens.</span> 
     </span>
     <span class='ocr_line' id='line_1_14' title="bbox 103 952 1464 998; baseline -0.001 -12"><span class='ocrx_word' id='word_1_119' title='bbox 103 952 216 986; x_wconf 90' lang='lat' dir='ltr'>nullus</span> <span class='ocrx_word' id='word_1_120' title='bbox 233 962 391 997; x_wconf 81' lang='lat' dir='ltr'>paganus</span> <span class='ocrx_word' id='word_1_121' title='bbox 418 956 534 996; x_wconf 89' lang='lat' dir='ltr'>potest</span> <span class='ocrx_word' id='word_1_122' title='bbox 561 954 691 993; x_wconf 78' lang='lat' dir='ltr'>vivere,</span> <span class='ocrx_word' id='word_1_123' title='bbox 715 962 776 987; x_wconf 85' lang='lat' dir='ltr'>nec</span> <span class='ocrx_word' id='word_1_124' title='bbox 801 957 968 998; x_wconf 55' lang='lat' dir='ltr'>tyrannus</span> <span class='ocrx_word' id='word_1_125' title='bbox 994 953 1122 998; x_wconf 85' lang='lat' dir='ltr'>aliquis</span> <span class='ocrx_word' id='word_1_126' title='bbox 1150 952 1197 986; x_wconf 89' lang='lat' dir='ltr'>ibi</span> <span class='ocrx_word' id='word_1_127' title='bbox 1224 964 1363 995; x_wconf 68' lang='lat' dir='ltr'>nocere,</span> <span class='ocrx_word' id='word_1_128' title='bbox 1389 959 1464 996; x_wconf 66' lang='lat' dir='ltr'>post</span> 
     </span>
     <span class='ocr_line' id='line_1_15' title="bbox 102 1017 1464 1063; baseline -0.001 -12"><span class='ocrx_word' id='word_1_129' title='bbox 102 1027 204 1063; x_wconf 85' lang='lat' dir='ltr'>qnam</span> <span class='ocrx_word' id='word_1_130' title='bbox 230 1017 418 1063; x_wconf 85' lang='lat' dir='ltr'>Abagarus</span> <span class='ocrx_word' id='word_1_131' title='bbox 451 1028 513 1052; x_wconf 88' lang='lat' dir='ltr'>rex</span> <span class='ocrx_word' id='word_1_132' title='bbox 549 1018 642 1051; x_wconf 90' lang='lat' dir='ltr'>illius</span> <span class='ocrx_word' id='word_1_133' title='bbox 665 1019 818 1052; x_wconf 78' lang='lat' dir='ltr'>civitatis</span> <span class='ocrx_word' id='word_1_134' title='bbox 843 1018 1026 1063; x_wconf 82' lang='lat' dir='ltr'>epistolam</span> <span class='ocrx_word' id='word_1_135' title='bbox 1056 1028 1157 1052; x_wconf 84' lang='lat' dir='ltr'>manu</span> <span class='ocrx_word' id='word_1_136' title='bbox 1184 1019 1374 1053; x_wconf 82' lang='lat' dir='ltr'>salvatoris</span> <span class='ocrx_word' id='word_1_137' title='bbox 1400 1021 1464 1052; x_wconf 76' lang='lat' dir='ltr'>sci-i</span> 
     </span>
     <span class='ocr_line' id='line_1_16' title="bbox 100 1083 1482 1129; baseline -0.001 -12"><span class='ocrx_word' id='word_1_138' title='bbox 100 1087 193 1128; x_wconf 86' lang='lat' dir='ltr'>ptam</span> <span class='ocrx_word' id='word_1_139' title='bbox 218 1085 376 1128; x_wconf 82' lang='lat' dir='ltr'>accipere</span> <span class='ocrx_word' id='word_1_140' title='bbox 401 1085 534 1118; x_wconf 89' lang='lat' dir='ltr'>meruit.</span> <span class='ocrx_word' id='word_1_141' title='bbox 590 1083 676 1118; x_wconf 83' lang='lat' dir='ltr'>Nam</span> <span class='ocrx_word' id='word_1_142' title='bbox 708 1085 737 1117; x_wconf 93' lang='lat' dir='ltr'>si</span> <span class='ocrx_word' id='word_1_143' title='bbox 765 1084 904 1129; x_wconf 86' lang='lat' dir='ltr'>quando</span> <span class='ocrx_word' id='word_1_144' title='bbox 931 1094 1018 1129; x_wconf 80' lang='lat' dir='ltr'>gens</span> <span class='ocrx_word' id='word_1_145' title='bbox 1044 1088 1164 1118; x_wconf 77' lang='lat' dir='ltr'>contra</span> <span class='ocrx_word' id='word_1_146' title='bbox 1192 1086 1364 1118; x_wconf 73' lang='lat' dir='ltr'>civitatem</span> <span class='ocrx_word' id='word_1_147' title='bbox 1391 1084 1482 1117; x_wconf 78' lang='lat' dir='ltr'>illam</span> 
     </span>
     <span class='ocr_line' id='line_1_17' title="bbox 99 1149 1483 1195; baseline -0.001 -12"><span class='ocrx_word' id='word_1_148' title='bbox 99 1151 349 1192; x_wconf 85' lang='lat' dir='ltr'>insurrexerit,</span> <span class='ocrx_word' id='word_1_149' title='bbox 397 1149 514 1183; x_wconf 81' lang='lat' dir='ltr'>infans</span> <span class='ocrx_word' id='word_1_150' title='bbox 539 1149 736 1194; x_wconf 83' lang='lat' dir='ltr'>baptisatus</span> <span class='ocrx_word' id='word_1_151' title='bbox 764 1160 870 1194; x_wconf 83' lang='lat' dir='ltr'>super</span> <span class='ocrx_word' id='word_1_152' title='bbox 894 1153 1029 1194; x_wconf 83' lang='lat' dir='ltr'>portani</span> <span class='ocrx_word' id='word_1_153' title='bbox 1061 1154 1157 1183; x_wconf 79' lang='lat' dir='ltr'>stans</span> <span class='ocrx_word' id='word_1_154' title='bbox 1183 1150 1366 1195; x_wconf 81' lang='lat' dir='ltr'>epistolam</span> <span class='ocrx_word' id='word_1_155' title='bbox 1392 1150 1483 1183; x_wconf 76' lang='lat' dir='ltr'>illam</span> 
     </span>
     <span class='ocr_line' id='line_1_18' title="bbox 99 1215 1466 1261; baseline -0.001 -13"><span class='ocrx_word' id='word_1_156' title='bbox 99 1215 185 1261; x_wconf 84' lang='lat' dir='ltr'>legit</span> <span class='ocrx_word' id='word_1_157' title='bbox 211 1219 245 1250; x_wconf 87' lang='lat' dir='ltr'>et</span> <span class='ocrx_word' id='word_1_158' title='bbox 273 1225 315 1250; x_wconf 79' lang='lat' dir='ltr'>ea</span> <span class='ocrx_word' id='word_1_159' title='bbox 341 1215 397 1249; x_wconf 92' lang='lat' dir='ltr'>die</span> <span class='ocrx_word' id='word_1_160' title='bbox 422 1219 492 1248; x_wconf 85' lang='lat' dir='ltr'>tam</span> <span class='ocrx_word' id='word_1_161' title='bbox 517 1215 707 1249; x_wconf 84' lang='lat' dir='ltr'>salvatoris</span> <span class='ocrx_word' id='word_1_162' title='bbox 742 1216 882 1260; x_wconf 88' lang='lat' dir='ltr'>scriptis</span> <span class='ocrx_word' id='word_1_163' title='bbox 919 1225 1020 1260; x_wconf 81' lang='lat' dir='ltr'>quani</span> <span class='ocrx_word' id='word_1_164' title='bbox 1056 1216 1208 1260; x_wconf 78' lang='lat' dir='ltr'>apostoli</span> <span class='ocrx_word' id='word_1_165' title='bbox 1234 1215 1389 1250; x_wconf 80' lang='lat' dir='ltr'>Thoinae</span> <span class='ocrx_word' id='word_1_166' title='bbox 1416 1226 1466 1249; x_wconf 59' lang='lat' dir='ltr'>nii)</span> 
     </span>
     <span class='ocr_line' id='line_1_19' title="bbox 99 1280 1480 1326; baseline -0.002 -11"><span class='ocrx_word' id='word_1_167' title='bbox 99 1282 174 1315; x_wconf 85' lang='lat' dir='ltr'>ritis</span> <span class='ocrx_word' id='word_1_168' title='bbox 198 1280 318 1316; x_wconf 89' lang='lat' dir='ltr'>hostes</span> <span class='ocrx_word' id='word_1_169' title='bbox 345 1285 405 1315; x_wconf 87' lang='lat' dir='ltr'>aut</span> <span class='ocrx_word' id='word_1_170' title='bbox 431 1281 612 1326; x_wconf 78' lang='lat' dir='ltr'>fugiuntur</span> <span class='ocrx_word' id='word_1_171' title='bbox 638 1284 698 1314; x_wconf 90' lang='lat' dir='ltr'>aut</span> <span class='ocrx_word' id='word_1_172' title='bbox 725 1285 905 1325; x_wconf 80' lang='lat' dir='ltr'>pacantur.</span> <span class='ocrx_word' id='word_1_173' title='bbox 979 1280 1133 1315; x_wconf 82' lang='lat' dir='ltr'>Isidorus</span> <span class='ocrx_word' id='word_1_174' title='bbox 1168 1283 1201 1314; x_wconf 93' lang='lat' dir='ltr'>in</span> <span class='ocrx_word' id='word_1_175' title='bbox 1225 1281 1315 1314; x_wconf 88' lang='lat' dir='ltr'>libro</span> <span class='ocrx_word' id='word_1_176' title='bbox 1343 1281 1383 1315; x_wconf 84' lang='lat' dir='ltr'>de</span> <span class='ocrx_word' id='word_1_177' title='bbox 1415 1283 1480 1313; x_wconf 60' lang='grc' dir='ltr'>κίιει</span> 
     </span>
     <span class='ocr_line' id='line_1_20' title="bbox 99 1345 1484 1390; baseline -0.001 -10"><span class='ocrx_word' id='word_1_178' title='bbox 99 1350 133 1381; x_wconf 85' lang='lat' dir='ltr'>et</span> <span class='ocrx_word' id='word_1_179' title='bbox 160 1346 258 1380; x_wconf 89' lang='lat' dir='ltr'>obitu</span> <span class='ocrx_word' id='word_1_180' title='bbox 284 1350 480 1380; x_wconf 81' lang='lat' dir='ltr'>sanctorum</span> <span class='ocrx_word' id='word_1_181' title='bbox 506 1347 555 1379; x_wconf 82' lang='lat' dir='ltr'>sic</span> <span class='ocrx_word' id='word_1_182' title='bbox 581 1345 623 1379; x_wconf 88' lang='lat' dir='ltr'>de</span> <span class='ocrx_word' id='word_1_183' title='bbox 652 1347 720 1379; x_wconf 89' lang='lat' dir='ltr'>isto</span> <span class='ocrx_word' id='word_1_184' title='bbox 755 1346 918 1390; x_wconf 86' lang='lat' dir='ltr'>apostolo</span> <span class='ocrx_word' id='word_1_185' title='bbox 953 1345 1056 1379; x_wconf 87' lang='lat' dir='ltr'>dicit:</span> <span class='ocrx_word' id='word_1_186' title='bbox 1105 1345 1258 1380; x_wconf 85' lang='lat' dir='ltr'>Thomas</span> <span class='ocrx_word' id='word_1_187' title='bbox 1294 1346 1484 1390; x_wconf 66' lang='lat' dir='ltr'>discipulus</span> 
     </span>
     <span class='ocr_line' id='line_1_21' title="bbox 98 1410 1481 1453; baseline -0.002 -8"><span class='ocrx_word' id='word_1_188' title='bbox 98 1412 228 1446; x_wconf 75' lang='lat' dir='ltr'>Christi</span> <span class='ocrx_word' id='word_1_189' title='bbox 254 1422 295 1446; x_wconf 82' lang='lat' dir='ltr'>ac</span> <span class='ocrx_word' id='word_1_190' title='bbox 321 1411 442 1445; x_wconf 89' lang='lat' dir='ltr'>similis</span> <span class='ocrx_word' id='word_1_191' title='bbox 469 1410 659 1452; x_wconf 79' lang='lat' dir='ltr'>salvatori,</span> <span class='ocrx_word' id='word_1_192' title='bbox 709 1410 881 1445; x_wconf 79' lang='lat' dir='ltr'>andlondo</span> <span class='ocrx_word' id='word_1_193' title='bbox 917 1411 1134 1453; x_wconf 44' lang='lat' dir='ltr'>incredulns2</span> <span class='ocrx_word' id='word_1_194' title='bbox 1186 1411 1334 1446; x_wconf 68' lang='lat' dir='ltr'>videndo</span> <span class='ocrx_word' id='word_1_195' title='bbox 1371 1411 1481 1445; x_wconf 65' lang='lat' dir='ltr'>tidelis</span> 
     </span>
     <span class='ocr_line' id='line_1_22' title="bbox 98 1475 1480 1521; baseline -0.001 -11"><span class='ocrx_word' id='word_1_196' title='bbox 98 1477 173 1511; x_wconf 81' lang='lat' dir='ltr'>fuit.</span> <span class='ocrx_word' id='word_1_197' title='bbox 223 1477 283 1512; x_wconf 84' lang='lat' dir='ltr'>Hic</span> <span class='ocrx_word' id='word_1_198' title='bbox 307 1475 526 1521; x_wconf 84' lang='lat' dir='ltr'>evangelium</span> <span class='ocrx_word' id='word_1_199' title='bbox 553 1476 770 1520; x_wconf 81' lang='lat' dir='ltr'>praedicavit</span> <span class='ocrx_word' id='word_1_200' title='bbox 796 1476 955 1519; x_wconf 59' lang='lat' dir='ltr'>Partim,</span> <span class='ocrx_word' id='word_1_201' title='bbox 982 1476 1120 1517; x_wconf 80' lang='lat' dir='ltr'>Medis,</span> <span class='ocrx_word' id='word_1_202' title='bbox 1159 1477 1295 1516; x_wconf 79' lang='lat' dir='ltr'>Persis,</span> <span class='ocrx_word' id='word_1_203' title='bbox 1324 1476 1480 1510; x_wconf 64' lang='lat' dir='ltr'>liin-canis</span> 
     </span>
     <span class='ocr_line' id='line_1_23' title="bbox 95 1541 1478 1587; baseline -0.001 -10"><span class='ocrx_word' id='word_1_204' title='bbox 95 1542 351 1583; x_wconf 84' lang='lat' dir='ltr'>etBactrianis‚</span> <span class='ocrx_word' id='word_1_205' title='bbox 375 1545 409 1576; x_wconf 89' lang='lat' dir='ltr'>et</span> <span class='ocrx_word' id='word_1_206' title='bbox 435 1542 568 1574; x_wconf 85' lang='lat' dir='ltr'>intrans</span> <span class='ocrx_word' id='word_1_207' title='bbox 594 1541 798 1575; x_wconf 82' lang='lat' dir='ltr'>orientalem</span> <span class='ocrx_word' id='word_1_208' title='bbox 824 1541 965 1587; x_wconf 84' lang='lat' dir='ltr'>plagam</span> <span class='ocrx_word' id='word_1_209' title='bbox 993 1546 1026 1575; x_wconf 88' lang='lat' dir='ltr'>et</span> <span class='ocrx_word' id='word_1_210' title='bbox 1053 1545 1186 1576; x_wconf 81' lang='lat' dir='ltr'>interna</span> <span class='ocrx_word' id='word_1_211' title='bbox 1207 1543 1358 1585; x_wconf 70' lang='lat' dir='ltr'>gentiunt</span> <span class='ocrx_word' id='word_1_212' title='bbox 1377 1552 1478 1586; x_wconf 62' lang='lat' dir='ltr'>pene</span> 
     </span>
     <span class='ocr_line' id='line_1_24' title="bbox 94 1606 1479 1652; baseline -0.002 -10"><span class='ocrx_word' id='word_1_213' title='bbox 94 1612 191 1642; x_wconf 85' lang='lat' dir='ltr'>trans</span> <span class='ocrx_word' id='word_1_214' title='bbox 224 1607 273 1641; x_wconf 89' lang='lat' dir='ltr'>ibi</span> <span class='ocrx_word' id='word_1_215' title='bbox 311 1606 607 1652; x_wconf 83' lang='lat' dir='ltr'>praedicationem</span> <span class='ocrx_word' id='word_1_216' title='bbox 652 1616 750 1640; x_wconf 83' lang='lat' dir='ltr'>suani</span> <span class='ocrx_word' id='word_1_217' title='bbox 783 1617 893 1652; x_wconf 90' lang='lat' dir='ltr'>usqne</span> <span class='ocrx_word' id='word_1_218' title='bbox 931 1607 975 1641; x_wconf 85' lang='lat' dir='ltr'>ad</span> <span class='ocrx_word' id='word_1_219' title='bbox 1009 1608 1142 1642; x_wconf 87' lang='lat' dir='ltr'>titulum</span> <span class='ocrx_word' id='word_1_220' title='bbox 1177 1618 1262 1641; x_wconf 83' lang='lat' dir='ltr'>suae</span> <span class='ocrx_word' id='word_1_221' title='bbox 1304 1609 1479 1652; x_wconf 55' lang='lat' dir='ltr'>passionis</span> 
     </span>
     <span class='ocr_line' id='line_1_25' title="bbox 94 1671 1458 1718; baseline 0 -12"><span class='ocrx_word' id='word_1_222' title='bbox 94 1673 268 1718; x_wconf 83' lang='lat' dir='ltr'>perduxit.</span> <span class='ocrx_word' id='word_1_223' title='bbox 329 1672 391 1707; x_wconf 84' lang='lat' dir='ltr'>Hic</span> <span class='ocrx_word' id='word_1_224' title='bbox 414 1672 546 1706; x_wconf 86' lang='lat' dir='ltr'>lanceis</span> <span class='ocrx_word' id='word_1_225' title='bbox 571 1672 760 1706; x_wconf 73' lang='lat' dir='ltr'>transfixus</span> <span class='ocrx_word' id='word_1_226' title='bbox 786 1671 957 1706; x_wconf 82' lang='lat' dir='ltr'>occubuit.</span> <span class='ocrx_word' id='word_1_227' title='bbox 1020 1673 1111 1708; x_wconf 83' lang='lat' dir='ltr'>Haec</span> <span class='ocrx_word' id='word_1_228' title='bbox 1136 1673 1305 1708; x_wconf 84' lang='lat' dir='ltr'>Isidorus.</span> <span class='ocrx_word' id='word_1_229' title='bbox 1371 1672 1458 1716; x_wconf 57' lang='lat' dir='ltr'>Chr)v</span> 
     </span>
     <span class='ocr_line' id='line_1_26' title="bbox 93 1737 1478 1785; baseline 0.001 -12"><span class='ocrx_word' id='word_1_230' title='bbox 93 1742 266 1773; x_wconf 84' lang='lat' dir='ltr'>sostomus</span> <span class='ocrx_word' id='word_1_231' title='bbox 304 1748 442 1784; x_wconf 87' lang='lat' dir='ltr'>quoque</span> <span class='ocrx_word' id='word_1_232' title='bbox 476 1739 542 1779; x_wconf 82' lang='lat' dir='ltr'>ait,</span> <span class='ocrx_word' id='word_1_233' title='bbox 595 1737 687 1783; x_wconf 87' lang='lat' dir='ltr'>quod</span> <span class='ocrx_word' id='word_1_234' title='bbox 723 1738 801 1772; x_wconf 90' lang='lat' dir='ltr'>dum</span> <span class='ocrx_word' id='word_1_235' title='bbox 828 1738 981 1772; x_wconf 89' lang='lat' dir='ltr'>Thomas</span> <span class='ocrx_word' id='word_1_236' title='bbox 1007 1739 1049 1772; x_wconf 83' lang='lat' dir='ltr'>ad</span> <span class='ocrx_word' id='word_1_237' title='bbox 1076 1741 1255 1785; x_wconf 74' lang='lat' dir='ltr'>regionem</span> <span class='ocrx_word' id='word_1_238' title='bbox 1283 1740 1478 1785; x_wconf 70' lang='lat' dir='ltr'>Magon-nni.</span> 
     </span>
     <span class='ocr_line' id='line_1_27' title="bbox 92 1803 1476 1850; baseline -0.001 -12"><span class='ocrx_word' id='word_1_239' title='bbox 92 1806 152 1849; x_wconf 81' lang='lat' dir='ltr'>qui</span> <span class='ocrx_word' id='word_1_240' title='bbox 179 1803 223 1838; x_wconf 86' lang='lat' dir='ltr'>ad</span> <span class='ocrx_word' id='word_1_241' title='bbox 251 1804 424 1839; x_wconf 88' lang='lat' dir='ltr'>Christum</span> <span class='ocrx_word' id='word_1_242' title='bbox 449 1803 664 1838; x_wconf 85' lang='lat' dir='ltr'>adorandum</span> <span class='ocrx_word' id='word_1_243' title='bbox 691 1808 872 1845; x_wconf 85' lang='lat' dir='ltr'>venerant,</span> <span class='ocrx_word' id='word_1_244' title='bbox 900 1804 1112 1841; x_wconf 71' lang='lat' dir='ltr'>devenisset,</span> <span class='ocrx_word' id='word_1_245' title='bbox 1138 1816 1198 1840; x_wconf 80' lang='lat' dir='ltr'>eos</span> <span class='ocrx_word' id='word_1_246' title='bbox 1230 1805 1420 1850; x_wconf 75' lang='lat' dir='ltr'>baptisavit</span> <span class='ocrx_word' id='word_1_247' title='bbox 1447 1810 1476 1837; x_wconf 63' lang='lat' dir='ltr'>et</span> 
     </span>
     <span class='ocr_line' id='line_1_28' title="bbox 93 1869 838 1915; baseline 0.001 -12"><span class='ocrx_word' id='word_1_248' title='bbox 93 1870 175 1904; x_wconf 84' lang='lat' dir='ltr'>sacti</span> <span class='ocrx_word' id='word_1_249' title='bbox 199 1874 278 1905; x_wconf 88' lang='lat' dir='ltr'>sunt</span> <span class='ocrx_word' id='word_1_250' title='bbox 303 1870 483 1915; x_wconf 78' lang='lat' dir='ltr'>adjutores</span> <span class='ocrx_word' id='word_1_251' title='bbox 510 1869 587 1905; x_wconf 80' lang='lat' dir='ltr'>{idei</span> <span class='ocrx_word' id='word_1_252' title='bbox 614 1869 838 1905; x_wconf 87' lang='lat' dir='ltr'>christianae.</span> 
     </span>
    </p>
   </div>
   <div class='ocr_carea' id='block_1_3' title="bbox 659 2187 902 2249">
    <p class='ocr_par' dir='ltr' id='par_1_3' title="bbox 659 2187 902 2249">
     <span class='ocr_line' id='line_1_29' title="bbox 659 2187 902 2249; baseline 0 -1"><span class='ocrx_word' id='word_1_253' title='bbox 659 2187 784 2249; x_wconf 73' lang='lat' dir='ltr'><strong>CAP.</strong></span> <span class='ocrx_word' id='word_1_254' title='bbox 830 2187 902 2248; x_wconf 78' lang='lat' dir='ltr'>vl.</span> 
     </span>
    </p>
   </div>
   <div class='ocr_carea' id='block_1_4' title="bbox 89 2281 1469 2399">
    <p class='ocr_par' dir='ltr' id='par_1_4' title="bbox 89 2281 1469 2399">
     <span class='ocr_line' id='line_1_30' title="bbox 89 2281 1469 2334; baseline 0.001 -6"><span class='ocrx_word' id='word_1_255' title='bbox 89 2286 186 2329; x_wconf 81' lang='lat' dir='ltr'>De</span> <span class='ocrx_word' id='word_1_256' title='bbox 207 2281 546 2332; x_wconf 78' lang='lat' dir='ltr'>nativitate</span> <span class='ocrx_word' id='word_1_257' title='bbox 567 2287 814 2333; x_wconf 83' lang='lat' dir='ltr'>domini</span> <span class='ocrx_word' id='word_1_258' title='bbox 833 2286 1039 2333; x_wconf 79' lang='lat' dir='ltr'>nostri</span> <span class='ocrx_word' id='word_1_259' title='bbox 1057 2288 1224 2334; x_wconf 54' lang='lat' dir='ltr'>‚Iesu</span> <span class='ocrx_word' id='word_1_260' title='bbox 1239 2285 1469 2332; x_wconf 73' lang='lat' dir='ltr'>Christi</span> 
     </span>
     <span class='ocr_line' id='line_1_31' title="bbox 447 2354 1111 2399; baseline 0.002 -2"><span class='ocrx_word' id='word_1_261' title='bbox 447 2354 802 2399; x_wconf 80' lang='lat' dir='ltr'>secundum</span> <span class='ocrx_word' id='word_1_262' title='bbox 832 2362 1111 2399; x_wconf 80' lang='lat' dir='ltr'>earnem.</span> 
     </span>
    </p>
   </div>
   <div class='ocr_carea' id='block_1_5' title="bbox 86 2459 1470 2703">
    <p class='ocr_par' dir='ltr' id='par_1_5' title="bbox 86 2459 1465 2643">
     <span class='ocr_line' id='line_1_32' title="bbox 175 2459 1465 2508; baseline -0.002 -14"><span class='ocrx_word' id='word_1_263' title='bbox 175 2459 235 2494; x_wconf 85' lang='lat' dir='ltr'>De</span> <span class='ocrx_word' id='word_1_264' title='bbox 271 2459 652 2504; x_wconf 78' lang='lat' dir='ltr'>festivitatibus,</span> <span class='ocrx_word' id='word_1_265' title='bbox 704 2473 820 2508; x_wconf 85' lang='lat' dir='ltr'>quae</span> <span class='ocrx_word' id='word_1_266' title='bbox 859 2464 1083 2498; x_wconf 85' lang='lat' dir='ltr'>eveniunt</span> <span class='ocrx_word' id='word_1_267' title='bbox 1123 2461 1246 2494; x_wconf 77' lang='lat' dir='ltr'>infra</span> <span class='ocrx_word' id='word_1_268' title='bbox 1271 2464 1465 2504; x_wconf 74' lang='lat' dir='ltr'>tempus.</span> 
     </span>
     <span class='ocr_line' id='line_1_33' title="bbox 86 2525 1465 2572; baseline -0.001 -14"><span class='ocrx_word' id='word_1_269' title='bbox 86 2525 199 2570; x_wconf 85' lang='lat' dir='ltr'>quod</span> <span class='ocrx_word' id='word_1_270' title='bbox 226 2527 389 2569; x_wconf 88' lang='lat' dir='ltr'>partim</span> <span class='ocrx_word' id='word_1_271' title='bbox 417 2529 687 2562; x_wconf 87' lang='lat' dir='ltr'>continetur</span> <span class='ocrx_word' id='word_1_272' title='bbox 711 2528 792 2562; x_wconf 88' lang='lat' dir='ltr'>suh</span> <span class='ocrx_word' id='word_1_273' title='bbox 817 2533 1018 2572; x_wconf 84' lang='lat' dir='ltr'>tempore</span> <span class='ocrx_word' id='word_1_274' title='bbox 1048 2526 1465 2561; x_wconf 65' lang='lat' dir='ltr'>reconciliationis</span> 
     </span>
     <span class='ocr_line' id='line_1_34' title="bbox 86 2591 1119 2643; baseline 0.004 -19"><span class='ocrx_word' id='word_1_275' title='bbox 86 2594 127 2643; x_wconf 77' lang='lat' dir='ltr'>et</span> <span class='ocrx_word' id='word_1_276' title='bbox 153 2592 318 2635; x_wconf 86' lang='lat' dir='ltr'>partim</span> <span class='ocrx_word' id='word_1_277' title='bbox 347 2591 430 2625; x_wconf 89' lang='lat' dir='ltr'>sub</span> <span class='ocrx_word' id='word_1_278' title='bbox 458 2596 669 2638; x_wconf 83' lang='lat' dir='ltr'>tempore</span> <span class='ocrx_word' id='word_1_279' title='bbox 697 2595 1119 2640; x_wconf 81' lang='lat' dir='ltr'>peregrinationis.</span> 
     </span>
    </p>

    <p class='ocr_par' dir='ltr' id='par_1_6' title="bbox 173 2655 1470 2703">
     <span class='ocr_line' id='line_1_35' title="bbox 173 2655 1470 2703; baseline -0.002 -13"><span class='ocrx_word' id='word_1_280' title='bbox 173 2655 272 2690; x_wconf 83' lang='lat' dir='ltr'>Dicto</span> <span class='ocrx_word' id='word_1_281' title='bbox 299 2656 340 2692; x_wconf 90' lang='lat' dir='ltr'>de</span> <span class='ocrx_word' id='word_1_282' title='bbox 368 2657 629 2698; x_wconf 73' lang='lat' dir='ltr'>festivitatibus,</span> <span class='ocrx_word' id='word_1_283' title='bbox 660 2669 749 2703; x_wconf 75' lang='lat' dir='ltr'>quae</span> <span class='ocrx_word' id='word_1_284' title='bbox 774 2664 954 2694; x_wconf 85' lang='lat' dir='ltr'>occurrunt</span> <span class='ocrx_word' id='word_1_285' title='bbox 980 2658 1069 2693; x_wconf 81' lang='lat' dir='ltr'>infra</span> <span class='ocrx_word' id='word_1_286' title='bbox 1086 2663 1217 2702; x_wconf 82' lang='lat' dir='ltr'>tempus</span> <span class='ocrx_word' id='word_1_287' title='bbox 1235 2659 1470 2694; x_wconf 60' lang='lat' dir='ltr'>renovationis</span> 
     </span>
    </p>
   </div>
  </div>
 </body>
</html>
