1742 3005
353 103 446 152 Cap.
480 102 615 139 XCIX.
675 103 735 140 De
769 111 901 140 sancto
931 104 1076 140 Jacobo
1109 105 1264 153 majore.
1420 102 1497 141 421

107 206 207 241 Tunc
231 205 408 241 Christina
434 207 540 241 Deum
566 207 740 249 laudavit,
777 210 833 254 qni
869 218 943 243 eam
971 219 1081 253 nuper
1116 213 1270 243 renatam
1296 209 1410 244 denuo
1435 219 1496 242 vo-

105 271 219 313 lebat,
250 276 288 306 ut
313 272 531 314 infantulam,
558 273 777 308 incunabulis
807 275 948 319 jactari.
997 273 1096 307 Tunc
1132 273 1241 319 judex
1277 276 1388 308 iratus
1413 274 1496 308 feeit

105 337 184 371 radi
218 341 322 382 caput
354 339 431 383 ejus
466 342 499 372 ct
531 337 657 372 nudam
690 350 754 383 per
779 340 954 373 civitatem
979 348 1090 383 usque
1115 339 1158 372 ad
1182 339 1379 384 Apollinem
1406 339 1496 380 duci,

105 403 162 437 ubi
186 402 292 447 ydolo
319 405 503 448 imperavit
528 407 562 438 et
590 405 623 447 ¹)
638 414 804 438 corruens
830 405 865 437 in
889 403 1067 447 pulverem
1094 407 1148 437 est
1172 403 1362 439 redactum.
1395 403 1495 444 Quod

105 472 217 504 autem
247 468 358 512 ‚judex
387 470 526 513 expavit
559 473 592 502 et
626 470 783 512 spiritum
817 467 972 501 tradidit.
1023 467 1107 501 Huic
1131 471 1301 502 successit
1323 469 1497 511 Julianus,

104 536 163 580 qui
195 534 369 568 fornacem
404 533 564 567 succendi
599 532 682 567 fecit
713 537 747 567 et
781 532 991 566 Christinam
1023 534 1115 566 intus
1145 534 1294 578 jactari,
1335 533 1394 568 ubi
1433 544 1497 577 per

103 602 256 646 quinque
289 599 364 633 dies
397 608 471 632 cum
500 597 638 643 angelis
665 601 809 632 cantans
836 602 869 632 et
894 597 1121 632 deambulans
1145 598 1271 633 illaesa
1293 600 1495 644 permansit.

103 665 202 706 Quod
227 663 372 698 audiens
396 662 557 698 Julianus
584 667 617 697 et
642 665 790 709 magicis
816 664 950 698 artibus
976 663 1041 698 hoc
1066 664 1271 700 adscribens
1290 664 1377 698 duas
1396 666 1493 709 aspi—

102 730 183 771 ch‚
210 729 296 762 duas
322 730 484 773 viperas,
518 728 606 762 duos
634 729 798 764 colubros
825 729 868 763 ad
896 740 969 764 cam
997 731 1083 763 mitti
1110 730 1214 772 fecit,
1252 730 1313 764 sed
1349 741 1493 774 serpen-

100 800 154 830 tes
189 796 265 840 ejus
299 794 406 839 pedes
440 793 595 839 lingunt,
639 794 781 839 aspides
823 795 870 828 nil
906 799 1071 830 nocentes
1111 795 1155 829 ad
1185 796 1295 830 ubera
1328 796 1491 841 pendent,

99 859 235 896 colubri
269 860 360 894 collo
395 870 433 893 se
465 859 645 894 volventes
670 860 832 894 sudorem
859 861 1014 906 lingunt,
1048 860 1208 896 Julianus
1231 866 1345 895 autem
1373 862 1491 895 incan-

98 927 207 960 tatori
244 924 349 958 dixit:
384 924 547 969 numquid
581 929 615 960 et
639 930 674 959 tu
701 934 823 971 magus
855 926 921 960 es?
957 927 1056 959 irrita
1092 925 1235 960 bestias.
1284 926 1382 966 Quod
1416 936 1491 960 cum

100 993 253 1033 faceret,
288 995 469 1034 serpentes
507 991 540 1023 in
574 1001 648 1025 eum
678 992 840 1035 impetum
868 991 1026 1025 fecerunt
1052 994 1086 1025 et
1112 1001 1185 1026 eum
1213 993 1371 1036 protinus
1397 994 1490 1026 occi-

100 1057 245 1100 derunt,
271 1061 351 1091 tunc
377 1055 600 1100 serpentibus
626 1057 810 1101 imperavit
836 1056 1013 1090 Cliristina
1043 1060 1076 1091 et
1110 1057 1153 1090 ad
1180 1057 1354 1092 desertum
1378 1057 1490 1091 locum

98 1125 150 1158 ire
177 1123 261 1157 fecit
285 1126 319 1156 et
343 1126 512 1156 mortuum
540 1121 709 1156 bominem
736 1123 930 1156 suscitavit.
980 1121 1079 1156 Tunc
1102 1122 1261 1157 Julianus
1288 1123 1493 1157 mammillas

99 1190 176 1234 ejus
200 1187 357 1233 praecidi
384 1187 579 1230 mandavit,
609 1187 654 1221 de
679 1187 803 1233 quibus
829 1187 885 1220 lac
912 1197 975 1231 pro
1001 1189 1173 1233 sanguine
1200 1188 1312 1224 ssuxit.
1358 1187 1492 1222 Deinde

99 1255 253 1300 lingnam
290 1254 367 1299 ejus
400 1253 556 1298 praecidi
593 1254 697 1295 fecit,
734 1252 913 1288 Christina
946 1263 1028 1286 vero
1066 1263 1284 1298 nequaquam
1317 1253 1490 1298 loquelam

98 1321 260 1355 amittens
286 1320 562 1364 praescissuram
590 1319 732 1363 linguae
756 1319 933 1362 accipiens
969 1319 1001 1350 in
1036 1318 1160 1353 faciem
1187 1318 1318 1354 Juliani
1343 1320 1492 1363 projecit

99 1389 134 1420 ct
164 1384 296 1419 oculum
333 1385 409 1429 ejus
448 1386 530 1417 item
570 1385 768 1428 percutiens
804 1394 879 1418 eum
920 1385 1134 1417 excaecavit.
1183 1383 1296 1418 iratus
1329 1384 1490 1420 Julianus

99 1451 187 1485 duas
212 1452 364 1496 sagittas
399 1450 492 1483 circa
525 1459 586 1483 cor
620 1452 696 1494 eJus
734 1453 768 1484 et
800 1458 898 1482 unam
935 1449 968 1482 in
994 1449 1086 1483 latus
1114 1450 1190 1494 ejus
1215 1449 1346 1483 dimisit
1369 1455 1403 1484 et
1431 1450 1492 1483 illa

97 1526 269 1561 percussa
304 1516 462 1560 spiritum
498 1514 570 1549 Deo
606 1514 751 1548 tradidit
787 1515 881 1548 circa
918 1523 1028 1548 annos
1071 1514 1200 1547 domini
1238 1513 1488 1548 CCLXXXVII

98 1582 163 1616 sub
189 1581 427 1627 Dyocletiano.
475 1579 678 1625 Requiescit
703 1584 817 1614 autem
844 1590 971 1624 corpus
998 1581 1074 1624 ejus
1108 1581 1139 1612 in
1177 1579 1324 1624 quodam
1357 1583 1487 1621 castro,

97 1646 190 1692 quod
222 1646 409 1680 Bulsenum
444 1649 611 1687 vocatur,
648 1646 738 1679 inter
771 1643 893 1679 Urbem
930 1644 1088 1679 Veterem
1128 1649 1162 1679 et
1194 1644 1371 1679 Viterbum
1407 1647 1487 1679 sito.

100 1711 268 1756 ²)Turris
296 1713 405 1754 enim,
432 1721 521 1756 quae
543 1711 646 1755 juxta
671 1714 823 1744 castrum
851 1710 934 1744 illud
961 1715 1057 1752 erat,
1086 1710 1240 1744 funditus
1266 1715 1320 1745 est
1346 1720 1481 1745 eversa.

538 1913 665 1976 CAP.
699 1912 848 1974 mx.
896 1912 1026 1977 (94.)

311 2013 412 2065 De
456 2014 677 2057 sancto
708 2012 955 2059 «Iacobo
997 2011 1264 2070 maJore.

183 2107 338 2144 Jacobus
367 2109 434 2144 iste
459 2109 643 2154 apostolus
676 2109 790 2143 dictus
829 2113 883 2143 est
914 2109 1068 2144 Jacobus
1096 2109 1296 2158 Zebedaei,
1331 2106 1486 2143 ,Iacobus

93 2175 204 2210 frater
235 2174 430 2216 Johannis,
470 2173 740 2219 ³)Boanerges‚
777 2174 810 2208 id
849 2178 920 2217 est⁷
955 2173 1046 2207 iilius
1073 2175 1238 2215 tonitrui,
1274 2177 1307 2207 et
1333 2171 1486 2207 Jacobus

94 2241 218 2285 maj0r.
267 2239 404 2274 Dicitur
431 2241 520 2275 enim
546 2239 700 2275 Jacobus
727 2239 926 2281 Zebedaei,
954 2238 1092 2273 scilicet
1115 2238 1225 2274 filius.
1263 2249 1332 2272 non
1355 2241 1486 2271 tantum

95 2314 221 2347 carne,
247 2304 310 2339 sed
337 2306 441 2339 etiam
466 2306 615 2339 nominis
644 2306 945 2350 interpretatione.
995 2303 1203 2339 Zebedaeus
1239 2305 1489 2347 interpretatur

93 2369 229 2404 donans
254 2369 328 2403 sive
353 2368 526 2412 donatus,
558 2374 593 2406 et
625 2370 751 2406 heatus
777 2371 934 2406 Jacohus
962 2380 1000 2404 se
1025 2371 1137 2414 ipsum
1164 2368 1303 2403 Christo
1342 2367 1486 2400 donavit

94 2446 156 2480 per
189 2435 311 2468 mortis
345 2436 537 2469 martirium
572 2440 606 2470 et
639 2445 660 2469 a
694 2436 767 2471 Deo
801 2436 903 2469 nobis
939 2435 1088 2468 donatus
1122 2439 1176 2468 est
1209 2435 1243 2466 in
1268 2431 1485 2476 spiritualem

92 2504 288 2546 patronum.
336 2499 473 2534 Dicitur
502 2499 656 2535 Jacobus
690 2499 800 2535 frater
823 2499 1015 2540 Johannis,
1051 2500 1134 2543 quia
1167 2498 1232 2531 suit
1267 2497 1344 2542 ejus
1377 2496 1487 2530 frater

92 2575 160 2600 non
195 2569 327 2600 tantum
362 2574 489 2606 carne,
531 2564 594 2599 sed
637 2566 739 2599 etiam
784 2575 913 2599 morum
958 2562 1195 2597 similitudine.
1243 2561 1355 2597 Ambo
1395 2562 1483 2596 enim

161 2665 190 2696 1)
208 2664 308 2690 Verba
327 2671 511 2690 corruens
532 2677 561 2684 —
581 2668 614 2690 et
642 2662 753 2690 omittit
772 2662 825 2689 Ed.
845 2665 887 2690 Pr.
936 2661 965 2694 2)
985 2660 1037 2690 Ed.
1056 2663 1100 2688 Pr.
1119 2663 1235 2695 Tyrus
1253 2659 1334 2692 legit.
1379 2661 1407 2693 3)
1427 2659 1486 2686 Alii

94 2709 316 2741 Bonngeres
336 2708 447 2740 legunt.
