<?xml version="1.0" encoding="UTF-8"?>
<!DOCTYPE html PUBLIC "-//W3C//DTD XHTML 1.0 Transitional//EN"
    "http://www.w3.org/TR/xhtml1/DTD/xhtml1-transitional.dtd">
<html xmlns="http://www.w3.org/1999/xhtml" xml:lang="en" lang="en">
 <head>
  <title>
</title>
<meta http-equiv="Content-Type" content="text/html;charset=utf-8" />
  <meta name='ocr-system' content='tesseract 3.04.00' />
  <meta name='ocr-capabilities' content='ocr_page ocr_carea ocr_par ocr_line ocrx_word'/>
</head>
<body>
  <div class='ocr_page' id='page_1' title='image "./legendaaureavulg00jacouoft_0869.png"; bbox 0 0 1742 3005; ppageno 0'>
   <div class='ocr_carea' id='block_1_1' title="bbox 290 89 1455 143">
    <p class='ocr_par' dir='ltr' id='par_1_1' title="bbox 290 89 1455 143">
     <span class='ocr_line' id='line_1_1' title="bbox 290 89 1455 143; baseline 0.008 -18"><span class='ocrx_word' id='word_1_1' title='bbox 290 90 387 139; x_wconf 85' lang='lat' dir='ltr'><strong>Cap.</strong></span> <span class='ocrx_word' id='word_1_2' title='bbox 421 89 625 126; x_wconf 74' lang='lat' dir='ltr'><strong>CLxxxt.</strong></span> <span class='ocrx_word' id='word_1_3' title='bbox 685 89 743 126; x_wconf 86' lang='lat' dir='ltr'><strong>De</strong></span> <span class='ocrx_word' id='word_1_4' title='bbox 774 97 905 126; x_wconf 84' lang='lat' dir='ltr'><strong>sancto</strong></span> <span class='ocrx_word' id='word_1_5' title='bbox 936 91 1092 140; x_wconf 77' lang='lat' dir='ltr'><strong>Pelagio</strong></span> <span class='ocrx_word' id='word_1_6' title='bbox 1123 104 1235 143; x_wconf 82' lang='lat' dir='ltr'><strong>papa.</strong></span> <span class='ocrx_word' id='word_1_7' title='bbox 1373 94 1455 134; x_wconf 73' lang='lat'><strong>829</strong></span> 
     </span>
    </p>
   </div>
   <div class='ocr_carea' id='block_1_2' title="bbox 47 193 1456 2732">
    <p class='ocr_par' dir='ltr' id='par_1_2' title="bbox 47 193 1456 2732">
     <span class='ocr_line' id='line_1_2' title="bbox 70 193 1452 242; baseline 0.007 -13"><span class='ocrx_word' id='word_1_8' title='bbox 70 196 248 229; x_wconf 75' lang='lat' dir='ltr'><strong>fateretur.</strong></span> <span class='ocrx_word' id='word_1_9' title='bbox 306 193 390 228; x_wconf 83' lang='lat' dir='ltr'><strong>Post</strong></span> <span class='ocrx_word' id='word_1_10' title='bbox 421 193 489 229; x_wconf 89' lang='lat' dir='ltr'><strong>hoc</strong></span> <span class='ocrx_word' id='word_1_11' title='bbox 522 205 604 229; x_wconf 81' lang='lat' dir='ltr'><strong>vero</strong></span> <span class='ocrx_word' id='word_1_12' title='bbox 638 195 843 241; x_wconf 81' lang='lat' dir='ltr'><strong>Magumeth</strong></span> <span class='ocrx_word' id='word_1_13' title='bbox 875 199 992 241; x_wconf 87' lang='lat' dir='ltr'><strong>coepit</strong></span> <span class='ocrx_word' id='word_1_14' title='bbox 1031 197 1232 242; x_wconf 79' lang='lat' dir='ltr'><strong>frequenter</strong></span> <span class='ocrx_word' id='word_1_15' title='bbox 1260 199 1387 237; x_wconf 88' lang='lat' dir='ltr'><strong>cadere</strong></span> <span class='ocrx_word' id='word_1_16' title='bbox 1420 205 1452 237; x_wconf 90' lang='lat' dir='ltr'><strong>in</strong></span> 
     </span>
     <span class='ocr_line' id='line_1_3' title="bbox 67 260 1456 307; baseline 0.007 -12"><span class='ocrx_word' id='word_1_17' title='bbox 67 261 257 306; x_wconf 84' lang='lat' dir='ltr'><strong>epileptica</strong></span> <span class='ocrx_word' id='word_1_18' title='bbox 291 262 468 305; x_wconf 76' lang='lat' dir='ltr'><strong>passione.</strong></span> <span class='ocrx_word' id='word_1_19' title='bbox 525 260 627 300; x_wconf 82' lang='lat' dir='ltr'><strong>Quod</strong></span> <span class='ocrx_word' id='word_1_20' title='bbox 661 261 819 307; x_wconf 77' lang='lat' dir='ltr'><strong>Cadigan</strong></span> <span class='ocrx_word' id='word_1_21' title='bbox 855 273 999 297; x_wconf 82' lang='lat' dir='ltr'><strong>cernens</strong></span> <span class='ocrx_word' id='word_1_22' title='bbox 1034 263 1213 307; x_wconf 90' lang='lat' dir='ltr'><strong>plurimum</strong></span> <span class='ocrx_word' id='word_1_23' title='bbox 1250 268 1456 305; x_wconf 86' lang='lat' dir='ltr'><strong>tristabatur</strong></span> 
     </span>
     <span class='ocr_line' id='line_1_4' title="bbox 68 326 1453 373; baseline 0.001 -12"><span class='ocrx_word' id='word_1_24' title='bbox 68 337 130 368; x_wconf 85' lang='lat' dir='ltr'><strong>eo,</strong></span> <span class='ocrx_word' id='word_1_25' title='bbox 167 326 258 372; x_wconf 85' lang='lat' dir='ltr'><strong>quod</strong></span> <span class='ocrx_word' id='word_1_26' title='bbox 294 328 527 370; x_wconf 88' lang='lat' dir='ltr'><strong>impurissimo</strong></span> <span class='ocrx_word' id='word_1_27' title='bbox 561 327 692 360; x_wconf 89' lang='lat' dir='ltr'><strong>homini</strong></span> <span class='ocrx_word' id='word_1_28' title='bbox 726 332 759 361; x_wconf 91' lang='lat' dir='ltr'><strong>et</strong></span> <span class='ocrx_word' id='word_1_29' title='bbox 793 328 979 372; x_wconf 87' lang='lat' dir='ltr'><strong>epileptico</strong></span> <span class='ocrx_word' id='word_1_30' title='bbox 1014 331 1205 373; x_wconf 78' lang='lat' dir='ltr'><strong>nupsisset.</strong></span> <span class='ocrx_word' id='word_1_31' title='bbox 1255 331 1361 371; x_wconf 82' lang='lat' dir='ltr'><strong>Quam</strong></span> <span class='ocrx_word' id='word_1_32' title='bbox 1395 336 1453 370; x_wconf 70' lang='lat' dir='ltr'><strong>ine</strong></span> 
     </span>
     <span class='ocr_line' id='line_1_5' title="bbox 67 392 1451 438; baseline 0.006 -11"><span class='ocrx_word' id='word_1_33' title='bbox 67 394 209 438; x_wconf 85' lang='lat' dir='ltr'><strong>placare</strong></span> <span class='ocrx_word' id='word_1_34' title='bbox 238 392 444 426; x_wconf 86' lang='lat' dir='ltr'><strong>desiderans</strong></span> <span class='ocrx_word' id='word_1_35' title='bbox 470 393 599 426; x_wconf 87' lang='lat' dir='ltr'><strong>talibus</strong></span> <span class='ocrx_word' id='word_1_36' title='bbox 625 403 697 426; x_wconf 83' lang='lat' dir='ltr'><strong>eam</strong></span> <span class='ocrx_word' id='word_1_37' title='bbox 735 393 952 427; x_wconf 82' lang='lat' dir='ltr'><strong>sermonibus</strong></span> <span class='ocrx_word' id='word_1_38' title='bbox 979 393 1195 428; x_wconf 78' lang='lat' dir='ltr'>demulcebat</span> <span class='ocrx_word' id='word_1_39' title='bbox 1220 396 1355 432; x_wconf 86' lang='lat' dir='ltr'><strong>dicens:</strong></span> <span class='ocrx_word' id='word_1_40' title='bbox 1384 400 1451 435; x_wconf 86' lang='lat' dir='ltr'><strong>Ga-</strong></span> 
     </span>
     <span class='ocr_line' id='line_1_6' title="bbox 66 458 1450 505; baseline 0.005 -12"><span class='ocrx_word' id='word_1_41' title='bbox 66 459 210 494; x_wconf 86' lang='lat' dir='ltr'><strong>brielem</strong></span> <span class='ocrx_word' id='word_1_42' title='bbox 235 458 481 503; x_wconf 79' lang='lat' dir='ltr'>archangelum</span> <span class='ocrx_word' id='word_1_43' title='bbox 510 458 710 503; x_wconf 79' lang='lat' dir='ltr'><strong>frequenter</strong></span> <span class='ocrx_word' id='word_1_44' title='bbox 730 468 857 491; x_wconf 84' lang='lat' dir='ltr'><strong>mecum</strong></span> <span class='ocrx_word' id='word_1_45' title='bbox 878 458 1073 502; x_wconf 87' lang='lat' dir='ltr'><strong>loquentem</strong></span> <span class='ocrx_word' id='word_1_46' title='bbox 1095 462 1311 505; x_wconf 84' lang='lat' dir='ltr'><strong>contemplor</strong></span> <span class='ocrx_word' id='word_1_47' title='bbox 1333 470 1365 498; x_wconf 90' lang='lat' dir='ltr'><strong>et</strong></span> <span class='ocrx_word' id='word_1_48' title='bbox 1384 477 1450 500; x_wconf 87' lang='lat' dir='ltr'><strong>non</strong></span> 
     </span>
     <span class='ocr_line' id='line_1_7' title="bbox 66 522 1451 569; baseline 0.003 -9"><span class='ocrx_word' id='word_1_49' title='bbox 66 526 183 560; x_wconf 87' lang='lat' dir='ltr'><strong>serens</strong></span> <span class='ocrx_word' id='word_1_50' title='bbox 215 523 436 569; x_wconf 79' lang='lat' dir='ltr'><strong>splendorem</strong></span> <span class='ocrx_word' id='word_1_51' title='bbox 470 523 583 557; x_wconf 84' lang='lat' dir='ltr'><strong>vultus</strong></span> <span class='ocrx_word' id='word_1_52' title='bbox 616 524 692 566; x_wconf 80' lang='lat' dir='ltr'><strong>cjus</strong></span> <span class='ocrx_word' id='word_1_53' title='bbox 719 525 751 555; x_wconf 90' lang='lat' dir='ltr'><strong>in</strong></span> <span class='ocrx_word' id='word_1_54' title='bbox 780 533 832 557; x_wconf 88' lang='lat' dir='ltr'><strong>me</strong></span> <span class='ocrx_word' id='word_1_55' title='bbox 861 522 986 557; x_wconf 82' lang='lat' dir='ltr'><strong>delicio</strong></span> <span class='ocrx_word' id='word_1_56' title='bbox 1014 529 1045 557; x_wconf 85' lang='lat' dir='ltr'><strong>et</strong></span> <span class='ocrx_word' id='word_1_57' title='bbox 1071 525 1225 559; x_wconf 65' lang='lat' dir='ltr'><strong>tabesco</strong></span> <span class='ocrx_word' id='word_1_58' title='bbox 1278 527 1374 566; x_wconf 84' lang='lat' dir='ltr'><strong>Quod</strong></span> <span class='ocrx_word' id='word_1_59' title='bbox 1401 533 1451 564; x_wconf 90' lang='lat' dir='ltr'><strong>sic</strong></span> 
     </span>
     <span class='ocr_line' id='line_1_8' title="bbox 66 587 1451 637; baseline 0 -11"><span class='ocrx_word' id='word_1_60' title='bbox 66 602 144 626; x_wconf 83' lang='lat' dir='ltr'><strong>csse</strong></span> <span class='ocrx_word' id='word_1_61' title='bbox 170 591 294 625; x_wconf 89' lang='lat' dir='ltr'><strong>mulier</strong></span> <span class='ocrx_word' id='word_1_62' title='bbox 321 593 354 623; x_wconf 88' lang='lat' dir='ltr'><strong>et</strong></span> <span class='ocrx_word' id='word_1_63' title='bbox 378 589 507 622; x_wconf 88' lang='lat' dir='ltr'><strong>caeteri</strong></span> <span class='ocrx_word' id='word_1_64' title='bbox 533 587 768 622; x_wconf 86' lang='lat' dir='ltr'><strong>crediderunt.</strong></span> <span class='ocrx_word' id='word_1_65' title='bbox 818 589 913 623; x_wconf 79' lang='lat' dir='ltr'><strong>Alibi</strong></span> <span class='ocrx_word' id='word_1_66' title='bbox 940 593 1053 622; x_wconf 88' lang='lat' dir='ltr'><strong>tamen</strong></span> <span class='ocrx_word' id='word_1_67' title='bbox 1087 589 1233 635; x_wconf 77' lang='lat' dir='ltr'><strong>legitur,</strong></span> <span class='ocrx_word' id='word_1_68' title='bbox 1268 594 1359 637; x_wconf 91' lang='lat' dir='ltr'><strong>quod</strong></span> <span class='ocrx_word' id='word_1_69' title='bbox 1388 595 1451 630; x_wconf 79' lang='lat' dir='ltr'><strong>suit</strong></span> 
     </span>
     <span class='ocr_line' id='line_1_9' title="bbox 65 653 1449 705; baseline 0.003 -14"><span class='ocrx_word' id='word_1_70' title='bbox 65 657 202 704; x_wconf 87' lang='lat' dir='ltr'><strong>quidam</strong></span> <span class='ocrx_word' id='word_1_71' title='bbox 218 653 417 695; x_wconf 82' lang='lat' dir='ltr'><strong>monachus,</strong></span> <span class='ocrx_word' id='word_1_72' title='bbox 445 655 503 698; x_wconf 92' lang='lat' dir='ltr'><strong>qui</strong></span> <span class='ocrx_word' id='word_1_73' title='bbox 521 653 780 699; x_wconf 80' lang='lat' dir='ltr'><strong>Magumethum</strong></span> <span class='ocrx_word' id='word_1_74' title='bbox 801 656 974 692; x_wconf 77' lang='lat' dir='ltr'><strong>instruxit,</strong></span> <span class='ocrx_word' id='word_1_75' title='bbox 994 657 1129 690; x_wconf 86' lang='lat' dir='ltr'><strong>nomine</strong></span> <span class='ocrx_word' id='word_1_76' title='bbox 1152 656 1310 702; x_wconf 78' lang='lat' dir='ltr'><strong>SergiuS‚</strong></span> <span class='ocrx_word' id='word_1_77' title='bbox 1337 663 1394 705; x_wconf 92' lang='lat' dir='ltr'><strong>qui</strong></span> <span class='ocrx_word' id='word_1_78' title='bbox 1416 663 1449 695; x_wconf 90' lang='lat' dir='ltr'><strong>in</strong></span> 
     </span>
     <span class='ocr_line' id='line_1_10' title="bbox 61 719 1448 767; baseline -0.001 -10"><span class='ocrx_word' id='word_1_79' title='bbox 61 732 215 757; x_wconf 88' lang='lat' dir='ltr'><strong>errorem</strong></span> <span class='ocrx_word' id='word_1_80' title='bbox 246 719 398 754; x_wconf 86' lang='lat' dir='ltr'><strong>Nestorii</strong></span> <span class='ocrx_word' id='word_1_81' title='bbox 431 720 607 762; x_wconf 86' lang='lat' dir='ltr'><strong>incidens,</strong></span> <span class='ocrx_word' id='word_1_82' title='bbox 651 720 728 753; x_wconf 91' lang='lat' dir='ltr'><strong>dum</strong></span> <span class='ocrx_word' id='word_1_83' title='bbox 763 730 783 753; x_wconf 91' lang='lat' dir='ltr'><strong>a</strong></span> <span class='ocrx_word' id='word_1_84' title='bbox 814 720 993 754; x_wconf 83' lang='lat' dir='ltr'><strong>monachis</strong></span> <span class='ocrx_word' id='word_1_85' title='bbox 1027 721 1151 755; x_wconf 87' lang='lat' dir='ltr'><strong>suisset</strong></span> <span class='ocrx_word' id='word_1_86' title='bbox 1189 724 1374 767; x_wconf 75' lang='lat' dir='ltr'><strong>expulsus,</strong></span> <span class='ocrx_word' id='word_1_87' title='bbox 1416 729 1448 762; x_wconf 75' lang='lat' dir='ltr'><strong>in</strong></span> 
     </span>
     <span class='ocr_line' id='line_1_11' title="bbox 61 785 1448 836; baseline 0 -13"><span class='ocrx_word' id='word_1_88' title='bbox 61 787 227 823; x_wconf 79' lang='lat' dir='ltr'>Arabiam</span> <span class='ocrx_word' id='word_1_89' title='bbox 263 786 358 820; x_wconf 86' lang='lat' dir='ltr'><strong>venit</strong></span> <span class='ocrx_word' id='word_1_90' title='bbox 387 790 421 819; x_wconf 94' lang='lat' dir='ltr'><strong>et</strong></span> <span class='ocrx_word' id='word_1_91' title='bbox 445 785 673 831; x_wconf 84' lang='lat' dir='ltr'><strong>Magumetho</strong></span> <span class='ocrx_word' id='word_1_92' title='bbox 710 785 892 827; x_wconf 86' lang='lat' dir='ltr'><strong>adhaesit,</strong></span> <span class='ocrx_word' id='word_1_93' title='bbox 942 786 1023 819; x_wconf 80' lang='lat' dir='ltr'><strong>licet</strong></span> <span class='ocrx_word' id='word_1_94' title='bbox 1056 787 1138 820; x_wconf 88' lang='lat' dir='ltr'><strong>alibi</strong></span> <span class='ocrx_word' id='word_1_95' title='bbox 1166 788 1320 833; x_wconf 69' lang='lat' dir='ltr'><strong>legatur,</strong></span> <span class='ocrx_word' id='word_1_96' title='bbox 1357 793 1448 836; x_wconf 77' lang='lat' dir='ltr'><strong>quod</strong></span> 
     </span>
     <span class='ocr_line' id='line_1_12' title="bbox 61 851 1447 898; baseline 0.002 -10"><span class='ocrx_word' id='word_1_97' title='bbox 61 853 126 888; x_wconf 79' lang='lat' dir='ltr'><strong>fuit</strong></span> <span class='ocrx_word' id='word_1_98' title='bbox 152 852 422 887; x_wconf 84' lang='lat' dir='ltr'><strong>archidiaconus</strong></span> <span class='ocrx_word' id='word_1_99' title='bbox 461 854 493 885; x_wconf 89' lang='lat' dir='ltr'><strong>in</strong></span> <span class='ocrx_word' id='word_1_100' title='bbox 528 851 688 896; x_wconf 86' lang='lat' dir='ltr'><strong>partibus</strong></span> <span class='ocrx_word' id='word_1_101' title='bbox 715 852 923 885; x_wconf 74' lang='lat' dir='ltr'><strong>Antiochiae</strong></span> <span class='ocrx_word' id='word_1_102' title='bbox 952 852 1084 896; x_wconf 73' lang='lat' dir='ltr'><strong>degens</strong></span> <span class='ocrx_word' id='word_1_103' title='bbox 1110 858 1143 886; x_wconf 89' lang='lat' dir='ltr'><strong>et</strong></span> <span class='ocrx_word' id='word_1_104' title='bbox 1170 854 1233 888; x_wconf 85' lang='lat' dir='ltr'><strong>suit</strong></span> <span class='ocrx_word' id='word_1_105' title='bbox 1260 858 1323 898; x_wconf 90' lang='lat' dir='ltr'><strong>(ut</strong></span> <span class='ocrx_word' id='word_1_106' title='bbox 1347 867 1447 892; x_wconf 89' lang='lat' dir='ltr'><strong>asse-</strong></span> 
     </span>
     <span class='ocr_line' id='line_1_13' title="bbox 61 916 1447 966; baseline 0.003 -13"><span class='ocrx_word' id='word_1_107' title='bbox 61 920 165 963; x_wconf 90' lang='lat' dir='ltr'><strong>runt)</strong></span> <span class='ocrx_word' id='word_1_108' title='bbox 197 916 378 958; x_wconf 87' lang='lat' dir='ltr'><strong>Jacobita,</strong></span> <span class='ocrx_word' id='word_1_109' title='bbox 425 919 482 962; x_wconf 87' lang='lat' dir='ltr'><strong>qui</strong></span> <span class='ocrx_word' id='word_1_110' title='bbox 522 918 816 951; x_wconf 78' lang='lat' dir='ltr'><strong>circumcisionem</strong></span> <span class='ocrx_word' id='word_1_111' title='bbox 860 917 1067 960; x_wconf 85' lang='lat' dir='ltr'><strong>praedicant</strong></span> <span class='ocrx_word' id='word_1_112' title='bbox 1101 918 1345 966; x_wconf 81' lang='lat' dir='ltr'><strong>Christumque</strong></span> <span class='ocrx_word' id='word_1_113' title='bbox 1381 933 1447 957; x_wconf 89' lang='lat' dir='ltr'><strong>non</strong></span> 
     </span>
     <span class='ocr_line' id='line_1_14' title="bbox 59 982 1444 1029; baseline 0.002 -10"><span class='ocrx_word' id='word_1_114' title='bbox 59 985 188 1025; x_wconf 89' lang='lat' dir='ltr'><strong>Deum,</strong></span> <span class='ocrx_word' id='word_1_115' title='bbox 223 983 284 1017; x_wconf 88' lang='lat' dir='ltr'><strong>sed</strong></span> <span class='ocrx_word' id='word_1_116' title='bbox 311 982 480 1017; x_wconf 86' lang='lat' dir='ltr'><strong>hominem</strong></span> <span class='ocrx_word' id='word_1_117' title='bbox 514 987 642 1016; x_wconf 88' lang='lat' dir='ltr'><strong>tantum</strong></span> <span class='ocrx_word' id='word_1_118' title='bbox 665 983 795 1026; x_wconf 89' lang='lat' dir='ltr'><strong>justum</strong></span> <span class='ocrx_word' id='word_1_119' title='bbox 824 987 857 1016; x_wconf 92' lang='lat' dir='ltr'><strong>et</strong></span> <span class='ocrx_word' id='word_1_120' title='bbox 885 988 1059 1024; x_wconf 89' lang='lat' dir='ltr'><strong>sanctum,</strong></span> <span class='ocrx_word' id='word_1_121' title='bbox 1098 984 1139 1018; x_wconf 89' lang='lat' dir='ltr'><strong>de</strong></span> <span class='ocrx_word' id='word_1_122' title='bbox 1173 987 1297 1029; x_wconf 86' lang='lat' dir='ltr'><strong>spiritu</strong></span> <span class='ocrx_word' id='word_1_123' title='bbox 1325 993 1444 1022; x_wconf 85' lang='lat' dir='ltr'><strong>sancto</strong></span> 
     </span>
     <span class='ocr_line' id='line_1_15' title="bbox 60 1048 1445 1094; baseline 0.002 -9"><span class='ocrx_word' id='word_1_124' title='bbox 60 1053 261 1094; x_wconf 84' lang='lat' dir='ltr'><strong>conceptum</strong></span> <span class='ocrx_word' id='word_1_125' title='bbox 298 1052 332 1082; x_wconf 90' lang='lat' dir='ltr'><strong>et</strong></span> <span class='ocrx_word' id='word_1_126' title='bbox 363 1048 406 1082; x_wconf 89' lang='lat' dir='ltr'><strong>de</strong></span> <span class='ocrx_word' id='word_1_127' title='bbox 439 1049 574 1092; x_wconf 79' lang='lat' dir='ltr'><strong>virgine</strong></span> <span class='ocrx_word' id='word_1_128' title='bbox 606 1052 722 1081; x_wconf 86' lang='lat' dir='ltr'><strong>natum</strong></span> <span class='ocrx_word' id='word_1_129' title='bbox 758 1048 941 1082; x_wconf 74' lang='lat' dir='ltr'><strong>attii-mant.</strong></span> <span class='ocrx_word' id='word_1_130' title='bbox 999 1050 1096 1088; x_wconf 80' lang='lat' dir='ltr'><strong>Quae</strong></span> <span class='ocrx_word' id='word_1_131' title='bbox 1131 1052 1245 1084; x_wconf 87' lang='lat' dir='ltr'><strong>omnia</strong></span> <span class='ocrx_word' id='word_1_132' title='bbox 1279 1052 1445 1088; x_wconf 82' lang='lat' dir='ltr'><strong>Saraceni</strong></span> 
     </span>
     <span class='ocr_line' id='line_1_16' title="bbox 59 1112 1446 1161; baseline 0.004 -12"><span class='ocrx_word' id='word_1_133' title='bbox 59 1115 233 1150; x_wconf 78' lang='lat' dir='ltr'><strong>affirmant</strong></span> <span class='ocrx_word' id='word_1_134' title='bbox 267 1117 301 1148; x_wconf 87' lang='lat' dir='ltr'><strong>et</strong></span> <span class='ocrx_word' id='word_1_135' title='bbox 331 1112 486 1148; x_wconf 89' lang='lat' dir='ltr'><strong>credunt.</strong></span> <span class='ocrx_word' id='word_1_136' title='bbox 535 1113 742 1148; x_wconf 81' lang='lat' dir='ltr'><strong>Praedictus</strong></span> <span class='ocrx_word' id='word_1_137' title='bbox 784 1115 891 1159; x_wconf 73' lang='lat' dir='ltr'><strong>igitur</strong></span> <span class='ocrx_word' id='word_1_138' title='bbox 926 1114 1072 1159; x_wconf 76' lang='lat' dir='ltr'><strong>Sergius</strong></span> <span class='ocrx_word' id='word_1_139' title='bbox 1108 1115 1368 1161; x_wconf 79' lang='lat' dir='ltr'><strong>Magumethuin</strong></span> <span class='ocrx_word' id='word_1_140' title='bbox 1404 1119 1446 1154; x_wconf 91' lang='lat' dir='ltr'><strong>de</strong></span> 
     </span>
     <span class='ocr_line' id='line_1_17' title="bbox 58 1179 1445 1228; baseline 0.002 -13"><span class='ocrx_word' id='word_1_141' title='bbox 58 1191 149 1215; x_wconf 86' lang='lat' dir='ltr'><strong>novo</strong></span> <span class='ocrx_word' id='word_1_142' title='bbox 175 1184 209 1215; x_wconf 88' lang='lat' dir='ltr'><strong>et</strong></span> <span class='ocrx_word' id='word_1_143' title='bbox 236 1180 343 1214; x_wconf 79' lang='lat' dir='ltr'><strong>veteri</strong></span> <span class='ocrx_word' id='word_1_144' title='bbox 370 1183 578 1213; x_wconf 82' lang='lat' dir='ltr'><strong>testamento</strong></span> <span class='ocrx_word' id='word_1_145' title='bbox 604 1182 656 1219; x_wconf 80' lang='lat' dir='ltr'><strong>(ut</strong></span> <span class='ocrx_word' id='word_1_146' title='bbox 683 1179 841 1223; x_wconf 87' lang='lat' dir='ltr'><strong>tradunt)</strong></span> <span class='ocrx_word' id='word_1_147' title='bbox 871 1180 970 1223; x_wconf 86' lang='lat' dir='ltr'><strong>plura</strong></span> <span class='ocrx_word' id='word_1_148' title='bbox 997 1180 1147 1214; x_wconf 87' lang='lat' dir='ltr'><strong>edocuit.</strong></span> <span class='ocrx_word' id='word_1_149' title='bbox 1197 1182 1445 1228; x_wconf 77' lang='lat' dir='ltr'><strong>Magumethns</strong></span> 
     </span>
     <span class='ocr_line' id='line_1_18' title="bbox 59 1244 1445 1291; baseline 0.001 -10"><span class='ocrx_word' id='word_1_150' title='bbox 59 1248 146 1281; x_wconf 88' lang='lat' dir='ltr'><strong>enim</strong></span> <span class='ocrx_word' id='word_1_151' title='bbox 180 1250 328 1290; x_wconf 86' lang='lat' dir='ltr'><strong>utroque</strong></span> <span class='ocrx_word' id='word_1_152' title='bbox 354 1249 498 1288; x_wconf 88' lang='lat' dir='ltr'><strong>parente</strong></span> <span class='ocrx_word' id='word_1_153' title='bbox 526 1244 671 1279; x_wconf 87' lang='lat' dir='ltr'><strong>orbatus</strong></span> <span class='ocrx_word' id='word_1_154' title='bbox 699 1246 762 1279; x_wconf 89' lang='lat' dir='ltr'><strong>sub</strong></span> <span class='ocrx_word' id='word_1_155' title='bbox 794 1247 907 1289; x_wconf 86' lang='lat' dir='ltr'><strong>patrui</strong></span> <span class='ocrx_word' id='word_1_156' title='bbox 935 1247 988 1279; x_wconf 92' lang='lat' dir='ltr'><strong>sui</strong></span> <span class='ocrx_word' id='word_1_157' title='bbox 1016 1256 1098 1280; x_wconf 88' lang='lat' dir='ltr'><strong>cura</strong></span> <span class='ocrx_word' id='word_1_158' title='bbox 1125 1249 1298 1291; x_wconf 85' lang='lat' dir='ltr'><strong>pueritiae</strong></span> <span class='ocrx_word' id='word_1_159' title='bbox 1334 1259 1445 1283; x_wconf 91' lang='lat' dir='ltr'><strong>annos</strong></span> 
     </span>
     <span class='ocr_line' id='line_1_19' title="bbox 57 1311 1442 1358; baseline 0.003 -11"><span class='ocrx_word' id='word_1_160' title='bbox 57 1312 188 1358; x_wconf 84' lang='lat' dir='ltr'><strong>agebat</strong></span> <span class='ocrx_word' id='word_1_161' title='bbox 213 1311 389 1355; x_wconf 91' lang='lat' dir='ltr'><strong>multoque</strong></span> <span class='ocrx_word' id='word_1_162' title='bbox 418 1314 573 1354; x_wconf 85' lang='lat' dir='ltr'><strong>tempore</strong></span> <span class='ocrx_word' id='word_1_163' title='bbox 600 1321 673 1344; x_wconf 90' lang='lat' dir='ltr'><strong>cum</strong></span> <span class='ocrx_word' id='word_1_164' title='bbox 703 1312 867 1344; x_wconf 85' lang='lat' dir='ltr'><strong>universa</strong></span> <span class='ocrx_word' id='word_1_165' title='bbox 886 1315 990 1355; x_wconf 68' lang='lat' dir='ltr'><strong>gente</strong></span> <span class='ocrx_word' id='word_1_166' title='bbox 1009 1322 1073 1345; x_wconf 87' lang='lat' dir='ltr'><strong>sua</strong></span> <span class='ocrx_word' id='word_1_167' title='bbox 1092 1312 1244 1346; x_wconf 77' lang='lat' dir='ltr'><strong>Arabum</strong></span> <span class='ocrx_word' id='word_1_168' title='bbox 1262 1314 1442 1358; x_wconf 72' lang='lat' dir='ltr'><strong>ydolorum</strong></span> 
     </span>
     <span class='ocr_line' id='line_1_20' title="bbox 58 1375 1444 1420; baseline 0.004 -9"><span class='ocrx_word' id='word_1_169' title='bbox 58 1378 165 1412; x_wconf 88' lang='lat' dir='ltr'><strong>cultui</strong></span> <span class='ocrx_word' id='word_1_170' title='bbox 204 1376 416 1417; x_wconf 82' lang='lat' dir='ltr'><strong>deservivit,</strong></span> <span class='ocrx_word' id='word_1_171' title='bbox 450 1375 737 1420; x_wconf 82' lang='lat' dir='ltr'><strong>quemadmodum</strong></span> <span class='ocrx_word' id='word_1_172' title='bbox 774 1378 807 1410; x_wconf 90' lang='lat' dir='ltr'><strong>in</strong></span> <span class='ocrx_word' id='word_1_173' title='bbox 841 1375 1031 1410; x_wconf 74' lang='lat' dir='ltr'><strong>alchorano</strong></span> <span class='ocrx_word' id='word_1_174' title='bbox 1071 1388 1134 1411; x_wconf 92' lang='lat' dir='ltr'><strong>sno</strong></span> <span class='ocrx_word' id='word_1_175' title='bbox 1161 1383 1312 1414; x_wconf 85' lang='lat' dir='ltr'><strong>testatur</strong></span> <span class='ocrx_word' id='word_1_176' title='bbox 1337 1381 1444 1416; x_wconf 84' lang='lat' dir='ltr'><strong>Deum</strong></span> 
     </span>
     <span class='ocr_line' id='line_1_21' title="bbox 58 1441 1444 1488; baseline 0.004 -12"><span class='ocrx_word' id='word_1_177' title='bbox 58 1443 125 1477; x_wconf 89' lang='lat' dir='ltr'><strong>sibi</strong></span> <span class='ocrx_word' id='word_1_178' title='bbox 152 1442 305 1476; x_wconf 88' lang='lat' dir='ltr'><strong>dixisse:</strong></span> <span class='ocrx_word' id='word_1_179' title='bbox 341 1441 519 1486; x_wconf 89' lang='lat' dir='ltr'><strong>orphanus</strong></span> <span class='ocrx_word' id='word_1_180' title='bbox 548 1443 644 1476; x_wconf 84' lang='lat' dir='ltr'><strong>suisti</strong></span> <span class='ocrx_word' id='word_1_181' title='bbox 671 1447 703 1477; x_wconf 85' lang='lat' dir='ltr'><strong>ct</strong></span> <span class='ocrx_word' id='word_1_182' title='bbox 730 1444 870 1486; x_wconf 89' lang='lat' dir='ltr'><strong>suscepi</strong></span> <span class='ocrx_word' id='word_1_183' title='bbox 896 1447 950 1483; x_wconf 89' lang='lat' dir='ltr'><strong>te,</strong></span> <span class='ocrx_word' id='word_1_184' title='bbox 992 1444 1023 1476; x_wconf 89' lang='lat' dir='ltr'><strong>in</strong></span> <span class='ocrx_word' id='word_1_185' title='bbox 1057 1454 1177 1477; x_wconf 84' lang='lat' dir='ltr'><strong>erroro</strong></span> <span class='ocrx_word' id='word_1_186' title='bbox 1209 1445 1444 1488; x_wconf 56' lang='lat' dir='ltr'><strong>ydololatriae</strong></span> 
     </span>
     <span class='ocr_line' id='line_1_22' title="bbox 57 1508 1445 1554; baseline 0.001 -11"><span class='ocrx_word' id='word_1_187' title='bbox 57 1509 116 1543; x_wconf 89' lang='lat' dir='ltr'><strong>diu</strong></span> <span class='ocrx_word' id='word_1_188' title='bbox 141 1508 299 1542; x_wconf 73' lang='lat' dir='ltr'><strong>mansisti</strong></span> <span class='ocrx_word' id='word_1_189' title='bbox 329 1512 363 1542; x_wconf 92' lang='lat' dir='ltr'><strong>et</strong></span> <span class='ocrx_word' id='word_1_190' title='bbox 398 1508 477 1542; x_wconf 90' lang='lat' dir='ltr'><strong>inde</strong></span> <span class='ocrx_word' id='word_1_191' title='bbox 510 1508 615 1542; x_wconf 80' lang='lat' dir='ltr'><strong>eduxi</strong></span> <span class='ocrx_word' id='word_1_192' title='bbox 645 1513 702 1550; x_wconf 90' lang='lat' dir='ltr'><strong>te,</strong></span> <span class='ocrx_word' id='word_1_193' title='bbox 737 1519 870 1553; x_wconf 82' lang='lat' dir='ltr'><strong>pauper</strong></span> <span class='ocrx_word' id='word_1_194' title='bbox 895 1518 973 1542; x_wconf 90' lang='lat' dir='ltr'><strong>eras</strong></span> <span class='ocrx_word' id='word_1_195' title='bbox 1002 1512 1034 1542; x_wconf 90' lang='lat' dir='ltr'><strong>et</strong></span> <span class='ocrx_word' id='word_1_196' title='bbox 1061 1520 1126 1553; x_wconf 70' lang='lat' dir='ltr'><strong>ego</strong></span> <span class='ocrx_word' id='word_1_197' title='bbox 1158 1510 1370 1554; x_wconf 88' lang='lat' dir='ltr'><strong>locupletavi</strong></span> <span class='ocrx_word' id='word_1_198' title='bbox 1397 1517 1445 1549; x_wconf 80' lang='lat' dir='ltr'><strong>to.</strong></span> 
     </span>
     <span class='ocr_line' id='line_1_23' title="bbox 56 1573 1445 1620; baseline 0.004 -12"><span class='ocrx_word' id='word_1_199' title='bbox 56 1573 228 1609; x_wconf 80' lang='lat' dir='ltr'><strong>Universa.</strong></span> <span class='ocrx_word' id='word_1_200' title='bbox 265 1574 353 1608; x_wconf 90' lang='lat' dir='ltr'><strong>enim</strong></span> <span class='ocrx_word' id='word_1_201' title='bbox 390 1585 477 1620; x_wconf 84' lang='lat' dir='ltr'><strong>gens</strong></span> <span class='ocrx_word' id='word_1_202' title='bbox 511 1575 663 1609; x_wconf 80' lang='lat' dir='ltr'><strong>Arabum</strong></span> <span class='ocrx_word' id='word_1_203' title='bbox 700 1584 773 1607; x_wconf 88' lang='lat' dir='ltr'><strong>cum</strong></span> <span class='ocrx_word' id='word_1_204' title='bbox 811 1573 1039 1619; x_wconf 79' lang='lat' dir='ltr'><strong>Magumetho</strong></span> <span class='ocrx_word' id='word_1_205' title='bbox 1075 1574 1239 1609; x_wconf 79' lang='lat' dir='ltr'><strong>Venerem</strong></span> <span class='ocrx_word' id='word_1_206' title='bbox 1276 1587 1338 1620; x_wconf 93' lang='lat' dir='ltr'><strong>pro</strong></span> <span class='ocrx_word' id='word_1_207' title='bbox 1372 1578 1445 1613; x_wconf 81' lang='lat' dir='ltr'><strong>Dea</strong></span> 
     </span>
     <span class='ocr_line' id='line_1_24' title="bbox 55 1639 1443 1685; baseline 0.001 -10"><span class='ocrx_word' id='word_1_208' title='bbox 55 1640 195 1675; x_wconf 82' lang='lat' dir='ltr'><strong>colebat</strong></span> <span class='ocrx_word' id='word_1_209' title='bbox 229 1644 263 1674; x_wconf 87' lang='lat' dir='ltr'><strong>et</strong></span> <span class='ocrx_word' id='word_1_210' title='bbox 293 1639 374 1674; x_wconf 89' lang='lat' dir='ltr'><strong>inde</strong></span> <span class='ocrx_word' id='word_1_211' title='bbox 409 1644 483 1681; x_wconf 89' lang='lat' dir='ltr'><strong>est,</strong></span> <span class='ocrx_word' id='word_1_212' title='bbox 522 1641 614 1685; x_wconf 91' lang='lat' dir='ltr'><strong>quod</strong></span> <span class='ocrx_word' id='word_1_213' title='bbox 650 1640 764 1674; x_wconf 88' lang='lat' dir='ltr'><strong>adhuc</strong></span> <span class='ocrx_word' id='word_1_214' title='bbox 796 1644 895 1674; x_wconf 76' lang='lat' dir='ltr'><strong>sexta</strong></span> <span class='ocrx_word' id='word_1_215' title='bbox 928 1639 1017 1673; x_wconf 80' lang='lat' dir='ltr'><strong>seria</strong></span> <span class='ocrx_word' id='word_1_216' title='bbox 1052 1640 1143 1684; x_wconf 88' lang='lat' dir='ltr'><strong>apud</strong></span> <span class='ocrx_word' id='word_1_217' title='bbox 1178 1641 1373 1676; x_wconf 84' lang='lat' dir='ltr'><strong>Saracenos</strong></span> <span class='ocrx_word' id='word_1_218' title='bbox 1410 1645 1443 1677; x_wconf 91' lang='lat' dir='ltr'><strong>in</strong></span> 
     </span>
     <span class='ocr_line' id='line_1_25' title="bbox 55 1704 1442 1753; baseline 0.002 -13"><span class='ocrx_word' id='word_1_219' title='bbox 55 1716 185 1752; x_wconf 82' lang='lat' dir='ltr'><strong>magua</strong></span> <span class='ocrx_word' id='word_1_220' title='bbox 209 1706 434 1740; x_wconf 85' lang='lat' dir='ltr'><strong>veneratione</strong></span> <span class='ocrx_word' id='word_1_221' title='bbox 459 1706 627 1747; x_wconf 81' lang='lat' dir='ltr'><strong>habetur,</strong></span> <span class='ocrx_word' id='word_1_222' title='bbox 662 1708 751 1739; x_wconf 89' lang='lat' dir='ltr'><strong>sicut</strong></span> <span class='ocrx_word' id='word_1_223' title='bbox 785 1705 876 1750; x_wconf 78' lang='lat' dir='ltr'><strong>apud</strong></span> <span class='ocrx_word' id='word_1_224' title='bbox 904 1704 1059 1739; x_wconf 87' lang='lat' dir='ltr'><strong>Judaeos</strong></span> <span class='ocrx_word' id='word_1_225' title='bbox 1085 1706 1266 1740; x_wconf 84' lang='lat' dir='ltr'><strong>sabbatum</strong></span> <span class='ocrx_word' id='word_1_226' title='bbox 1295 1713 1327 1741; x_wconf 91' lang='lat' dir='ltr'><strong>et</strong></span> <span class='ocrx_word' id='word_1_227' title='bbox 1353 1709 1442 1753; x_wconf 89' lang='lat' dir='ltr'><strong>apud</strong></span> 
     </span>
     <span class='ocr_line' id='line_1_26' title="bbox 56 1770 1443 1818; baseline 0.001 -12"><span class='ocrx_word' id='word_1_228' title='bbox 56 1772 268 1806; x_wconf 86' lang='lat' dir='ltr'><strong>christianos</strong></span> <span class='ocrx_word' id='word_1_229' title='bbox 301 1771 377 1805; x_wconf 91' lang='lat' dir='ltr'><strong>dies</strong></span> <span class='ocrx_word' id='word_1_230' title='bbox 413 1770 586 1805; x_wconf 87' lang='lat' dir='ltr'><strong>dominica</strong></span> <span class='ocrx_word' id='word_1_231' title='bbox 621 1772 760 1806; x_wconf 86' lang='lat' dir='ltr'><strong>colitur.</strong></span> <span class='ocrx_word' id='word_1_232' title='bbox 814 1771 1063 1816; x_wconf 76' lang='lat' dir='ltr'><strong>Magumethus</strong></span> <span class='ocrx_word' id='word_1_233' title='bbox 1097 1773 1206 1817; x_wconf 79' lang='lat' dir='ltr'><strong>igitur</strong></span> <span class='ocrx_word' id='word_1_234' title='bbox 1241 1773 1443 1818; x_wconf 83' lang='lat' dir='ltr'><strong>praedictae</strong></span> 
     </span>
     <span class='ocr_line' id='line_1_27' title="bbox 55 1836 1441 1883; baseline 0.001 -12"><span class='ocrx_word' id='word_1_235' title='bbox 55 1837 214 1883; x_wconf 85' lang='lat' dir='ltr'><strong>Cadigan</strong></span> <span class='ocrx_word' id='word_1_236' title='bbox 247 1836 482 1881; x_wconf 88' lang='lat' dir='ltr'><strong>locupletatus</strong></span> <span class='ocrx_word' id='word_1_237' title='bbox 516 1837 648 1871; x_wconf 91' lang='lat' dir='ltr'><strong>divitiis</strong></span> <span class='ocrx_word' id='word_1_238' title='bbox 684 1839 716 1871; x_wconf 87' lang='lat' dir='ltr'><strong>in</strong></span> <span class='ocrx_word' id='word_1_239' title='bbox 745 1841 873 1871; x_wconf 84' lang='lat' dir='ltr'><strong>tantam</strong></span> <span class='ocrx_word' id='word_1_240' title='bbox 902 1839 1061 1881; x_wconf 83' lang='lat' dir='ltr'><strong>prorupit</strong></span> <span class='ocrx_word' id='word_1_241' title='bbox 1086 1839 1210 1872; x_wconf 86' lang='lat' dir='ltr'><strong>mentis</strong></span> <span class='ocrx_word' id='word_1_242' title='bbox 1246 1838 1441 1880; x_wconf 78' lang='lat' dir='ltr'><strong>audaciam,</strong></span> 
     </span>
     <span class='ocr_line' id='line_1_28' title="bbox 54 1902 1442 1949; baseline 0.002 -12"><span class='ocrx_word' id='word_1_243' title='bbox 54 1907 92 1937; x_wconf 92' lang='lat' dir='ltr'><strong>ut</strong></span> <span class='ocrx_word' id='word_1_244' title='bbox 116 1913 259 1948; x_wconf 85' lang='lat' dir='ltr'><strong>regnum</strong></span> <span class='ocrx_word' id='word_1_245' title='bbox 291 1902 444 1937; x_wconf 80' lang='lat' dir='ltr'><strong>Arabum</strong></span> <span class='ocrx_word' id='word_1_246' title='bbox 477 1902 544 1936; x_wconf 89' lang='lat' dir='ltr'><strong>sibi</strong></span> <span class='ocrx_word' id='word_1_247' title='bbox 577 1914 747 1948; x_wconf 87' lang='lat' dir='ltr'><strong>usurpare</strong></span> <span class='ocrx_word' id='word_1_248' title='bbox 781 1905 965 1949; x_wconf 82' lang='lat' dir='ltr'><strong>cogitaret.</strong></span> <span class='ocrx_word' id='word_1_249' title='bbox 1016 1903 1085 1937; x_wconf 81' lang='lat' dir='ltr'><strong>Sed</strong></span> <span class='ocrx_word' id='word_1_250' title='bbox 1113 1913 1185 1938; x_wconf 83' lang='lat' dir='ltr'><strong>cum</strong></span> <span class='ocrx_word' id='word_1_251' title='bbox 1214 1904 1367 1946; x_wconf 83' lang='lat' dir='ltr'><strong>videret,</strong></span> <span class='ocrx_word' id='word_1_252' title='bbox 1404 1915 1442 1940; x_wconf 84' lang='lat' dir='ltr'><strong>se</strong></span> 
     </span>
     <span class='ocr_line' id='line_1_29' title="bbox 54 1967 1441 2014; baseline 0.001 -11"><span class='ocrx_word' id='word_1_253' title='bbox 54 1978 119 2014; x_wconf 87' lang='lat' dir='ltr'><strong>per</strong></span> <span class='ocrx_word' id='word_1_254' title='bbox 143 1967 341 2003; x_wconf 81' lang='lat' dir='ltr'><strong>violentiam</strong></span> <span class='ocrx_word' id='word_1_255' title='bbox 367 1967 432 2001; x_wconf 92' lang='lat' dir='ltr'><strong>hoc</strong></span> <span class='ocrx_word' id='word_1_256' title='bbox 457 1970 598 2013; x_wconf 87' lang='lat' dir='ltr'><strong>assequi</strong></span> <span class='ocrx_word' id='word_1_257' title='bbox 623 1979 691 2003; x_wconf 89' lang='lat' dir='ltr'><strong>non</strong></span> <span class='ocrx_word' id='word_1_258' title='bbox 716 1969 847 2010; x_wconf 82' lang='lat' dir='ltr'><strong>valere,</strong></span> <span class='ocrx_word' id='word_1_259' title='bbox 874 1971 1019 2004; x_wconf 79' lang='lat' dir='ltr'><strong>maxime</strong></span> <span class='ocrx_word' id='word_1_260' title='bbox 1044 1980 1118 2003; x_wconf 89' lang='lat' dir='ltr'><strong>cum</strong></span> <span class='ocrx_word' id='word_1_261' title='bbox 1145 1980 1165 2003; x_wconf 93' lang='lat' dir='ltr'><strong>a</strong></span> <span class='ocrx_word' id='word_1_262' title='bbox 1187 1970 1441 2005; x_wconf 89' lang='lat' dir='ltr'><strong>contribulibus</strong></span> 
     </span>
     <span class='ocr_line' id='line_1_30' title="bbox 54 2033 1441 2080; baseline 0.001 -13"><span class='ocrx_word' id='word_1_263' title='bbox 54 2035 146 2075; x_wconf 89' lang='lat' dir='ltr'><strong>suis,</strong></span> <span class='ocrx_word' id='word_1_264' title='bbox 179 2034 238 2078; x_wconf 87' lang='lat' dir='ltr'><strong>qui</strong></span> <span class='ocrx_word' id='word_1_265' title='bbox 262 2043 304 2067; x_wconf 89' lang='lat' dir='ltr'><strong>eo</strong></span> <span class='ocrx_word' id='word_1_266' title='bbox 329 2034 482 2077; x_wconf 86' lang='lat' dir='ltr'><strong>majores</strong></span> <span class='ocrx_word' id='word_1_267' title='bbox 514 2033 674 2076; x_wconf 83' lang='lat' dir='ltr'><strong>fuerant,</strong></span> <span class='ocrx_word' id='word_1_268' title='bbox 707 2034 966 2078; x_wconf 84' lang='lat' dir='ltr'><strong>despiceretur,</strong></span> <span class='ocrx_word' id='word_1_269' title='bbox 1002 2034 1206 2078; x_wconf 90' lang='lat' dir='ltr'><strong>prophetam</strong></span> <span class='ocrx_word' id='word_1_270' title='bbox 1238 2045 1275 2068; x_wconf 90' lang='lat' dir='ltr'><strong>se</strong></span> <span class='ocrx_word' id='word_1_271' title='bbox 1308 2036 1441 2080; x_wconf 81' lang='lat' dir='ltr'><strong>tingere</strong></span> 
     </span>
     <span class='ocr_line' id='line_1_31' title="bbox 53 2098 1442 2144; baseline 0 -12"><span class='ocrx_word' id='word_1_272' title='bbox 53 2098 178 2140; x_wconf 85' lang='lat' dir='ltr'><strong>voluit,</strong></span> <span class='ocrx_word' id='word_1_273' title='bbox 212 2102 262 2140; x_wconf 89' lang='lat' dir='ltr'><strong>ut,</strong></span> <span class='ocrx_word' id='word_1_274' title='bbox 295 2107 381 2142; x_wconf 91' lang='lat' dir='ltr'><strong>quos</strong></span> <span class='ocrx_word' id='word_1_275' title='bbox 407 2107 474 2130; x_wconf 90' lang='lat' dir='ltr'><strong>non</strong></span> <span class='ocrx_word' id='word_1_276' title='bbox 500 2102 638 2141; x_wconf 87' lang='lat' dir='ltr'><strong>poterat</strong></span> <span class='ocrx_word' id='word_1_277' title='bbox 674 2098 866 2144; x_wconf 76' lang='lat' dir='ltr'><strong>subjitgare</strong></span> <span class='ocrx_word' id='word_1_278' title='bbox 892 2109 954 2142; x_wconf 88' lang='lat' dir='ltr'><strong>per</strong></span> <span class='ocrx_word' id='word_1_279' title='bbox 983 2101 1192 2143; x_wconf 85' lang='lat' dir='ltr'><strong>potentiam,</strong></span> <span class='ocrx_word' id='word_1_280' title='bbox 1229 2099 1350 2133; x_wconf 86' lang='lat' dir='ltr'><strong>saltem</strong></span> <span class='ocrx_word' id='word_1_281' title='bbox 1379 2110 1442 2143; x_wconf 84' lang='lat' dir='ltr'><strong>per</strong></span> 
     </span>
     <span class='ocr_line' id='line_1_32' title="bbox 52 2161 1440 2210; baseline 0.001 -12"><span class='ocrx_word' id='word_1_282' title='bbox 52 2165 271 2198; x_wconf 85' lang='lat' dir='ltr'><strong>sanctitatem</strong></span> <span class='ocrx_word' id='word_1_283' title='bbox 307 2161 501 2202; x_wconf 83' lang='lat' dir='ltr'><strong>attraheret</strong></span> <span class='ocrx_word' id='word_1_284' title='bbox 539 2163 755 2205; x_wconf 81' lang='lat' dir='ltr'><strong>simulatam,</strong></span> <span class='ocrx_word' id='word_1_285' title='bbox 805 2163 1046 2208; x_wconf 81' lang='lat' dir='ltr'><strong>praedictique</strong></span> <span class='ocrx_word' id='word_1_286' title='bbox 1081 2163 1198 2210; x_wconf 85' lang='lat' dir='ltr'><strong>Sergii</strong></span> <span class='ocrx_word' id='word_1_287' title='bbox 1240 2165 1304 2197; x_wconf 81' lang='lat' dir='ltr'><strong>viri</strong></span> <span class='ocrx_word' id='word_1_288' title='bbox 1338 2164 1440 2199; x_wconf 85' lang='lat' dir='ltr'><strong>valde</strong></span> 
     </span>
     <span class='ocr_line' id='line_1_33' title="bbox 51 2227 1440 2274; baseline 0.001 -11"><span class='ocrx_word' id='word_1_289' title='bbox 51 2228 233 2274; x_wconf 88' lang='lat' dir='ltr'><strong>prudentis</strong></span> <span class='ocrx_word' id='word_1_290' title='bbox 257 2228 416 2263; x_wconf 85' lang='lat' dir='ltr'><strong>consiliis</strong></span> <span class='ocrx_word' id='word_1_291' title='bbox 442 2227 671 2265; x_wconf 84' lang='lat' dir='ltr'><strong>adhaerebat.</strong></span> <span class='ocrx_word' id='word_1_292' title='bbox 716 2228 829 2273; x_wconf 77' lang='lat' dir='ltr'><strong>ipsum</strong></span> <span class='ocrx_word' id='word_1_293' title='bbox 865 2230 953 2263; x_wconf 90' lang='lat' dir='ltr'><strong>enim</strong></span> <span class='ocrx_word' id='word_1_294' title='bbox 979 2229 1185 2263; x_wconf 84' lang='lat' dir='ltr'><strong>abscondite</strong></span> <span class='ocrx_word' id='word_1_295' title='bbox 1221 2240 1360 2264; x_wconf 85' lang='lat' dir='ltr'><strong>manere</strong></span> <span class='ocrx_word' id='word_1_296' title='bbox 1387 2230 1440 2264; x_wconf 83' lang='lat' dir='ltr'><strong>fa-</strong></span> 
     </span>
     <span class='ocr_line' id='line_1_34' title="bbox 53 2293 1438 2340; baseline 0 -12"><span class='ocrx_word' id='word_1_297' title='bbox 53 2293 169 2329; x_wconf 87' lang='lat' dir='ltr'><strong>ciebat</strong></span> <span class='ocrx_word' id='word_1_298' title='bbox 189 2298 224 2329; x_wconf 90' lang='lat' dir='ltr'><strong>et</strong></span> <span class='ocrx_word' id='word_1_299' title='bbox 250 2293 298 2328; x_wconf 85' lang='lat' dir='ltr'><strong>ab</strong></span> <span class='ocrx_word' id='word_1_300' title='bbox 320 2304 362 2329; x_wconf 89' lang='lat' dir='ltr'><strong>eo</strong></span> <span class='ocrx_word' id='word_1_301' title='bbox 390 2296 506 2328; x_wconf 90' lang='lat' dir='ltr'><strong>omnia</strong></span> <span class='ocrx_word' id='word_1_302' title='bbox 531 2294 733 2340; x_wconf 84' lang='lat' dir='ltr'><strong>requirebat</strong></span> <span class='ocrx_word' id='word_1_303' title='bbox 761 2299 795 2329; x_wconf 92' lang='lat' dir='ltr'><strong>et</strong></span> <span class='ocrx_word' id='word_1_304' title='bbox 820 2294 950 2339; x_wconf 89' lang='lat' dir='ltr'><strong>populo</strong></span> <span class='ocrx_word' id='word_1_305' title='bbox 977 2294 1155 2329; x_wconf 83' lang='lat' dir='ltr'><strong>referebat</strong></span> <span class='ocrx_word' id='word_1_306' title='bbox 1182 2305 1222 2329; x_wconf 86' lang='lat' dir='ltr'><strong>ac</strong></span> <span class='ocrx_word' id='word_1_307' title='bbox 1243 2295 1438 2330; x_wconf 84' lang='lat' dir='ltr'><strong>Gabrielem</strong></span> 
     </span>
     <span class='ocr_line' id='line_1_35' title="bbox 50 2359 1438 2406; baseline 0.001 -12"><span class='ocrx_word' id='word_1_308' title='bbox 50 2359 297 2405; x_wconf 81' lang='lat' dir='ltr'><strong>archangelum</strong></span> <span class='ocrx_word' id='word_1_309' title='bbox 316 2370 390 2394; x_wconf 84' lang='lat' dir='ltr'><strong>eum</strong></span> <span class='ocrx_word' id='word_1_310' title='bbox 409 2360 622 2403; x_wconf 86' lang='lat' dir='ltr'><strong>nominabat,</strong></span> <span class='ocrx_word' id='word_1_311' title='bbox 641 2365 675 2395; x_wconf 87' lang='lat' dir='ltr'><strong>et</strong></span> <span class='ocrx_word' id='word_1_312' title='bbox 693 2359 959 2406; x_wconf 80' lang='lat' dir='ltr'><strong>sicMagumeth</strong></span> <span class='ocrx_word' id='word_1_313' title='bbox 976 2363 1084 2394; x_wconf 91' lang='lat' dir='ltr'><strong>totius</strong></span> <span class='ocrx_word' id='word_1_314' title='bbox 1108 2362 1223 2406; x_wconf 86' lang='lat' dir='ltr'><strong>gentis</strong></span> <span class='ocrx_word' id='word_1_315' title='bbox 1244 2361 1337 2394; x_wconf 82' lang='lat' dir='ltr'><strong>illius</strong></span> <span class='ocrx_word' id='word_1_316' title='bbox 1355 2372 1438 2405; x_wconf 89' lang='lat' dir='ltr'><strong>pro-</strong></span> 
     </span>
     <span class='ocr_line' id='line_1_36' title="bbox 50 2424 1436 2471; baseline 0 -12"><span class='ocrx_word' id='word_1_317' title='bbox 50 2424 188 2471; x_wconf 85' lang='lat' dir='ltr'><strong>phetam</strong></span> <span class='ocrx_word' id='word_1_318' title='bbox 209 2434 247 2459; x_wconf 86' lang='lat' dir='ltr'><strong>se</strong></span> <span class='ocrx_word' id='word_1_319' title='bbox 273 2424 469 2459; x_wconf 88' lang='lat' dir='ltr'><strong>simulando</strong></span> <span class='ocrx_word' id='word_1_320' title='bbox 495 2426 645 2460; x_wconf 90' lang='lat' dir='ltr'><strong>obtinuit</strong></span> <span class='ocrx_word' id='word_1_321' title='bbox 672 2427 902 2470; x_wconf 86' lang='lat' dir='ltr'><strong>principatum</strong></span> <span class='ocrx_word' id='word_1_322' title='bbox 930 2437 1120 2471; x_wconf 90' lang='lat' dir='ltr'><strong>omnesque</strong></span> <span class='ocrx_word' id='word_1_323' title='bbox 1140 2426 1207 2460; x_wconf 88' lang='lat' dir='ltr'><strong>sibi</strong></span> <span class='ocrx_word' id='word_1_324' title='bbox 1232 2430 1357 2470; x_wconf 86' lang='lat' dir='ltr'><strong>sponte</strong></span> <span class='ocrx_word' id='word_1_325' title='bbox 1383 2426 1436 2460; x_wconf 82' lang='lat' dir='ltr'><strong>vcl</strong></span> 
     </span>
     <span class='ocr_line' id='line_1_37' title="bbox 48 2489 1436 2537; baseline 0.001 -13"><span class='ocrx_word' id='word_1_326' title='bbox 48 2491 172 2524; x_wconf 89' lang='lat' dir='ltr'><strong>timore</strong></span> <span class='ocrx_word' id='word_1_327' title='bbox 187 2489 298 2536; x_wconf 83' lang='lat' dir='ltr'><strong>gladii</strong></span> <span class='ocrx_word' id='word_1_328' title='bbox 313 2489 553 2533; x_wconf 85' lang='lat' dir='ltr'><strong>crediderunt;</strong></span> <span class='ocrx_word' id='word_1_329' title='bbox 572 2495 606 2526; x_wconf 88' lang='lat' dir='ltr'><strong>et</strong></span> <span class='ocrx_word' id='word_1_330' title='bbox 627 2491 719 2525; x_wconf 89' lang='lat' dir='ltr'><strong>istud</strong></span> <span class='ocrx_word' id='word_1_331' title='bbox 739 2493 853 2526; x_wconf 83' lang='lat' dir='ltr'><strong>verius</strong></span> <span class='ocrx_word' id='word_1_332' title='bbox 867 2496 933 2532; x_wconf 89' lang='lat' dir='ltr'><strong>est,</strong></span> <span class='ocrx_word' id='word_1_333' title='bbox 957 2501 1058 2537; x_wconf 89' lang='lat' dir='ltr'><strong>quam</strong></span> <span class='ocrx_word' id='word_1_334' title='bbox 1081 2491 1179 2532; x_wconf 86' lang='lat' dir='ltr'><strong>illud,</strong></span> <span class='ocrx_word' id='word_1_335' title='bbox 1202 2490 1292 2535; x_wconf 90' lang='lat' dir='ltr'><strong>quod</strong></span> <span class='ocrx_word' id='word_1_336' title='bbox 1311 2490 1436 2525; x_wconf 89' lang='lat' dir='ltr'><strong>dictum</strong></span> 
     </span>
     <span class='ocr_line' id='line_1_38' title="bbox 51 2554 1435 2602; baseline 0.001 -13"><span class='ocrx_word' id='word_1_337' title='bbox 51 2558 105 2590; x_wconf 88' lang='lat' dir='ltr'><strong>est</strong></span> <span class='ocrx_word' id='word_1_338' title='bbox 121 2555 165 2590; x_wconf 89' lang='lat' dir='ltr'><strong>de</strong></span> <span class='ocrx_word' id='word_1_339' title='bbox 185 2554 356 2597; x_wconf 88' lang='lat' dir='ltr'><strong>columba,</strong></span> <span class='ocrx_word' id='word_1_340' title='bbox 387 2559 421 2590; x_wconf 89' lang='lat' dir='ltr'><strong>et</strong></span> <span class='ocrx_word' id='word_1_341' title='bbox 439 2556 489 2590; x_wconf 91' lang='lat' dir='ltr'><strong>sic</strong></span> <span class='ocrx_word' id='word_1_342' title='bbox 507 2560 560 2590; x_wconf 89' lang='lat' dir='ltr'><strong>est</strong></span> <span class='ocrx_word' id='word_1_343' title='bbox 578 2556 773 2591; x_wconf 84' lang='lat' dir='ltr'><strong>tenendum.</strong></span> <span class='ocrx_word' id='word_1_344' title='bbox 823 2556 1028 2591; x_wconf 89' lang='lat' dir='ltr'><strong>Praedictus</strong></span> <span class='ocrx_word' id='word_1_345' title='bbox 1047 2558 1156 2602; x_wconf 79' lang='lat' dir='ltr'><strong>igitur</strong></span> <span class='ocrx_word' id='word_1_346' title='bbox 1174 2556 1333 2601; x_wconf 81' lang='lat' dir='ltr'><strong>Sergius,</strong></span> <span class='ocrx_word' id='word_1_347' title='bbox 1361 2566 1435 2590; x_wconf 87' lang='lat' dir='ltr'><strong>cum</strong></span> 
     </span>
     <span class='ocr_line' id='line_1_39' title="bbox 47 2620 1433 2664; baseline 0.001 -10"><span class='ocrx_word' id='word_1_348' title='bbox 47 2620 238 2655; x_wconf 88' lang='lat' dir='ltr'><strong>monachus</strong></span> <span class='ocrx_word' id='word_1_349' title='bbox 273 2625 387 2664; x_wconf 87' lang='lat' dir='ltr'><strong>esset,</strong></span> <span class='ocrx_word' id='word_1_350' title='bbox 423 2621 552 2663; x_wconf 89' lang='lat' dir='ltr'><strong>voluit,</strong></span> <span class='ocrx_word' id='word_1_351' title='bbox 586 2625 622 2655; x_wconf 92' lang='lat' dir='ltr'><strong>ut</strong></span> <span class='ocrx_word' id='word_1_352' title='bbox 655 2621 824 2656; x_wconf 88' lang='lat' dir='ltr'><strong>Saraceni</strong></span> <span class='ocrx_word' id='word_1_353' title='bbox 856 2621 1051 2655; x_wconf 87' lang='lat' dir='ltr'><strong>monachali</strong></span> <span class='ocrx_word' id='word_1_354' title='bbox 1086 2621 1209 2655; x_wconf 88' lang='lat' dir='ltr'><strong>habitu</strong></span> <span class='ocrx_word' id='word_1_355' title='bbox 1243 2625 1433 2663; x_wconf 87' lang='lat' dir='ltr'><strong>uterentur,</strong></span> 
     </span>
     <span class='ocr_line' id='line_1_40' title="bbox 47 2686 1435 2732; baseline 0.001 -11"><span class='ocrx_word' id='word_1_356' title='bbox 47 2686 183 2722; x_wconf 85' lang='lat' dir='ltr'><strong>scilicet</strong></span> <span class='ocrx_word' id='word_1_357' title='bbox 206 2687 327 2722; x_wconf 87' lang='lat' dir='ltr'><strong>cucula</strong></span> <span class='ocrx_word' id='word_1_358' title='bbox 361 2688 437 2722; x_wconf 85' lang='lat' dir='ltr'><strong>sine</strong></span> <span class='ocrx_word' id='word_1_359' title='bbox 467 2688 633 2732; x_wconf 82' lang='lat' dir='ltr'><strong>capucio,</strong></span> <span class='ocrx_word' id='word_1_360' title='bbox 670 2690 704 2722; x_wconf 89' lang='lat' dir='ltr'><strong>et</strong></span> <span class='ocrx_word' id='word_1_361' title='bbox 737 2690 774 2721; x_wconf 87' lang='lat' dir='ltr'><strong>ut</strong></span> <span class='ocrx_word' id='word_1_362' title='bbox 808 2688 920 2721; x_wconf 87' lang='lat' dir='ltr'><strong>instar</strong></span> <span class='ocrx_word' id='word_1_363' title='bbox 958 2686 1202 2721; x_wconf 88' lang='lat' dir='ltr'><strong>monachorum</strong></span> <span class='ocrx_word' id='word_1_364' title='bbox 1241 2686 1366 2721; x_wconf 79' lang='lat' dir='ltr'><strong>inultas</strong></span> <span class='ocrx_word' id='word_1_365' title='bbox 1401 2692 1435 2722; x_wconf 85' lang='lat' dir='ltr'><strong>et</strong></span> 
     </span>
    </p>
   </div>
  </div>
 </body>
</html>
