1742 3005
257 92 339 131 412
471 93 566 143 Cap.
596 93 729 131 xcvi.
790 76 850 130 De
882 98 1014 130 sancta
1044 93 1167 132 Maria
1197 94 1446 146 magdalena.

256 201 288 234 ei
315 198 440 233 obvius
464 196 550 238 fuit,
578 198 635 241 qui
663 198 738 231 viso
764 199 867 243 signo
895 200 1009 232 crucis
1034 200 1070 232 in
1096 198 1239 234 humero
1264 210 1349 243 suo,
1391 200 1449 245 qui
1484 201 1579 234 esset
1613 202 1647 233 et

254 264 344 298 unde
369 264 525 305 veniret,
557 263 758 297 sciscitatus
795 268 859 299 est.
910 264 976 304 Qui
1010 265 1126 299 omnia
1157 265 1226 298 sibi
1252 276 1316 309 per
1340 265 1495 300 ordinem
1523 274 1646 298 narra-

254 332 323 371 vit,
358 330 414 363 cui
440 328 584 363 Petrus:
620 339 690 374 pax
713 329 779 363 tibi
805 329 885 372 fiat,
921 330 1011 365 bene
1039 330 1166 365 venisti
1192 333 1226 364 et
1250 330 1329 364 utili
1354 331 1503 365 consilio
1531 330 1646 366 eredi-

252 395 336 429 disti
360 406 422 429 nec
448 394 596 429 moleste
625 395 737 438 feras,
774 397 805 430 si
831 395 957 431 mulier
981 400 1043 430 tua
1067 395 1213 437 dormit,
1244 396 1275 429 si
1307 397 1476 440 parvulus
1501 408 1577 432 cum
1604 407 1646 431 ea

252 462 421 507 quiescit,
458 464 584 505 potens
626 462 715 496 enim
749 466 802 496 est
840 461 1021 504 dominus,
1061 462 1117 496 cui
1151 461 1242 503 vult,
1285 460 1377 495 dona
1411 461 1518 504 dare,
1563 462 1647 496 data

251 526 410 568 auferre,
443 526 565 560 ablata
598 528 804 571 restituere,
841 532 875 563 et
898 538 1094 562 moerorem
1119 530 1215 561 tuum
1239 528 1275 560 in
1302 526 1469 572 gaudium
1494 537 1644 562 commu-

249 581 337 628 tare.
386 592 511 627 Petrus
547 596 662 627 antem
699 595 810 638 ipsum
845 595 879 628 in
909 593 1186 638 Hierosolymam
1224 592 1323 627 duxit
1355 597 1390 628 et
1414 595 1530 628 omnia
1553 593 1645 636 loca,

249 660 284 692 in
309 659 436 703 quibus
463 658 624 693 Christus
652 660 870 703 praedicavit
897 664 931 694 et
964 659 1133 693 miracula
1167 658 1269 701 fecit,
1304 658 1416 693 locum
1453 661 1577 702 etiam,
1610 661 1646 694 in

249 735 317 769 quo
344 734 471 768 passus
499 728 552 758 est
578 729 611 758 et
639 726 672 758 in
698 736 767 769 quo
797 724 917 759 coelos
953 725 1162 768 adscendit,
1196 725 1309 760 eidem
1343 725 1516 768 ostendit,
1552 736 1645 760 cum-

249 800 315 835 que
344 789 386 824 de
413 789 480 824 lide
506 789 632 824 fuisset
657 791 846 824 instructus
875 790 1067 835 diligenter
1095 800 1116 824 a
1139 790 1257 834 Petro,
1282 791 1415 826 biennii
1438 793 1552 835 spatio
1570 792 1644 836 jam

248 855 371 900 elapso
403 866 526 890 navem
554 855 742 890 adscendit
770 858 968 901 repatriare
993 866 1134 892 curans,
1183 855 1264 890 Cum
1289 858 1400 902 igitur
1423 857 1644 902 navigarent,

247 921 387 955 domino
415 921 623 966 disponente
642 923 748 967 juxta
775 922 918 963 collem,
954 923 989 956 in
1028 933 1096 968 quo
1129 932 1257 967 corpus
1291 923 1412 956 uxoris
1437 932 1512 956 cum
1536 933 1645 966 puero

246 988 398 1032 positum
425 987 559 1029 fuerat,
586 993 838 1032 pervenerunt,
873 989 932 1033 qui
957 998 1061 1032 prece
1090 992 1122 1023 et
1150 990 1265 1033 pretio
1299 998 1360 1023 eos
1387 987 1435 1021 ibi
1461 985 1506 1022 ad
1530 988 1645 1033 appli-

246 1053 392 1087 candum
418 1052 565 1087 induxit.
615 1053 786 1088 Puernlus
812 1057 927 1089 autem
952 1053 1080 1088 ibidem
1114 1064 1135 1088 a
1160 1054 1278 1089 Maria
1304 1042 1522 1100 Ma‘gtlalena
1548 1056 1643 1088 ineo-

246 1119 347 1152 lumis
375 1123 604 1153 conservatus
631 1119 834 1164 frequenter
869 1119 914 1153 ad
945 1119 1043 1153 littus
1070 1121 1176 1154 maris
1202 1119 1419 1164 procedebat
1444 1124 1477 1154 et
1501 1120 1644 1164 ibidem,

245 1188 282 1218 ut
317 1195 505 1230 puerorum
537 1186 644 1218 moris
670 1189 744 1228 est,
781 1195 856 1220 cum
895 1185 1028 1230 lapillis
1054 1190 1088 1220 et
1111 1186 1245 1231 glareis
1270 1185 1391 1220 ludere
1416 1186 1541 1220 solitus
1568 1190 1645 1220 erat

247 1255 301 1293 et,
337 1261 412 1284 cum
447 1251 699 1296 applicuisset,
736 1251 822 1286 vidit
852 1251 1035 1297 puerulum
1071 1262 1166 1286 inore
1203 1252 1307 1285 solito
1333 1254 1367 1285 in
1392 1252 1510 1286 littore
1537 1254 1643 1286 maris

245 1327 320 1351 eum
346 1316 478 1361 lapillis
504 1316 700 1359 ludentem,
737 1322 772 1352 et
805 1317 888 1363 quid
923 1322 1040 1360 esset,
1075 1317 1242 1352 admirari
1276 1328 1344 1351 non
1378 1318 1564 1360 desinens,
1600 1318 1643 1353 de

245 1383 381 1428 scapha
403 1383 544 1418 exsiliit.
575 1383 681 1422 Quem
692 1383 814 1419 videns
827 1384 1007 1429 parvulus,
1027 1395 1101 1419 cum
1118 1393 1290 1429 nunquam
1301 1383 1373 1417 tale
1389 1383 1472 1428 quid
1483 1383 1643 1427 vidisset,

245 1451 390 1494 expavit
423 1454 457 1484 et
489 1449 534 1484 ad
566 1450 672 1484 solita
704 1441 825 1485 matris
857 1461 1042 1486 recurrens
1074 1450 1186 1485 ubera
1212 1450 1348 1484 occulte
1374 1448 1437 1483 sub
1464 1448 1643 1494 chlamyde

244 1515 418 1550 latitabat.
467 1515 679 1561 Peregrinus
705 1527 810 1560 vero,
837 1521 876 1551 nt
900 1517 1121 1552 manifestius
1147 1516 1293 1558 videret,
1322 1515 1403 1550 illuc
1430 1517 1583 1558 accessit
1607 1519 1641 1549 et

244 1582 425 1627 puerulum
452 1581 719 1626 pulcherrimum
746 1584 866 1617 matris
898 1583 1011 1618 ubera
1043 1587 1226 1629 sugentem
1251 1583 1382 1616 invenit
1407 1587 1441 1616 et
1464 1582 1639 1626 accipiens

245 1658 386 1692 puerum
420 1649 487 1682 ait:
522 1660 541 1682 ο
577 1648 683 1683 beata
706 1648 824 1683 Maria
848 1649 1087 1695 Magdalena,
1128 1659 1230 1694 quam
1256 1648 1340 1683 felix
1367 1658 1501 1690 essem,
1537 1657 1639 1692 quam

243 1713 325 1747 milii
357 1718 481 1748 cuncta
505 1724 679 1759 prospera
704 1714 951 1758 advenissent,
988 1717 1018 1748 si
1052 1715 1176 1749 mulier
1209 1716 1403 1759 respiraret
1439 1718 1473 1748 et
1507 1724 1640 1748 mecum

239 1781 441 1823 repatriare
475 1781 620 1815 valeret.
671 1780 752 1814 Scio
789 1781 970 1825 equidem,
1016 1782 1089 1814 scio
1131 1783 1165 1814 et
1206 1780 1327 1824 procul
1374 1779 1480 1813 dubio
1519 1779 1637 1821 credo,

244 1845 336 1891 quod
361 1849 419 1888 tu,
456 1848 514 1891 qui
548 1857 692 1890 puerum
726 1845 854 1879 dedisti
887 1850 922 1880 et
946 1847 981 1879 in
1007 1845 1072 1879 liae
1098 1856 1182 1889 rupe
1208 1855 1270 1889 per
1296 1845 1469 1878 biennium
1495 1846 1637 1888 pavisti,

244 1912 378 1955 poteris
414 1915 558 1945 matrem
596 1921 693 1946 suam
726 1922 829 1956 prece
865 1916 925 1946 tua
959 1912 1129 1956 pristinae
1166 1913 1352 1946 restituere
1381 1912 1535 1944 sanitati.
1583 1910 1638 1945 Ad

242 1961 327 2011 llaec
358 1977 466 2011 verba
492 1978 615 2012 mulier
641 1979 832 2022 respiravit
857 1982 891 2013 et
916 1979 1018 2023 quasi
1044 1987 1066 2011 a
1090 1987 1210 2011 somno
1235 1977 1409 2022 evigilans
1425 1978 1493 2010 ait:
1520 1977 1637 2021 magni

241 2044 355 2078 meriti
393 2054 452 2085 es,
488 2043 593 2077 beata
623 2043 740 2079 Maria
775 2043 1011 2090 Magdalena‚
1050 2046 1085 2077 et
1117 2043 1302 2089 gloriosa,
1340 2053 1430 2088 quae
1456 2044 1491 2076 in
1514 2046 1638 2087 partus

240 2111 306 2144 mei
333 2112 509 2154 pressuris
537 2109 738 2144 obstetricis
764 2110 953 2154 implevisti
980 2108 1131 2143 officium
1166 2112 1200 2144 et
1229 2111 1263 2143 in
1298 2109 1457 2143 omnibus
1482 2109 1636 2143 necessi-

240 2176 372 2210 tatibus
390 2176 539 2210 ancillae
565 2177 744 2211 servitium
773 2176 935 2220 explesti.
987 2176 1061 2215 Quo
1087 2175 1208 2209 audito
1225 2174 1436 2220 Peregrinus
1457 2174 1635 2209 admirans

239 2243 308 2275 ait:
343 2243 478 2276 vivisne
510 2252 598 2275 uxor
633 2253 711 2276 mea
742 2242 897 2277 dilecta?
946 2242 1010 2276 Cui
1044 2241 1124 2275 illa:
1159 2242 1239 2275 vivo
1272 2241 1433 2286 equidem
1475 2243 1510 2275 et
1545 2250 1634 2274 nune

240 2309 351 2353 primo
379 2307 421 2341 de
449 2309 749 2353 peregrinatione,
778 2307 820 2342 de
847 2318 916 2353 qua
942 2312 976 2342 et
1003 2311 1039 2341 tu
1066 2308 1204 2348 venisti,
1232 2308 1346 2349 venio,
1373 2312 1408 2342 et
1434 2308 1524 2341 sicut
1548 2306 1634 2341 bea-

237 2378 294 2408 tus
319 2373 443 2408 Petrus
468 2377 504 2408 te
529 2373 801 2418 Hierosolymam
831 2372 931 2406 duxit
954 2376 989 2407 et
1012 2374 1128 2407 omnia
1151 2373 1242 2415 loca,
1268 2373 1303 2406 in
1328 2372 1453 2418 quibus
1475 2371 1633 2408 Christus

238 2451 365 2484 passus
391 2443 464 2483 est,
490 2444 646 2473 mortuus
672 2443 706 2473 et
731 2439 909 2484 sepultus,
937 2443 972 2474 et
996 2439 1067 2473 alia
1094 2439 1195 2483 plura
1218 2438 1296 2472 loca
1322 2438 1494 2480 ostendit,
1522 2439 1572 2471 sic
1597 2440 1632 2470 et

237 2518 304 2551 ego
332 2517 401 2540 una
425 2516 499 2539 cum
523 2505 630 2539 beata
654 2504 771 2540 Maria
797 2505 1013 2551 Magdalena
1046 2505 1134 2539 duce
1171 2507 1205 2538 et
1230 2504 1355 2538 comite
1378 2503 1553 2539 vobiscum
1581 2502 1627 2535 sui

238 2576 271 2603 et
294 2575 484 2616 conspecta
514 2572 701 2606 memoriae
737 2571 985 2607 commendavi.
1033 2570 1079 2607 Et
1114 2571 1284 2615 incipiens
1319 2569 1398 2603 loca
1421 2567 1559 2609 omnia,
1595 2569 1627 2601 in

238 2635 363 2679 quibus
389 2637 549 2671 (Ilii-istus
575 2648 702 2681 passus
728 2641 804 2680 est,
830 2641 865 2671 et
891 2636 1078 2679 miracula,
1106 2646 1196 2681 quae
1220 2635 1376 2675 viderat,
1410 2631 1499 2667 adeo
1526 2632 1627 2677 plene

237 2701 425 2746 explicuit,
453 2706 489 2735 ut
514 2713 576 2736 nec
602 2705 634 2737 in
661 2703 781 2747 aliquo
808 2702 977 2738 deviaret.
1025 2702 1122 2737 Tunc
1144 2701 1355 2746 Peregrinus
1380 2702 1524 2743 recepta
1545 2710 1625 2734 con»
