1742 3005
246 99 319 136 134
379 101 471 149 Cap.
507 100 678 137 xxvnl.
738 102 795 137 De
826 101 1070 139 conversione
1101 102 1219 138 sancti
1252 101 1358 137 Pauli
1391 101 1567 151 apostoli.

240 204 289 238 ‹tit
315 205 390 248 ejus
418 204 608 238 mirabilem
633 205 861 249 sapientiam,
892 205 1060 240 mirabilis
1085 210 1173 242 euim
1201 209 1375 253 sapientia
1404 207 1467 241 suit
1492 209 1524 240 in
1554 205 1630 240 lior.

243 270 325 313 quia
350 271 461 313 ipsum
489 278 509 302 a
533 273 666 304 tumore
692 270 880 315 superbiae
907 270 1033 316 dejecit
1067 273 1246 308 offerendo
1273 273 1388 307 infima
1413 273 1630 307 humilitatis.

243 346 310 368 uon
335 334 496 369 sublimia
523 336 727 380 majestatis,
780 336 878 382 Ego,
905 339 1036 382 inquit,
1077 348 1150 372 sum
1175 338 1278 373 Jesus
1305 338 1506 373 Nazarenus
1533 349 1632 384 quem

245 405 277 433 tu
304 402 528 446 persequeris
550 405 614 436 etc.
666 401 815 437 Glossa:
842 414 910 437 non
938 403 1042 438 Deum
1073 404 1123 437 vel
1151 403 1214 438 Dei
1232 404 1336 438 tilium
1363 414 1400 439 se
1430 408 1541 440 vocat.
1571 404 1631 438 seit

245 465 464 509 humilitatis,
505 469 635 512 inquit,
662 478 759 504 meae
785 471 924 514 suscipe
949 469 1064 503 infima
1091 473 1125 504 et
1150 469 1338 515 superbiae
1363 474 1444 504 tuae
1470 480 1634 515 squamas

245 531 391 576 depone.
440 533 561 568 Tertio
587 533 634 567 ibi
661 534 811 569 ostendit
836 546 932 570 suam
959 535 1151 570 mirabilem
1176 535 1412 578 clementiam,
1454 535 1547 581 quod
1573 546 1631 569 no-

245 602 338 632 tatur
369 610 410 634 ex
436 598 522 641 hoe,
573 600 664 646 quod
702 602 812 646 ipsum
840 602 1064 636 exsistentem
1091 603 1123 635 iu
1151 606 1228 636 actu
1255 605 1287 636 et
1311 596 1489 636 voluntate
1514 611 1633 646 perse-

246 665 373 708 quendi
399 667 580 700 convertit.
629 666 728 701 Licet
752 669 841 702 enim
868 666 1014 702 haberet
1040 667 1227 702 desomnem
1255 667 1434 709 affectum,
1463 668 1545 712 quia
1562 668 1634 711 spi>

248 740 328 763 raus
356 732 521 764 minarum
549 735 583 765 et
607 731 726 766 caedis
753 743 952 777 perversum
980 737 1161 776 conatum5
1188 735 1270 779 quia
1296 734 1443 767 accessit
1461 732 1512 766 -ad
1541 733 1631 777 priu-

246 797 342 839 ripes
368 800 431 829 ete.
448 824 455 837 ‚
483 797 584 840 quasi
609 808 647 831 se
672 798 849 843 ingerens,
875 799 1106 842 perniciosmn
1127 803 1262 840 actum,
1291 799 1374 843 quia
1399 797 1473 831 ibat
1500 802 1535 831 ut
1562 799 1635 831 vin-

247 865 320 894 etus
341 861 547 906 perduceret
565 863 598 896 in
618 862 836 898 ,iherusalem
857 867 890 898 et
909 863 988 898 ideo
1017 864 1093 908 ejus
1114 865 1180 897 iter
1203 865 1387 908 pessimum
1409 865 1497 905 erat,
1526 864 1635 907 ipsum

249 932 359 961 tamen
385 927 503 963 divina
523 928 762 964 misericordia
784 930 965 964 convertit.
1010 928 1170 964 Secundo
1192 929 1255 963 fuit
1275 928 1486 963 miraculosa
1502 929 1637 962 ratione

248 993 485 1038 disponentiS,
536 995 569 1029 id
595 999 649 1030 est
672 995 780 1036 lueis,
833 1004 923 1039 quae
950 996 1061 1040 ipsum
1089 994 1132 1029 ad
1159 996 1419 1030 conversionem
1445 994 1636 1039 disposuit:

248 1061 326 1103 ipsa
352 1061 440 1094 enim
467 1061 525 1095 iux
553 1061 678 1095 dicitur
703 1060 811 1095 fuisse
837 1060 974 1104 subita,
1010 1062 1173 1095 immensa
1197 1065 1230 1095 et
1255 1060 1407 1102 coelica3
1449 1064 1482 1095 et
1508 1060 1635 1095 subito.

250 1126 372 1170 inquit,
400 1127 626 1161 circumfulsit
650 1137 725 1162 eum
750 1127 808 1161 lux
834 1127 875 1161 de
901 1126 1010 1162 coelo.
1069 1126 1197 1161 Paulus
1224 1128 1312 1160 enim
1338 1128 1404 1160 tria
1430 1127 1517 1160 vitia
1540 1127 1574 1160 in
1600 1137 1637 1161 se

250 1190 424 1235 hahebat,
461 1194 604 1238 primum
630 1197 706 1228 erat
730 1192 897 1235 audacia,
944 1192 1037 1238 quod
1062 1196 1202 1226 notatur
1225 1193 1257 1226 in
1285 1191 1349 1226 hoe
1376 1192 1468 1237 quod
1495 1191 1638 1226 dicitur:

251 1259 465 1292 necessitati
493 1260 668 1304 principes
696 1258 915 1294 sacerdotum
942 1262 1006 1293 etc.
1082 1257 1229 1292 (ilossaz
1278 1269 1345 1292 non
1376 1261 1539 1300 vocatus,
1576 1257 1636 1292 sed

252 1327 375 1367 sponte
401 1324 478 1359 zelo
503 1327 699 1360 concitante
728 1336 814 1360 eum.
864 1323 1058 1359 Secundum
1084 1328 1160 1357 erat
1186 1323 1372 1368 superbia,
1420 1323 1511 1369 quod
1539 1327 1638 1357 nota-

253 1394 306 1423 tur
331 1391 362 1423 in
392 1389 468 1434 hoe,
495 1391 588 1437 quod
615 1390 740 1426 dieitur
763 1393 904 1436 spirans
929 1391 1096 1424 minarum
1122 1393 1187 1425 etc.
1236 1389 1391 1424 Tertium
1418 1392 1494 1424 erat
1516 1399 1639 1423 carna-

254 1456 295 1489 lis
322 1456 568 1502 intelligentia,
597 1467 697 1503 quam
725 1458 858 1492 scilieet
883 1459 916 1492 in
943 1456 1022 1502 lege
1046 1455 1210 1490 habebat.
1260 1455 1356 1491 Unde
1381 1455 1508 1490 (ilossa
1534 1465 1639 1500 super

253 1521 358 1556 illud:
407 1533 474 1568 ego
501 1534 573 1558 sum
597 1523 701 1559 ,Iesus
727 1527 789 1558 ete.
839 1522 915 1568 Ego
944 1522 1036 1556 Deus
1060 1521 1224 1556 coelestis
1249 1522 1395 1567 loquor,
1426 1532 1525 1567 quem
1548 1531 1633 1555 mor-

255 1593 344 1620 tuum
372 1592 473 1632 putas
498 1599 602 1622 sensu
622 1588 778 1633 judaico.
848 1588 931 1634 lpsa
959 1589 1066 1634 igitur
1092 1586 1149 1620 lux
1175 1586 1294 1621 divina
1330 1587 1393 1621 suit
1419 1587 1555 1623 subita.
1605 1591 1639 1621 ut

255 1653 419 1688 audacem
446 1658 616 1697 terreret,
654 1658 841 1697 immensa,
880 1658 915 1688 ut
941 1653 1120 1688 sublimem
1149 1657 1183 1687 et
1210 1653 1395 1698 superbum
1422 1655 1455 1686 in
1482 1654 1549 1686 ima
1578 1652 1631 1687 liuv

255 1719 410 1753 militatis
436 1724 695 1765 prosterneret,
726 1721 790 1755 fuit
817 1721 970 1762 coelica,
1006 1723 1043 1753 ut
1067 1719 1240 1754 carnalem
1271 1720 1346 1765 ejtts
1376 1721 1640 1766 intelligentiam

255 1788 286 1820 iu
312 1786 498 1821 coelestem
527 1791 686 1822 mutaret.
752 1787 814 1822 Vel
841 1789 957 1832 potest
984 1785 1049 1819 dici
1066 1813 1073 1826 ,
1130 1784 1223 1830 quod
1248 1785 1333 1819 illud
1359 1786 1549 1831 disponens
1580 1786 1640 1820 l'uit

255 1855 288 1885 iu
315 1851 437 1895 tribum,
463 1852 596 1888 scilicet
621 1855 655 1887 iu
683 1864 766 1888 voce
791 1853 976 1894 clamante,
1003 1853 1036 1885 in
1064 1851 1139 1885 luce
1168 1850 1336 1896 fulgente,
1364 1853 1398 1885 iu
1427 1853 1551 1886 virtute
1579 1862 1642 1896 po-

257 1919 394 1953 tentiue.
424 1917 545 1953 'sertio
573 1918 636 1952 suit
662 1919 871 1954 miraculosa
897 1918 1032 1952 ratione
1060 1917 1237 1961 patientis,
1259 1916 1292 1951 id
1319 1922 1373 1952 est
1397 1918 1506 1962 ipsius
1530 1917 1641 1958 Pauli,

256 1986 288 2017 in
317 1994 385 2028 quo
412 1984 505 2019 saeta
530 1989 584 2020 est
607 1986 790 2019 conversio
817 1987 907 2030 ipsa.
980 1983 1017 2018 In
1042 1993 1084 2017 eo
1117 1984 1205 2016 enim
1232 1982 1317 2018 haec
1344 1985 1410 2018 tria
1437 1983 1643 2017 miraculose

258 2052 410 2085 exterius
437 2050 531 2085 saeta
555 2055 646 2094 sunt,
674 2051 826 2086 scilicet:
852 2051 1056 2096 prostratio,
1083 2048 1287 2084 obcaecatio
1313 2053 1347 2084 et
1375 2048 1643 2094 triduanajeju-

256 2117 362 2151 natio.
410 2116 474 2152 Est
500 2120 588 2152 enim
617 2120 815 2162 prostratus
842 2119 877 2151 ut
903 2118 1073 2162 erigatur,
1100 2118 1262 2160 quantum
1289 2114 1332 2148 ad
1360 2114 1562 2160 depressum
1590 2114 1643 2148 as·

257 2181 392 2216 sectum.
440 2183 675 2227 Augustinus:
717 2186 916 2227 prostratus
941 2186 995 2216 est
1018 2180 1146 2216 Paulus
1172 2184 1209 2214 ut
1231 2183 1457 2222 caecaretur,
1483 2183 1645 2214 caecatus

256 2251 292 2281 ut
315 2251 529 2289 mutaretur,
556 2251 706 2282 mutatus
732 2252 785 2281 est
812 2251 847 2282 ut
875 2249 1088 2289 mitteretur,
1115 2247 1242 2280 missus
1267 2249 1322 2280 est
1348 2249 1385 2281 ut
1410 2256 1472 2291 pro
1498 2246 1645 2281 veritate

256 2316 444 2357 pateretur.
491 2312 573 2347 item
595 2313 831 2357 Augustinus:
866 2313 973 2347 elisus
1008 2315 1062 2347 est
1097 2313 1258 2347 saeviens
1293 2316 1328 2347 et
1354 2311 1467 2347 sactus
1493 2315 1547 2347 est
1570 2321 1643 2346 cre-

256 2379 362 2421 dens,
389 2379 496 2413 elisus
524 2383 576 2413 est
601 2378 702 2423 lupus
728 2382 762 2412 et
787 2378 898 2413 lactus
924 2382 976 2413 est
1001 2388 1137 2424 agnus,
1173 2378 1282 2413 elisus
1307 2381 1360 2413 est
1386 2381 1588 2423 persecutor
1613 2380 1646 2411 et

256 2446 368 2479 sactus
394 2449 444 2480 est
472 2444 714 2489 praedicator,
755 2445 862 2479 elisus
888 2448 941 2479 est
966 2444 1056 2480 tilius
1082 2443 1312 2489 perditionis,
1345 2447 1480 2480 erectus
1506 2447 1560 2478 est
1583 2451 1646 2477 vas

255 2511 447 2545 viee-tionis.
513 2509 577 2545 Est
603 2509 813 2545 obcaecatus
839 2513 876 2544 ut
898 2510 1112 2552 illustretur,
1167 2513 1331 2555 quantum
1357 2509 1401 2544 ad
1424 2507 1645 2544 tenebrosum

256 2576 488 2618 intellectum,
540 2575 629 2610 unde
652 2580 686 2610 et
711 2577 743 2609 in
770 2575 828 2609 illo
854 2575 992 2619 triduo,
1047 2585 1114 2620 quo
1141 2577 1288 2617 mansit,
1322 2576 1484 2609 caecatus
1509 2573 1646 2615 dicitur,

255 2640 345 2685 quod
372 2640 492 2675 doetus
521 2641 624 2675 suerit
651 2641 881 2688 evangelium.
945 2641 1019 2676 Non
1047 2643 1134 2676 enim
1163 2640 1245 2674 illud
1273 2639 1407 2684 aceepit
1439 2637 1482 2671 ul)
1510 2636 1646 2672 homine

255 2715 363 2751 nequ«-
391 2717 451 2750 per
478 2705 666 2750 hominem,
722 2711 754 2740 ut
782 2710 855 2752 ipsu
886 2711 1053 2750 testatur,
1107 2705 1166 2741 sed
1203 2715 1265 2749 per
1292 2704 1537 2740 revelationent
1564 2702 1647 2739 Jesu
