1742 3005
262 114 343 153 922
550 111 649 159 Cap.
672 108 845 146 CCXVI.
902 109 962 145 De
994 115 1123 145 sancta
1153 108 1366 146 Genovesa.

265 225 390 254 poscens
416 219 481 242 Deo
508 214 618 247 gratias
644 213 682 241 de
702 216 848 249 concepto
867 221 990 239 munere
1008 211 1110 239 retulit
1137 217 1165 239 et
1184 213 1276 240 beato
1295 212 1439 240 Marcello
1458 211 1657 240 reverentiam

265 265 302 289 de
320 260 465 292 religione
484 258 634 291 servavit,
654 258 726 285 dmn
745 268 812 285 euni
831 265 891 284 non
910 256 1017 290 talem,
1037 257 1088 290 qui
1108 258 1255 290 serviret,
1280 257 1335 284 sed
1354 256 1471 292 potius,
1498 258 1545 284 cni
1564 257 1658 284 sor-vi*

264 311 360 338 retur,
386 303 519 337 agnovit.
556 306 695 330 Matrona
721 301 870 336 quaedam
888 302 1030 337 prosapia
1054 302 1184 335 nobilis,
1212 301 1267 329 sed
1285 302 1429 337 opinione
1447 301 1533 334 vilis,
1558 311 1659 329 maon>

264 352 330 378 lans
358 349 496 381 crimine,
531 348 615 381 quod
636 347 772 380 fulgebat
799 356 835 374 ex
859 355 981 379 genere,
1016 351 1178 381 postquam
1204 346 1270 374 dies
1295 345 1442 379 fugitivae
1467 346 1548 373 vitae
1574 350 1661 380 rapta

264 396 330 422 luce
349 393 514 426 conclusit,
533 393 573 419 ad
593 393 740 419 tumulum
758 401 870 427 pompa
890 390 1051 419 comitante
1071 391 1126 418 sed
1144 400 1205 418 non
1222 390 1381 427 profutura
1400 390 1558 426 processit.
1596 394 1660 425 Quo

266 439 388 467 condita
418 439 559 465 horresco
594 436 727 464 reserens
759 437 817 464 hoc
852 436 1014 468 contigisse
1046 440 1117 471 post
1144 436 1266 468 funera,
1296 436 1366 470 qnia
1393 435 1506 471 duplex
1531 435 1662 462 nascitur

265 482 440 511 lamentatio
462 482 499 509 de
519 481 669 508 defuncta.
706 485 782 514 Ergo
809 481 848 508 ad
874 481 1053 508 sumendum
1080 483 1143 515 ejus
1167 482 1297 508 cadaver
1323 481 1425 516 coepit
1452 489 1576 515 serpens
1607 479 1662 506 im-

265 528 457 556 manissimus
477 527 685 560 trequentare,
705 531 734 554 et
752 531 785 554 ut
804 526 903 553 dicam
922 525 1046 557 clarius,
1073 526 1210 559 mulieri,
1237 528 1319 560 cujus
1339 525 1474 552 membra
1493 524 1591 552 bestia
1610 524 1663 551 de-

266 574 403 605 vorabat,
422 572 488 607 ipse
508 572 598 599 draco
618 571 715 599 sactus
735 571 899 606 sepultura,
919 580 978 604 quo
997 570 1064 597 viso
1084 571 1234 606 perterriti
1253 570 1388 598 homines
1409 570 1446 597 de
1464 569 1524 596 suis
1538 569 1662 596 sedibus

266 618 479 650 migraveriuit.
515 620 625 643 Beatus
644 615 734 648 igitur
752 615 912 642 Marcellus
931 614 1113 647 intelligens,
1133 625 1165 642 se
1180 616 1217 642 de
1235 619 1357 642 cruento
1374 615 1461 642 hoste
1478 614 1662 649 triumphum

267 662 433 696 acquirere,
461 661 587 688 collecta
605 660 696 695 plebe
717 660 754 687 de
773 661 897 687 civitate
916 660 1105 695 progreditur
1131 665 1159 688 et
1179 661 1292 688 relictis
1311 660 1429 688 civibus
1449 660 1479 687 in
1498 662 1661 694 prospectu

268 707 376 742 populi
402 706 485 733 solus
513 706 629 732 Christo
658 705 733 732 duce
758 705 796 731 ad
821 705 920 731 locum
944 709 1128 739 puguaturus
1154 706 1290 733 accessit.
1326 708 1362 732 Et
1389 715 1455 731 cum
1482 704 1606 731 coluber
1624 703 1662 729 de

268 752 345 779 silva
364 750 476 778 rediret
495 749 534 776 ad
552 750 716 782 tumulum,
743 750 905 776 obviantes
925 749 984 776 sibi
1002 749 1147 783 invicem,
1173 751 1263 777 dante
1290 749 1455 777 orationem
1473 749 1564 775 beato
1583 751 1661 774 Mar-

268 797 362 828 cello,
390 795 442 822 ille
469 794 567 828 capite
594 793 725 828 supplici
744 794 843 829 coepit
864 794 985 821 veniam
1003 794 1179 821 blandiente
1199 794 1294 821 cauda
1312 794 1436 829 precari.
1472 796 1556 819 Tunc
1575 802 1661 827 prae-

268 841 394 868 cedente
413 838 556 875 pontifice
574 839 705 865 bestiam
723 838 786 866 sere
804 839 901 866 tribus
921 839 1100 866 milliaribus
1120 847 1224 866 omnes
1239 838 1390 873 prosecuti
1405 842 1482 870 sunt,
1501 838 1660 865 reddentes

268 885 392 913 domino
420 885 529 917 gratias
557 889 587 911 et
613 885 766 912 solventes
793 884 950 918 exsequias
974 883 1107 911 inii-nico.
1142 883 1259 911 Deinde
1282 883 1442 918 increpans
1469 891 1536 909 eum
1554 883 1660 909 beatus

266 930 427 957 Marcellus
447 929 538 957 dixit:
564 930 602 956 ab
630 930 686 957 hac
710 929 759 956 die
786 934 836 956 aut
860 929 980 956 deserta
1006 933 1076 955 tene
1102 933 1153 956 aut
1177 928 1208 955 in
1234 938 1315 955 mare
1342 933 1371 955 te
1398 929 1545 960 demer'ge.
1591 930 1662 954 Mox

267 974 393 1002 dimissa
419 974 517 1000 bestia
543 973 625 1000 nulla
652 975 715 1007 ejus
742 974 868 1001 ulterius
895 974 1007 1001 indicia
1033 978 1102 1001 sunt
1129 973 1262 1000 iuventa.
1305 976 1379 1000 Eece
1406 973 1663 1007 propugnaculum

266 1019 382 1054 patriae
401 1019 431 1045 iu
451 1027 510 1045 uno
530 1018 694 1045 consistere
714 1019 887 1051 sacerdote,
915 1019 966 1052 qui
992 1018 1090 1051 fragili
1118 1018 1227 1045 baculo
1254 1018 1362 1045 fortius
1381 1018 1500 1045 hostem
1518 1017 1662 1049 edomuit,

268 1074 357 1097 quam
377 1063 401 1089 si
421 1062 550 1090 balistae
569 1062 802 1091 transfixissem.
838 1064 886 1091 Sic
914 1063 1002 1095 igitur
1029 1068 1198 1090 sanctorum
1222 1063 1355 1090 virorum
1382 1072 1419 1089 ex
1443 1062 1531 1090 sactis
1556 1062 1663 1089 merita

268 1107 475 1139 conserantur,
502 1106 626 1133 miretur
649 1108 825 1134 Marcellum
851 1108 961 1141 Gallia,
990 1109 1060 1135 dum
1080 1111 1174 1135 Roma
1194 1108 1386 1141 Silvestrnm,
1412 1107 1470 1135 nisi
1495 1108 1552 1134 hoo
1571 1107 1662 1134 distet

267 1154 298 1180 in
324 1162 431 1187 opere,
463 1151 545 1185 quod
580 1151 740 1179 draconem
766 1153 912 1185 sigillavit
944 1153 1010 1185 itte,
1043 1153 1100 1180 iste
1133 1153 1266 1186 jactavit.
1307 1153 1360 1180 llis
1389 1153 1489 1186 itaque
1519 1150 1664 1187 operibus

268 1202 388 1225 sanctus
407 1196 567 1223 Marcellus
587 1205 707 1231 semper
726 1197 867 1230 intentus,
888 1198 1117 1226 conversatione
1137 1198 1251 1229 clarus,
1271 1198 1528 1225 consummatione
1547 1198 1662 1232 praeci-

267 1251 361 1278 puus,
397 1242 585 1269 beatitudine
617 1241 781 1275 gloriosus,
814 1243 1054 1271 renumeratione
1086 1242 1217 1275 ditatus,
1259 1252 1326 1269 cum
1359 1247 1506 1277 perpetuo
1538 1242 1661 1269 domino

266 1291 458 1319 regnaturus,
483 1287 607 1314 vincens
626 1288 731 1314 mundi
751 1288 935 1321 contagium,
959 1288 1089 1315 mundus
1108 1287 1248 1320 migravit
1267 1287 1306 1313 ad
1326 1287 1473 1314 Christum
1493 1287 1541 1313 die
1561 1287 1660 1314 calen-

267 1333 371 1359 darum
399 1331 613 1359 Novembrium
640 1338 780 1364 regnante
808 1333 931 1361 domino
958 1338 1061 1361 nostro
1088 1336 1159 1361 Jesu
1185 1332 1316 1365 cliriSto,
1348 1331 1396 1358 cui
1428 1336 1473 1360 est
1504 1332 1599 1359 honor
1632 1337 1661 1358 et

266 1378 376 1410 gloria,
396 1377 493 1405 virtus
514 1381 543 1404 et
561 1381 707 1412 potestas.

691 1700 816 1763 GAP.
853 1700 1035 1763 ccxvl.
1079 1701 1230 1764 (213.)

445 1803 563 1846 De
621 1802 933 1847 sancta
990 1800 1507 1850 (ἴεοιιοῑτθΐει.ἱ

372 1909 526 1936 (tenovesa
546 1909 655 1936 dicitur
674 1919 689 1936 a
710 1918 814 1941 genos,
835 1914 864 1936 et
883 1908 946 1941 esa,
966 1909 1046 1942 quod
1065 1913 1108 1935 est
1130 1917 1282 1941 mensura,
1302 1910 1386 1942 quasi
1407 1910 1521 1935 habens
1539 1914 1656 1936 nntnrw

270 1954 309 1981 lia
328 1954 367 1981 ad
386 1962 553 1980 mensuram
574 1962 625 1980 seu
645 1953 875 1987 plenitudinem.
915 1957 981 1988 lpsa
1008 1954 1086 1980 enim
1114 1964 1150 1981 ex
1170 1953 1257 1980 bonis
1276 1954 1476 1985 naturalibus,
1503 1964 1578 1987 quae
1605 1956 1656 1982 ha<

268 1999 351 2031 huit,
375 1998 504 2025 faciliter
528 1998 582 2024 Dei
609 1998 701 2029 gratia
729 1997 889 2024 comitante
915 1999 1151 2032 supernaturalia
1177 2002 1221 2024 est
1248 2002 1394 2026 assecuta,
1430 1999 1485 2025 Vol
1512 1999 1621 2027 dicitur
1640 2010 1655 2026 a

269 2051 375 2075 genos,
395 2042 475 2075 quod
495 2047 540 2068 est
559 2043 653 2068 barba
673 2052 726 2069 seu
744 2041 889 2074 virilitas,
917 2047 945 2069 et
965 2043 1030 2076 esa,
1055 2042 1162 2070 effusio
1188 2052 1240 2070 seu
1260 2042 1431 2077 plenitudo,
1458 2044 1543 2076 quasi
1562 2043 1656 2072 effusa

270 2094 296 2114 et
319 2088 407 2122 plena
427 2087 654 2121 operationibus
674 2086 815 2114 virilibus
835 2091 862 2117 et
881 2086 1020 2116 sortibus.
1057 2092 1126 2123 Ipsa
1146 2089 1240 2120 enim,
1265 2092 1297 2114 ut
1323 2097 1360 2114 ex
1379 2089 1441 2122 ejus
1462 2089 1552 2119 gestis
1572 2090 1656 2116 colli-

270 2133 346 2165 gitur
365 2136 394 2158 et
413 2131 450 2157 de
471 2141 504 2157 ea
524 2131 554 2157 in
573 2131 701 2159 ecclesia
720 2131 850 2164 canitur,
879 2131 952 2167 ipsis
979 2131 1070 2160 etiam
1095 2132 1170 2161 viris
1196 2133 1384 2167 aliquatenus
1404 2133 1548 2161 imitanda
1567 2139 1657 2169 atque

269 2176 491 2212 aequiparanda
511 2180 566 2203 est.

369 2225 461 2249 Beata
487 2221 571 2253 virgo
602 2219 755 2247 Genovesa
781 2220 915 2248 honestis
942 2222 1132 2256 parentibus,
1159 2226 1244 2257 patre
1268 2224 1380 2250 Severo
1399 2223 1536 2256 nomine,
1562 2229 1656 2251 matre

269 2266 409 2294 Gerontia
428 2270 492 2293 orta
512 2265 592 2301 apud
611 2265 843 2292 Nametodorum
863 2266 1010 2301 oppidum
1028 2267 1109 2294 haud
1130 2267 1216 2299 longe
1235 2278 1250 2295 a
1271 2269 1429 2296 l'arisiensi
1447 2269 1521 2295 urbe
1541 2269 1655 2296 exstitit

268 2311 433 2346 progenita.
470 2313 547 2336 Dum
574 2314 673 2337 autem
699 2315 819 2338 sanctus
846 2313 1009 2338 Germanus
1035 2311 1309 2340 Autissiodorensis
1333 2314 1493 2349 episcopus
1525 2315 1654 2347 (puidam

269 2357 318 2383 die
336 2355 417 2390 apud
436 2354 592 2382 basilicam
613 2355 641 2381 in
661 2355 728 2389 ipso
747 2355 862 2390 oppido
882 2355 969 2383 sitam
989 2357 1093 2383 orandi
1113 2357 1205 2388 gratia
1225 2367 1256 2385 se
1277 2359 1462 2391 contulisset,
1482 2364 1654 2386 oecurrente

268 2400 402 2434 ejusdem
422 2399 480 2426 loni
500 2399 604 2434 populi
623 2400 815 2427 multitudine
834 2401 923 2427 simul
943 2401 1097 2428 Genovesa
1118 2402 1211 2430 affuit.
1249 2406 1344 2439 Quam
1364 2404 1487 2431 intuitus
1501 2403 1531 2430 in
1546 2403 1653 2438 spiritu

268 2450 387 2472 sanctus
414 2448 576 2472 Germanus
603 2445 821 2477 magnanimem
841 2446 1025 2473 Genovel‘am
1044 2447 1082 2473 ad
1109 2455 1140 2473 se
1168 2447 1277 2475 deduci
1303 2448 1501 2483 praecipiens,
1528 2449 1652 2476 circinu-

268 2490 358 2517 stanti
384 2490 497 2524 populo
525 2489 650 2516 electam
676 2500 691 2516 a
716 2493 779 2516 nvo
807 2499 949 2525 sponsam
974 2491 1121 2525 praedixit
1147 2492 1177 2518 in
1203 2494 1326 2526 ejusque
1352 2494 1510 2520 nativitate
1529 2494 1650 2525 angelos

267 2535 411 2562 cecinisse
430 2534 619 2561 denuntiavit
639 2544 672 2561 ac
691 2534 794 2561 felices
815 2539 914 2562 tantae
941 2535 1056 2563 sobolis
1084 2537 1288 2571 progenitores
1315 2538 1499 2572 praedicavit
1526 2537 1650 2565 inultos-

267 2590 323 2612 qu«.-
350 2580 412 2613 ejus
438 2579 584 2613 (exemplis
611 2590 625 2606 a
652 2579 716 2606 vita
743 2589 794 2607 sua
823 2580 899 2607 mala
919 2582 1139 2609 convertendos
1158 2582 1329 2611 affirmavit.
1367 2586 1448 2618 Quae
1467 2583 1536 2609 dnm
1556 2582 1593 2608 ab
1613 2591 1649 2608 eo

267 2624 426 2649 accersitur
444 2627 472 2649 et
493 2624 530 2651 de
548 2624 719 2656 virginitate,
739 2624 862 2652 coeli-sti
882 2635 993 2660 sponso
1014 2628 1218 2654 csmservanda
1239 2628 1430 2659 admonetur,
1455 2627 1487 2654 id
1512 2635 1543 2653 se
1567 2627 1648 2653 votis

266 2667 403 2694 omnibns
424 2678 540 2702 semper
558 2669 746 2696 desiderasse
766 2670 931 2703 respondit.
969 2671 1018 2699 Cui
1038 2672 1102 2698 ille:
1128 2672 1262 2704 consule,
1289 2672 1364 2704 lilia,
1391 2671 1518 2699 viriliter
1536 2680 1588 2702 age
1607 2677 1647 2703 et,

265 2710 346 2743 quod
372 2712 460 2738 corde
486 2712 582 2739 crudis
607 2718 633 2741 et
662 2722 711 2741 ore
738 2715 900 2749 profiteris,
933 2717 1075 2751 operibus
1103 2717 1298 2752 comprobare
1325 2715 1427 2748 stude,
1453 2714 1537 2743 dabit
1563 2716 1643 2743 enim
