1742 3005
211 75 293 115 376
414 76 510 126 Cap.
542 74 750 112 LXXXlX.
807 74 867 112 De
897 80 1028 111 sancto
1060 73 1173 113 Petro
1202 74 1391 125 apostolo.

212 185 345 217 trantes
379 185 500 225 portas
536 179 658 221 urbis,
694 177 835 213 indutos
871 179 1029 213 vestibus
1063 179 1312 214 luminositatis
1347 178 1401 213 vel
1429 180 1525 212 veste
1549 176 1604 210 lu-

213 249 314 282 minis
344 251 378 280 et
402 246 542 280 coronis
568 245 739 279 claritatis
767 248 801 279 et
819 244 908 278 lucis
927 247 1083 278 ornatos.
1131 243 1223 279 Haec
1241 244 1441 290 Dionysius.
1456 262 1605 269 ——-

214 317 262 351 3.
297 312 390 347 Nero
427 315 542 345 autem
574 320 643 344 non
678 311 866 355 impunitus
903 310 1039 344 exstitit
1072 318 1180 354 super
1209 309 1277 343 hoc
1300 309 1433 344 scelere
1455 313 1489 344 et
1512 308 1606 349 aliis,

216 388 304 424 quae
327 378 521 418 commisit,
558 386 636 410 nam
670 386 773 410 manu
808 376 953 420 propria
985 385 1024 409 se
1057 375 1227 419 peremit,
1263 384 1406 420 quorum
1440 374 1609 408 scelerum

217 444 273 478 hic
309 443 428 488 aliqua
460 442 617 477 breviter
648 445 854 477 inseramus.
905 439 986 474 Cum
1019 439 1155 475 Seneca
1178 441 1348 485 magister
1372 449 1476 481 suus,
1514 443 1551 473 ut
1575 441 1610 472 in

218 509 367 556 quadam
392 508 562 554 hystoria,
587 508 670 543 licet
691 506 904 553 apocrypha,
927 506 1070 551 legitur,
1095 505 1304 551 condignam
1329 504 1521 540 mercedem
1557 504 1612 538 la-

218 576 317 610 horis
342 577 394 609 sui
415 578 588 620 speraret,
612 575 722 619 jussit
740 572 833 607 Nero
859 573 972 617 ipsum
1000 571 1147 617 eligere⁷
1172 573 1207 605 in
1228 572 1327 615 cujus
1353 570 1491 604 arboris
1515 579 1612 604 ramo

221 641 449 687 suspendium
479 641 682 682 affectaret,
716 639 856 680 dicens,
889 637 982 683 quod
1016 637 1083 671 hoc
1115 638 1305 682 praemium
1328 636 1463 670 laboris
1489 637 1542 670 sui
1569 634 1613 669 ab

222 717 263 741 eo
304 711 508 750 recepturus
549 709 656 741 esset.
707 704 788 738 Cum
827 708 942 737 autem
975 703 1112 738 Seneca
1147 704 1363 748 requireret„
1410 701 1503 736 unde
1547 700 1616 735 hoc

221 773 342 806 mortis
376 771 582 816 supplicium
617 771 822 812 meruisset,
856 772 993 803 acutum
1029 767 1186 813 gladium
1218 778 1324 812 super
1350 769 1426 813 ejus
1450 768 1617 802 verticem

222 837 346 872 crebro
376 838 505 872 vibrari
532 836 637 878 fecit,
673 836 808 870 Seneca
840 839 954 869 autem
980 837 1064 867 nutu
1087 834 1214 877 capitis
1240 834 1385 866 minanti
1410 832 1532 879 gladio
1559 842 1617 867 ce-

225 902 355 944 debat,
395 902 620 936 vehementer
651 902 776 936 timens
813 900 1007 946 periclitari
1038 900 1161 933 mortis
1187 898 1391 943 periculum.
1440 898 1501 933 Cui
1527 897 1620 932 Nero

225 969 295 1002 ait:
331 969 521 1013 magister,
565 967 654 1012 ¹)ad
688 967 770 1012 quid
796 971 880 1000 nutu
908 966 1036 1011 capitis
1063 965 1208 998 minanti
1231 963 1352 1009 gladio
1379 964 1510 999 cedis?
1559 963 1622 998 Cui

227 1034 363 1075 Seneca
390 1032 592 1077 respondit:
617 1033 720 1067 homo
747 1043 821 1067 sum
848 1037 882 1066 et
906 1031 986 1066 ideo
1012 1035 1156 1065 mortem
1181 1040 1307 1064 vereor
1334 1035 1367 1065 et
1392 1031 1521 1064 invitus
1547 1033 1622 1063 mo-

227 1100 310 1132 rior.
361 1097 424 1132 Cui
447 1097 538 1132 Nero
565 1100 630 1131 ait:
658 1099 711 1132 sic
736 1109 803 1144 ego
830 1097 942 1132 adhuc
968 1100 1005 1131 te
1028 1101 1156 1138 metuo,
1182 1100 1219 1129 ut
1244 1106 1332 1140 puer
1357 1100 1512 1130 metuere
1538 1105 1623 1129 con-

228 1164 348 1205 suevi,
369 1154 484 1208 'quare
508 1168 544 1198 te
569 1165 705 1198 vivente
730 1165 848 1208 quiete
872 1173 942 1196 non
959 1166 1092 1207 potero
1109 1162 1238 1196 vivere.
1273 1160 1453 1206 Dixitque
1471 1160 1625 1194 Seneca:

229 1231 263 1264 si
288 1240 340 1264 me
367 1231 453 1263 mori
478 1240 624 1264 necesse
651 1234 725 1271 est,
761 1229 885 1263 saltem
920 1227 1004 1262 mihi
1036 1227 1208 1268 concede,
1248 1231 1306 1269 ut,
1341 1226 1434 1272 quod
1470 1226 1624 1267 voluero,

230 1296 358 1342 eligam
384 1306 495 1342 genus
520 1297 654 1329 mortis.
704 1295 767 1329 Cui
791 1294 905 1330 Nero:
944 1293 1095 1328 festinus
1128 1293 1242 1338 eligas
1261 1320 1269 1334 ‚
1305 1296 1437 1326 tantum
1471 1293 1559 1326 mori
1584 1302 1627 1326 ne

231 1362 386 1396 differas.
436 1360 536 1395 Tunc
558 1361 694 1396 Seneca
717 1361 845 1396 balneo
870 1362 904 1394 in
931 1370 1023 1405 aqua
1047 1359 1139 1393 sacto
1159 1360 1193 1393 in
1211 1362 1359 1402 utroque
1384 1357 1532 1392 brachio
1559 1358 1629 1391 sibi

232 1427 432 1462 minuisecit
446 1431 479 1461 et
492 1428 658 1462 sicninlio
673 1418 856 1473 sanguinis
868 1427 960 1461 fluxu
974 1425 1104 1461 ibidem
1121 1426 1223 1459 vitam
1241 1424 1350 1458 finivit
1365 1428 1399 1459 et
1415 1425 1465 1458 sic
1478 1422 1630 1468 quodam

233 1495 424 1539 praesagio
446 1493 582 1528 Seneca
603 1504 731 1529 nomen
756 1492 879 1527 habuit
904 1494 1003 1538 quasi
1030 1502 1069 1526 se
1094 1501 1236 1532 necans,
1264 1491 1346 1536 quia
1373 1488 1629 1535 quodammodo

234 1559 319 1593 licet
335 1563 587 1594 coaetusmanu
598 1561 743 1604 propria
754 1570 792 1594 se
809 1560 959 1594 necavit.
987 1558 1048 1592 Hic
1062 1557 1199 1592 Seneca
1211 1556 1298 1590 duos
1317 1553 1630 1589 fratres-habuisse

234 1624 377 1669 legitur.
428 1623 519 1658 Unus
546 1624 611 1659 suit
633 1624 795 1660 Julianus
823 1624 936 1660 Gallio
963 1624 1179 1659 declamator
1213 1623 1400 1668 egregius,
1438 1622 1496 1665 qui
1528 1630 1631 1654 manu

237 1692 381 1735 propria
406 1700 444 1724 se
470 1691 638 1735 peremit,
676 1691 766 1725 alius
792 1691 890 1726 Mela
917 1695 1018 1735 pater
1040 1689 1174 1723 Lucani
1198 1693 1347 1733 poetae,
1387 1687 1445 1732 qui
1469 1686 1631 1720 Lucanus

233 1757 338 1801 jussu
362 1756 512 1790 Neronis
539 1758 709 1791 incisione
745 1767 909 1791 venarum
944 1755 1077 1789 obiisse
1101 1755 1241 1800 legitur.
1291 1753 1424 1787 Rursus
1450 1752 1542 1787 Nero
1569 1763 1631 1787 ne-

239 1822 329 1856 faria
355 1823 478 1856 mentis
501 1823 647 1855 vesania
674 1820 820 1863 ductus,
856 1825 893 1855 ut
932 1823 965 1854 in
1001 1820 1124 1855 eadem
1158 1819 1315 1863 hystoria
1341 1817 1555 1867 apocrypha,
1575 1829 1632 1852 re-

240 1889 395 1933 peritur,
424 1891 568 1920 matrem
593 1886 706 1921 occidi
732 1891 765 1921 ct
789 1886 904 1920 scindi
928 1887 1049 1931 jussit,
1075 1888 1113 1919 ut
1135 1883 1291 1924 videret,
1320 1882 1472 1927 qualiter
1497 1885 1530 1917 in
1557 1885 1634 1929 ejus

240 1958 341 1987 utero
369 1952 574 1995 fovebatur,
614 1952 749 1997 physici
782 1963 883 1987 verof
903 1962 978 1987 euin
1005 1951 1048 1986 de
1076 1951 1195 1984 matris
1221 1948 1419 1993 perditione
1445 1953 1635 1994 arguentes

243 2018 426 2053 dicebant:
445 2019 529 2064 jura
555 2022 686 2064 negant
712 2022 746 2052 et
777 2018 831 2052 sas
859 2017 1036 2063 prohibet,
1066 2020 1103 2049 ut
1129 2015 1218 2057 filius
1243 2019 1387 2048 matrem
1411 2019 1522 2053 necet.
1549 2025 1637 2060 quae

242 2086 354 2129 ipsum
382 2094 455 2118 cum
484 2083 606 2118 dolore
632 2085 771 2129 peperit
795 2088 829 2118 ct
853 2095 926 2118 curn
952 2087 1047 2116 tanto
1074 2081 1197 2116 labore
1225 2085 1259 2116 ct
1291 2080 1527 2115 sollicitudine
1552 2091 1637 2116 enu-

243 2151 352 2185 trivit.
402 2149 536 2190 Quibus
555 2149 668 2184 Nero:
696 2149 834 2184 faciatis
853 2160 905 2183 me
919 2159 1028 2194 puero
1053 2148 1290 2193 impraegnari
1310 2151 1344 2180 et
1357 2150 1481 2190 postea
1500 2156 1637 2190 parere,

246 2221 300 2258 ut,
336 2220 484 2261 quantus
511 2215 612 2249 dolor
639 2217 739 2249 matri
765 2226 863 2249 meae
891 2215 1015 2256 fuerit,
1049 2214 1180 2258 possim
1215 2213 1319 2246 scire.
1367 2211 1464 2245 Hanc
1497 2212 1641 2257 insuper

246 2281 460 2315 voluntatem
488 2281 651 2324 pariendi
675 2284 885 2325 conceperat
911 2291 974 2321 eo,
1001 2277 1093 2324 quod
1120 2289 1183 2322 per
1203 2278 1321 2312 urbem
1337 2278 1512 2312 transiens
1529 2287 1640 2323 quan-

248 2347 326 2381 dam
360 2346 537 2380 mulierem
575 2347 768 2390 parientem
803 2345 1054 2379 vociferantem
1088 2343 1284 2378 audiverat.
1333 2342 1460 2377 Dicunt
1486 2344 1535 2377 ci:
1572 2353 1670 2377 non-

250 2417 303 2447 est
327 2412 521 2457 possibile,
549 2411 640 2457 quod
667 2416 813 2446 naturae
841 2411 1051 2445 contrarium
1080 2413 1153 2450 est,
1179 2419 1242 2443 nec
1269 2412 1323 2443 cst
1350 2406 1639 2453 2)sacile,.quo‹l

251 2480 364 2512 ration
410 2489 478 2511 non
505 2482 559 2512 est
591 2482 871 2511 cousentaneum.
923 2475 1019 2510 Dixit
1044 2486 1130 2521 ergo
1154 2476 1197 2508 iis
1225 2473 1337 2509 Nero:
1377 2474 1444 2507 nisi
1468 2483 1520 2507 nie
1547 2472 1639 2506 sece-

253 2545 328 2577 ritis
355 2545 591 2589 impraegnari
618 2547 652 2578 et
676 2553 822 2587 parere,
853 2552 971 2576 0111th
997 2551 1059 2574 vos
1089 2541 1214 2574 faciam
1239 2539 1372 2574 crudeli
1400 2542 1508 2571 morte
1535 2539 1641 2571 inter-

254 2610 314 2641 ire.
365 2609 463 2642 Tunc
500 2609 548 2642 illi
584 2619 659 2642 euin
687 2609 956 2652 irnpolionautes
987 2616 1105 2641 ranam
1131 2606 1199 2640 sibi
1224 2604 1358 2640 occulte
1383 2602 1428 2637 ad
1455 2601 1641 2638 bibendum

325 2689 351 2718 l)
373 2687 483 2717 Vulgo:
511 2692 545 2713 ut
566 2698 583 2720 q
596 2687 668 2716 nid.
774 2688 803 2720 2)
823 2684 880 2711 Alii
901 2684 1048 2713 scibile
1069 2683 1176 2716 legunt.
