1742 3005
372 103 468 155 Cap.
500 103 616 142 [ΝΗ.
672 105 732 142 De
769 111 901 143 sancto
932 104 1143 143 Ambrosio.
1374 103 1457 143 257

73 205 138 241 sed
155 207 187 250 ¹)
213 204 454 242 confirmamur
477 209 673 253 scripturae
697 207 928 245 sermonibus.
979 209 1045 250 Qui
1062 207 1261 253 respondit:
1299 211 1463 253 tanquam

72 282 141 306 una
167 282 210 306 ex
234 272 481 317 insipientibus
507 272 627 308 locuta
652 284 710 316 es,
737 274 811 307 noli
836 284 988 320 gravare
1012 278 1067 312 te,
1094 275 1304 318 imperator,
1337 277 1375 307 ut
1397 284 1462 318 pu-

71 342 147 381 tes,
172 341 207 372 te
232 339 268 372 in
295 348 355 379 ea,
385 348 474 384 quae
504 338 623 373 divina
649 343 748 381 sunt,
778 339 838 384 jus
864 339 1020 381 habere,
1057 338 1101 372 ad
1133 340 1379 383 imperatorem
1400 349 1464 384 pa-

70 403 157 437 latia
188 404 383 448 pertinent,
420 403 465 437 ad
498 404 701 439 sacerdotes
735 403 921 438 ecclesiae.
971 401 1294 438 Sanctus‘Naboth
1331 405 1465 439 vineam

70 478 167 502 suam
193 469 337 513 proprio
363 479 486 504 cruore
513 469 688 504 defendit:
716 469 747 501 si
771 467 830 502 ille
856 469 990 502 vineam
1011 478 1107 502 suam
1123 479 1192 501 non
1208 468 1372 511 reddidit,
1398 479 1463 503 nos

68 533 246 568 trademus
284 533 414 568 Christi
439 534 653 568 ecclesiam?
701 533 886 568 Tributum
913 534 1059 568 Caesari
1093 537 1167 575 est,
1199 544 1269 567 non
1302 538 1463 579 negetur,

70 599 225 634 ecclesia
253 599 320 633 Dei
354 603 428 641 est,
464 598 610 633 Caesari
645 599 765 644 utique
798 609 867 632 non
906 598 1066 633 donetur.
1115 597 1153 632 Si
1179 597 1222 633 de
1248 608 1302 633 ine
1328 598 1464 644 aliquid

69 664 339 709 compellaretur
362 668 422 698 aut
445 668 673 709 posceretur,
707 663 834 698 fundus
859 669 920 698 aut
946 663 1068 698 domus
1093 667 1152 697 aut
1177 673 1297 697 aurum
1321 667 1381 697 aut
1405 673 1462 697 ar-

67 734 227 776 gentum,
262 729 299 763 id
334 729 546 776 quodjuris
571 730 639 764 mei
671 733 786 771 esset,
825 729 977 763 libenter
1010 729 1192 771 offerrem,
1240 729 1368 773 templo
1396 727 1463 764 Dei

65 795 153 829 nibil
179 805 321 840 possum
347 795 538 840 decerpere
565 804 630 829 nec
657 794 856 837 detrahere,
886 805 960 829 cum
981 794 1067 828 illud
1089 793 1367 836 custodiendum,
1393 805 1463 828 non

67 861 326 906 decerpendum
351 861 559 905 acceperim.
609 860 733 894 Tertio
760 861 794 894 in
821 859 1070 905 objurgatione
1096 860 1174 893 vitii
1199 864 1232 893 et
1259 861 1370 893 omnis
1392 861 1461 894 ini-

67 929 233 973 quitatis;
266 926 358 961 unde
391 927 524 972 legitur
555 927 590 959 in
624 925 782 970 hystoria
814 926 994 969 tripartita
1022 926 1056 958 in
1096 924 1245 970 quadam
1282 924 1461 967 chronica,

66 992 160 1038 quod
183 1002 258 1026 cum
284 991 378 1036 apud
404 990 696 1025 Thessalonicam
724 995 803 1024 orta
829 989 1004 1025 seditione
1038 990 1178 1036 quidam
1206 989 1345 1034 judices
1371 990 1461 1024 suis-

65 1062 148 1103 sent
168 1068 190 1092 a
216 1057 345 1102 populo
371 1056 532 1101 lapidati,
560 1056 789 1092 Theodosius
816 1058 1006 1100 imperator
1031 1056 1233 1101 indignatus
1254 1056 1365 1099 jussit
1388 1066 1461 1089 om-

65 1134 128 1158 ncs
160 1124 332 1165 interimi,
366 1127 533 1157 nocentes
567 1123 610 1156 ab
649 1123 894 1157 innocentibus
929 1132 999 1155 non
1031 1131 1240 1163 secernens,
1283 1121 1343 1155 ubi
1385 1121 1461 1157 sere

65 1190 219 1234 quinque
242 1188 353 1223 millia
378 1188 553 1222 hominum
581 1193 660 1222 sunt
686 1190 815 1222 occisa.
867 1188 950 1221 Cum
974 1188 1084 1233 igitur
1108 1188 1300 1232 imperator
1317 1187 1459 1222 Medio-

64 1254 179 1288 lanum
204 1255 361 1288 venisset
388 1258 422 1289 et
446 1254 633 1289 ecclesiam
660 1255 793 1288 intrare
828 1253 957 1295 vellet,
992 1254 1146 1287 occurrit
1180 1254 1213 1287 ei
1251 1252 1459 1287 Ambrosius

65 1319 112 1354 ad
140 1320 283 1365 januam
319 1322 422 1365 eique
458 1319 589 1353 aditum
622 1310 816 1365 prohrihuit'
837 1318 975 1352 dicens:
1015 1327 1094 1360 cur,
1131 1319 1344 1362 imperator,
1377 1324 1460 1364 post

65 1395 206 1419 causam
232 1386 321 1419 tanti
346 1385 476 1419 suroris
501 1395 571 1418 non
595 1385 761 1429 agnoscis
796 1384 920 1418 molem
954 1388 1036 1418 tuae
1064 1386 1356 1428 praesumtionis,
1395 1385 1458 1420 sed

66 1450 157 1485 sorte
181 1451 456 1496 recognitionem
483 1451 622 1494 peccati
646 1448 812 1494 prohibet
840 1453 1000 1494 potestas
1026 1450 1193 1493 imperii?
1220 1449 1322 1484 decet
1346 1454 1393 1492 te,
1421 1455 1459 1485 ut

66 1517 183 1551 vincat
206 1517 296 1550 ratio
324 1519 556 1560 potestatem,
592 1516 755 1559 princeps
782 1525 819 1549 es
834 1518 886 1558 ²),
923 1525 942 1548 o
968 1515 1177 1558 imperator,
1211 1514 1275 1549 sed
1311 1526 1455 1550 conser-

64 1592 195 1617 vorum.
246 1580 379 1621 Quibus
414 1591 500 1626 ergo
534 1580 645 1614 oculis
678 1580 855 1624 adspicies
888 1580 1077 1613 communis
1114 1579 1245 1613 domini
1278 1581 1456 1626 templum,

65 1646 192 1691 quibus
218 1646 368 1691 pedibus
394 1646 548 1681 calcabis
574 1650 729 1680 sanctum
753 1646 1005 1690 pavimentum,
1041 1645 1215 1690 quomodo
1248 1656 1368 1680 manus
1394 1658 1455 1682 ex-

63 1712 202 1754 tendes,
231 1711 274 1747 de
300 1712 425 1758 quihus
452 1711 568 1746 adhuc
592 1712 738 1757 sanguis
765 1711 877 1745 stillat
902 1712 1073 1756 injustus,
1100 1721 1170 1756 qua
1196 1714 1456 1755 praesumtione

65 1788 126 1812 ore
150 1781 210 1812 tuo
236 1777 398 1822 poculum
424 1778 607 1824 sanguinis
634 1779 710 1823 ejus
737 1778 934 1822 percipies,
967 1777 1045 1810 dum
1071 1777 1190 1811 surore
1214 1781 1350 1811 tuorum
1379 1789 1455 1813 ser-

64 1853 200 1877 monum
223 1847 340 1878 tantus
366 1844 498 1888 injuste
523 1844 571 1877 sit
595 1844 741 1888 sanguis
768 1843 912 1877 effusus.
961 1841 1098 1877 Recede
1120 1853 1218 1888 ergo,
1247 1844 1386 1887 recede,
1411 1856 1455 1879 ne

64 1908 218 1942 secundo
243 1913 387 1953 peccato
412 1910 565 1954 priorem
589 1910 779 1954 nequitiam
804 1919 936 1955 augere
963 1907 1176 1950 contendas;
1213 1910 1353 1953 suscipe
1377 1911 1453 1943 vin-

65 1972 197 2015 culum,
233 1983 300 2018 quo
333 1978 370 2008 te
405 1974 564 2008 dominus
599 1984 688 2009 nunc
723 1974 871 2020 ligavit,
906 1978 960 2008 est
994 1975 1083 2009 enim
1110 1974 1283 2008 medicina
1306 1976 1456 2008 maxima

64 2039 240 2072 sanitatis.
289 2037 350 2072 His
383 2039 603 2073 sermonibus
635 2041 827 2083 imperator
861 2039 1031 2074 obediens
1065 2050 1209 2084 gemens
1237 2043 1272 2073 et
1297 2039 1383 2074 flens
1409 2040 1454 2073 ad

64 2103 204 2150 regalia
234 2105 413 2138 remeavit.
459 2103 541 2138 Cum
575 2115 661 2151 ergo
690 2104 750 2138 diu
777 2106 813 2139 in
836 2104 920 2139 fletu
945 2105 1156 2147 mansisset,
1200 2103 1342 2138 Rufinus
1380 2116 1453 2139 ma-

63 2171 178 2215 gister
200 2169 345 2204 militum
368 2179 510 2204 causam
534 2174 653 2205 tantae
678 2171 846 2205 tristitiae
870 2170 1064 2215 inquisivit.
1114 2170 1176 2204 Cui
1201 2169 1279 2203 ille:
1314 2174 1371 2211 tu,
1398 2172 1452 2205 in-

65 2234 160 2279 quit,
195 2244 274 2268 mea
306 2235 399 2269 mala
427 2246 497 2270 non
523 2237 654 2278 sentis,
692 2238 775 2282 quia
805 2237 919 2270 servis
954 2239 988 2270 et
1016 2234 1294 2270 mendicantibus
1330 2242 1454 2280 aperta

65 2303 145 2334 sunt
166 2299 315 2343 templa,
350 2300 436 2333 mihi
466 2312 551 2335 vero
588 2302 634 2336 ad
668 2312 710 2337 ea
737 2303 920 2347 ingressus
944 2312 1013 2336 non
1038 2305 1102 2337 est.
1150 2300 1194 2335 Et
1220 2301 1307 2335 haec
1332 2302 1452 2335 dicens

43 2364 205 2409 ,singula
237 2363 346 2399 verba
379 2365 592 2411 singultibus
627 2366 912 2411 interrumpebat.
962 2367 1026 2400 Cui
1058 2365 1219 2400 Rufinus:
1261 2376 1384 2407 curro,
1421 2368 1453 2401 si

62 2431 136 2471 vis,
175 2428 220 2463 ad
251 2429 495 2472 Ambrosium,
530 2435 568 2464 ut
598 2431 663 2464 tibi
695 2432 811 2466 solvat
837 2431 1029 2472 vinculum,
1065 2440 1133 2474 qno
1169 2434 1203 2463 te
1229 2429 1364 2475 ligavit.
1409 2431 1454 2466 Et

63 2494 144 2529 ille:
168 2505 238 2529 non
263 2496 396 2539 poteris
421 2494 571 2530 suadere
599 2496 807 2538 Ambrosio,
835 2496 918 2540 quia
941 2505 1008 2528 non
1034 2494 1214 2529 verebitur
1236 2496 1451 2539 imperialem

63 2564 294 2604 potestatem,
331 2564 369 2594 ut
407 2560 522 2606 legem
554 2562 669 2604 possit
702 2561 944 2605 praevaricari
978 2559 1139 2594 divinam.
1191 2559 1262 2595 Sed
1288 2571 1363 2596 cum
1389 2563 1450 2597 ille

130 2659 158 2691 1)
176 2657 230 2685 Ed.
248 2662 293 2686 Pr.
311 2658 390 2687 male
409 2658 665 2688 consluamur.
769 2658 797 2691 2)
826 2657 879 2686 Ed.
897 2661 942 2685 Pr.
968 2657 1040 2690 legit
1058 2656 1248 2695 princeps
1268 2668 1305 2687 es
1325 2660 1426 2696 impe
1440 2678 1448 2681 -

62 2705 241 2730 rator-um.

1084 2757 1126 2791 17
