1742 3005
398 100 494 150 Cap.
526 99 663 137 XXIX.
721 99 779 136 De
811 104 940 136 sancta
969 98 1100 136 Paula.
1386 99 1463 137 139

72 218 137 253 que
163 208 307 243 vestium
333 207 468 241 animae
496 215 575 242 esse
604 203 850 240 immunditiam
876 208 931 247 et,
961 203 1053 250 quod
1078 205 1169 239 inter
1196 202 1327 238 saeculi
1354 203 1461 238 homi-

72 283 133 308 nes
161 272 213 307 vel
241 271 318 308 leve
344 275 486 318 putatur
511 271 566 307 vel
589 269 687 312 nihil,
714 269 779 304 hoc
805 271 839 303 in
866 270 1087 304 monasteriis
1111 270 1356 315 gravissimum
1383 280 1461 305 esse

73 338 232 373 delictum
259 337 418 375 dicebat.
463 348 608 383 euinque
634 335 713 370 aliis
743 332 1114 380 languentibuslarge
1140 334 1325 380 praeberet
1351 337 1465 370 omnia

73 407 108 439 et
132 414 226 438 esum
260 403 442 439 exhiheret
476 405 650 443 carnium,
702 402 731 435 si
758 399 898 445 quando
925 401 1003 444 ipsa
1028 404 1253 445 aegrotaret,
1304 402 1371 436 sibi
1397 413 1465 437 non

73 469 278 516 indulgebat
303 470 390 504 etin
412 479 453 503 eo
479 466 675 512 inaequalis
703 465 906 507 videbatur,
959 464 1051 510 quod
1079 466 1114 498 in
1141 466 1220 500 aliis
1247 467 1462 502 clementiam

76 537 108 570 in
134 545 172 570 se
197 534 357 570 duritiam
381 532 625 568 commutabat.
698 530 859 566 Referam
884 530 977 575 quod
1002 534 1168 575 expertus
1193 542 1278 566 sunu
1342 533 1465 568 Mense

75 600 167 636 Jalio
206 599 470 634 ferventissimis
504 596 660 632 aestibus
696 596 816 631 incidit
840 598 874 630 in
901 596 1060 630 ardorem
1089 595 1197 631 febris
1223 601 1257 631 et
1280 602 1360 642 post
1386 598 1464 634 des-

76 667 288 710 perationem
321 674 395 699 cum
428 662 491 698 Dei
525 661 767 697 misericordia
801 663 1014 708 respirasset
1050 665 1084 697 et
1120 661 1241 696 medici
1279 663 1465 700 suaderent

77 730 120 765 eb
149 730 372 765 refectionem
398 730 558 774 corporis
585 729 664 763 vino
691 739 770 763 esse
797 738 884 774 opus
908 729 1004 763 tenui
1030 732 1065 763 et
1092 738 1222 773 parvo,
1273 739 1314 765 ne
1340 739 1464 775 aquam

76 795 198 831 bibens
222 796 256 830 in
284 795 465 840 idropisim
491 798 706 837 verteretur,
733 799 767 829 et
791 805 859 841 ego
884 794 972 828 clam
998 794 1136 829 beatum
1162 795 1363 840 episcopum
1383 795 1466 842 Epi-

77 861 238 906 phaniam
266 871 440 908 rogarem,
468 865 503 895 ut
526 870 600 896 eam
627 865 794 903 moneret,
822 862 922 895 immo
941 859 1165 905 compelleret
1192 861 1307 894 vinum
1333 860 1466 905 bibere,

79 931 115 961 ut
139 931 215 962 erat
240 927 393 972 prudens
420 929 454 961 et
481 925 635 960 sollertis
662 927 814 972 ingenii,
842 928 957 960 statim
985 927 1095 961 sensit
1120 926 1266 960 insidias
1292 930 1325 961 et
1353 927 1465 962 subri-

79 993 164 1028 dens
193 1003 300 1027 meum
330 1001 430 1035 esse,
465 991 558 1037 quod
583 991 641 1026 ille
670 991 822 1035 diceret,
857 993 1038 1026 intimavit.
1087 991 1177 1033 Quid
1206 992 1337 1037 plura?
1385 994 1466 1028 Cum

77 1058 199 1094 beatus
224 1058 383 1103 pontifex
410 1061 491 1103 post
515 1059 624 1092 multa
649 1057 853 1092 horamenta
879 1060 1024 1093 exiisset
1049 1057 1158 1100 foras,
1185 1062 1368 1104 quaerenti
1387 1060 1467 1095 mihi

78 1123 161 1170 quid
188 1125 341 1170 egisset,
379 1123 579 1169 respondit:
614 1127 746 1158 tantum
775 1123 925 1168 profeci,
969 1128 1005 1158 ut
1028 1125 1107 1169 ipsa
1133 1123 1214 1158 mihi
1240 1126 1314 1160 seni
1339 1124 1467 1160 homini

79 1199 190 1234 paene
216 1191 445 1235 persuaserit,
472 1194 509 1224 ut
533 1191 644 1225 vinum
670 1200 737 1224 non
765 1189 892 1226 bibam.
942 1190 979 1225 ln
1003 1189 1096 1225 luctu
1125 1192 1216 1225 mitis
1238 1194 1313 1225 erat
1339 1195 1373 1226 et
1387 1202 1466 1226 suo-

79 1266 152 1290 rum
177 1255 346 1290 mortibus
371 1254 600 1301 frangebatur
625 1257 772 1291 maxime
799 1255 1000 1298 liberorum,
1028 1267 1104 1291 nam
1133 1261 1167 1292 et
1192 1258 1254 1291 viri
1271 1257 1466 1292 ettiliorum

80 1320 287 1356 dormitione
315 1330 423 1366 saepe
448 1321 648 1366 periclitata
675 1326 746 1364 est,
784 1327 817 1356 et
842 1331 915 1355 cum
942 1332 981 1355 es
1006 1321 1288 1367 stomachumque
1313 1324 1471 1369 signaret

81 1390 114 1421 et
140 1388 295 1421 matricis
320 1386 476 1421 dolorem
501 1388 614 1421 crucis
641 1388 808 1422 niteretur
834 1388 1064 1432 impressione
1089 1388 1222 1431 lenire,
1275 1389 1468 1434 superaba-

84 1456 137 1486 tur
167 1454 198 1495 ¹)
228 1452 354 1487 affectu
390 1455 424 1487 et
456 1452 631 1487 credulam
661 1456 806 1487 mentem
842 1455 998 1497 parentis
1032 1455 1166 1488 viscera
1200 1454 1469 1490 consternebant

82 1518 264 1563 animoque
290 1519 430 1552 vincens
459 1518 652 1563 fragilitate
676 1520 835 1563 corporis
863 1518 1076 1554 vincebatur.
1154 1520 1354 1565 Scripturas
1388 1532 1470 1556 san-

83 1586 157 1618 ctas
184 1583 340 1619 tenebat
358 1586 557 1620 memoriter
591 1588 625 1619 et
649 1594 724 1619 cum
756 1588 891 1619 amaret
924 1584 1104 1618 historiam
1132 1589 1166 1620 et
1192 1585 1285 1619 illam
1312 1588 1471 1622 veritatis

83 1648 214 1684 diceret
240 1648 516 1693 fundamentum,
568 1652 680 1697 magis
711 1649 925 1695 sequebatur
962 1651 1227 1697 intelligentiam
1254 1653 1470 1697 spiritualem

84 1718 119 1748 et
143 1713 208 1749 hoc
233 1715 379 1750 culmine
406 1715 660 1751 aedificationis
688 1718 824 1751 animae
854 1716 1077 1763 protegebat.
1134 1718 1279 1764 Loquar
1304 1722 1338 1753 et
1363 1719 1469 1753 aliud.

86 1779 178 1825 quod
204 1779 357 1816 fortasse
382 1781 527 1816 aemulis
554 1781 691 1817 videtur
717 1781 938 1816 incredulum.
968 1782 1160 1818 llebraeam
1184 1783 1351 1830 linguam,
1372 1795 1472 1830 quam

85 1857 151 1892 ego
177 1845 222 1880 ab
256 1846 496 1882 adolescentia
530 1847 636 1882 multo
671 1847 794 1882 labore
829 1852 863 1883 et
886 1847 1014 1884 sudore
1042 1860 1084 1884 ex
1109 1854 1209 1894 parte
1235 1850 1337 1885 didici
1365 1855 1397 1885 et
1423 1853 1472 1885 in-

86 1911 262 1958 fatigabili
285 1913 512 1949 meditatione
539 1925 607 1949 non
636 1914 775 1957 desem,
801 1925 844 1948 ne
870 1915 948 1959 ipsa
973 1914 1017 1949 ab
1044 1925 1086 1950 ea
1108 1915 1311 1959 deseratur,
1340 1916 1474 1952 discere

89 1978 196 2012 voluit
219 1982 253 2013 et
277 1983 464 2015 consecuta
488 1985 542 2016 est
565 1982 627 2023 ita,
654 1984 691 2015 ut
711 1980 866 2025 psalmos
886 1979 1052 2016 hebraice
1067 1986 1209 2016 caneret
1225 1986 1259 2017 et
1283 1993 1473 2017 sermonem

88 2043 221 2090 absque
242 2045 316 2079 ulla
334 2044 619 2092 latinaelinguae
629 2047 847 2092 proprietate
859 2051 1077 2092 personaret.
1105 2047 1204 2087 Quod
1218 2047 1354 2093 quidem
1366 2059 1475 2094 usque

87 2109 191 2145 hodie
215 2112 250 2144 in
275 2115 398 2146 sancta
419 2111 492 2146 filia
516 2113 592 2158 ejiis
617 2111 807 2147 Eustochio
835 2113 1017 2148 cernimus,
1074 2112 1259 2159 Hucusque
1292 2115 1476 2160 navigavi-

87 2187 161 2211 mus
195 2178 377 2223 prosperis
418 2179 530 2213 ventis
566 2182 600 2213 et
632 2180 825 2224 crispantIa
867 2179 973 2213 maris
1007 2188 1166 2224 aequora
1198 2179 1321 2214 labens
1356 2181 1478 2213 carina

88 2241 258 2286 suleavit,
294 2252 382 2278 nunc
407 2245 440 2277 in
468 2244 633 2290 scopulos
656 2246 802 2280 incurrit
827 2246 964 2288 oratio,
1012 2246 1089 2290 quiS
1115 2246 1204 2280 enim
1230 2248 1352 2290 posset
1376 2246 1477 2279 siccis

88 2307 198 2342 oculis
222 2307 363 2342 Paulam
386 2319 531 2345 narrare
556 2312 787 2347 morientem?
857 2310 981 2346 Incidit
1013 2312 1047 2344 in
1073 2312 1317 2356 gravissimam
1344 2309 1473 2344 valetu-

89 2373 221 2415 dinem,
270 2374 371 2408 immo
397 2375 488 2419 quod
514 2376 682 2421 optabat,
724 2378 880 2420 invenit,
923 2380 960 2411 ut
986 2387 1048 2411 nos
1074 2376 1255 2411 desereret
1280 2378 1314 2409 ct
1339 2374 1476 2408 domine

89 2439 224 2484 plenius
249 2438 472 2485 Jung'eretur.
520 2441 610 2481 Quid
638 2441 696 2476 diu
722 2442 846 2477 differo
873 2446 908 2476 et
934 2441 1089 2476 dolorem
1115 2451 1224 2475 meum
1251 2442 1285 2474 in
1310 2440 1390 2475 aliis
1418 2441 1460 2474 im

90 2504 257 2540 morando
283 2504 374 2539 facio
400 2494 622 2552 longiorem?
670 2507 854 2543 Sentiehat
883 2506 1153 2552 prudentissima
1178 2504 1380 2540 feminarum
1416 2506 1474 2541 ad-

90 2581 169 2607 esse
203 2574 346 2606 mortem
381 2574 415 2606 et.
449 2571 660 2617 frigescente
690 2573 761 2617 jam
798 2575 897 2617 parte
928 2573 1086 2617 corporis
1122 2575 1226 2617 atque
1255 2571 1479 2607 membrortnn

161 2717 186 2749 l)
207 2715 266 2743 Atii
287 2715 454 2749 effectu,
482 2716 590 2743 deindo
612 2728 618 2739 ι
635 2715 807 2744 γιιΛΕΙνυι
830 2716 895 2743 loco
917 2717 999 2744 vocis
1020 2716 1110 2744 cred
1122 2716 1179 2743 ula
1190 2727 1217 2744 ιιι
1238 2717 1347 2749 legunt,
