1742 3005
345 79 441 130 Cap.
485 78 652 116 xxxvi.
711 78 770 116 De
801 85 931 115 sancto
964 77 1122 127 ignatio.
1350 76 1427 115 157

43 184 249 229 perfundite.
301 183 364 220 Cui
389 184 565 231 lgilatius:
592 195 659 218 non
681 188 759 218 sunt
784 183 980 231 condignae
1006 185 1191 229 passiones
1221 181 1322 228 hujus
1342 186 1426 217 teni-

41 251 136 295 poris
164 249 208 283 ad
234 249 383 284 suturam
408 250 568 296 gloriam.
639 249 815 294 TraJanus
841 249 947 283 dixit:
991 251 1065 294 jam
1096 258 1183 282 nuuc
1215 259 1291 283 euni
1316 248 1427 283 tollite

42 317 186 351 vinculis
213 316 357 357 ferreis,
391 315 538 361 alligate
562 317 597 349 in
620 317 745 360 cippo,
790 316 821 347 in
848 315 915 349 imo
939 316 1090 349 carceris
1117 313 1313 356 custodite,
1354 316 1428 348 sine

41 381 118 416 cibo
147 386 181 417 et
211 385 297 427 potu
329 391 405 416 eum
429 391 507 415 esse
534 382 722 426 permittite
747 383 780 414 et
805 383 885 423 post
913 379 1058 413 triduum
1088 378 1323 413 devorandum
1348 378 1427 413 hes-

42 449 99 482 tiis
125 447 216 482 date.
288 446 410 481 Tertia
442 447 551 491 igitur
583 445 638 479 die
663 446 854 488 imperator
882 448 916 477 et
942 448 1084 478 senatus
1113 445 1292 488 omnisque
1318 454 1429 488 popu-

44 514 96 547 lus
121 515 376 552 convenerunt,
412 515 449 544 ut
476 510 631 544 viderent
656 510 856 553 episcopum
884 509 1135 549 Antiocenum,
1170 509 1228 552 qui
1256 512 1332 542 erat
1356 520 1430 543 cuni

43 578 166 612 hestiis
191 580 406 622 pugnaturus
422 603 429 617 ,
466 575 622 626 dixitque
647 573 846 619 TraJanus:
886 574 1048 618 quoniam
1072 572 1231 618 Ignatius
1257 573 1429 617 superbus

44 647 77 677 et
101 645 284 677 contumax
308 645 382 684 est,
430 641 543 685 ipsum
573 639 721 684 alligate
755 642 789 673 et
815 638 902 673 duos
928 638 1047 673 leones
1083 638 1126 672 ad
1160 639 1272 683 ipsum
1297 638 1428 674 laxate,

45 712 80 742 ut
105 717 167 742 nee
200 705 290 741 ullas
322 706 490 752 reliquias
526 716 568 740 ex
604 714 645 739 eo
682 705 891 750 relinquant.
963 704 1060 739 Tune
1097 708 1238 738 sanetus
1275 703 1432 749 Ignatius

43 773 130 808 dixit
155 771 199 807 ad
226 771 410 817 populum,
454 772 513 816 qui
540 769 723 805 adstabat:
771 771 837 804 viri
862 770 1018 812 romani,
1071 771 1129 815 qui
1164 769 1230 803 hoc
1255 773 1431 804 certamen

43 839 222 883 aspicitis,
270 848 337 871 non
364 838 438 872 sine
464 835 622 871 mercede
648 835 830 873 laboravi,
883 838 965 881 quia
1001 846 1067 869 non
1105 839 1249 880 propter
1275 836 1432 879 pravita-

44 908 130 945 tem,
177 902 238 938 sed
264 906 409 947 propter
432 903 594 947 pietatem
624 901 688 935 hoc
715 902 842 946 patior.
900 900 1034 935 Deinde
1061 901 1177 944 coepit
1204 899 1319 934 (licere
1355 902 1430 944 (si-

42 973 99 1004 cut
122 968 252 1014 legitur
276 969 313 1001 in
337 967 496 1012 hystoria
523 967 812 1011 ecclesiasticaJ:
839 966 1041 1001 frumentum
1070 965 1200 1000 Christi
1227 976 1321 1006 suni,
1351 965 1427 1000 hes>
1447 1004 1462 1009 K

42 1036 165 1069 tiarum
202 1032 363 1068 dentibus
396 1032 524 1073 molar,
574 1036 609 1066 ut
639 1033 739 1077 panis
776 1031 921 1066 mundus
957 1031 1101 1066 efficiar.
1173 1031 1243 1065 Hoc
1286 1030 1431 1065 audiens

42 1101 232 1145 imperator
257 1099 365 1133 dixit:
414 1097 559 1144 grandis
585 1102 639 1132 est
661 1098 851 1133 tolerantia
880 1097 1167 1138 christianorum,
1219 1098 1295 1142 quis
1323 1095 1431 1131 Grae-

42 1175 158 1200 corum
179 1168 278 1199 tanta
300 1164 470 1199 toleraret
495 1174 560 1209 pro
584 1163 658 1199 Deo
687 1165 779 1199 suo?
826 1163 1020 1208 Respondit
1042 1162 1216 1208 ignatius:
1252 1173 1319 1195 non
1347 1161 1431 1196 haec

43 1241 120 1266 mea
157 1232 305 1274 virtute,
354 1230 417 1266 sed
448 1229 578 1265 Christi
609 1229 785 1275 adjutorio
812 1229 971 1263 tolerari.
1042 1228 1138 1262 Tunc
1163 1231 1303 1261 sanctus
1326 1226 1430 1273 Igna-

43 1298 111 1331 tius
143 1298 259 1342 coepit
291 1297 413 1332 leones
446 1305 659 1340 provocare,
710 1300 746 1328 ut
772 1294 815 1328 ad
850 1304 888 1328 se
925 1294 1161 1329 devorandum
1197 1296 1430 1327 accurrerent.

43 1362 274 1397 Aecum-entes
299 1362 406 1407 igitur
430 1361 497 1395 duo
524 1362 622 1395 saevi
655 1360 775 1394 leones
802 1361 914 1404 ipsum
939 1358 1176 1393 tantummodo
1201 1358 1432 1404 praefocave-

44 1431 144 1469 runt,
192 1437 329 1462 carnem
362 1430 479 1461 tamen
513 1428 589 1472 ejus
626 1425 822 1459 nullatenus
857 1426 1064 1469 tetigerunt,
1113 1424 1289 1470 TraJ‘anus
1319 1429 1432 1459 autem

43 1492 109 1527 hoe
147 1492 268 1527 videns
304 1502 378 1526 cum
412 1493 517 1525 nimia
550 1491 780 1525 admiratione
817 1490 979 1524 discessit
1011 1491 1254 1534 praecipiens,
1306 1494 1432 1524 utnon

44 1556 308 1603 prohiberetur,
342 1559 372 1591 si
400 1559 476 1602 quis
497 1556 603 1591 vellet
625 1556 750 1590 tollere
777 1565 904 1600 corpus
931 1556 1019 1601 ejus.
1094 1556 1317 1600 Quapropter
1341 1555 1432 1589 chri-

44 1624 150 1658 stiani
173 1633 300 1668 corpus
327 1624 403 1668 ejus
429 1622 584 1657 tulerunt
612 1626 646 1657 et
680 1623 791 1667 ipsun}
826 1621 1015 1656 honorilice
1051 1621 1275 1665 sepelierunt.
1349 1622 1431 1656 Cum

45 1693 158 1723 autem
185 1688 361 1734 TraJauus
388 1687 554 1734 quasdam
578 1687 715 1722 litteras
744 1688 956 1731 recepisset,
1006 1688 1041 1720 in
1067 1686 1192 1731 quibus
1218 1686 1350 1721 Plinius
1377 1698 1432 1722 se-

44 1756 176 1791 cundus
200 1754 410 1789 christIanos
425 1781 433 1796 ,
457 1763 545 1799 quos
570 1754 760 1798 imperator
783 1753 895 1787 occidi
915 1754 1095 1797 jusserat,
1131 1752 1313 1796 plurimum
1341 1762 1433 1786 coni-

45 1820 251 1863 mendabat,
287 1819 399 1854 doluit
425 1819 467 1854 de
494 1818 568 1862 his,
603 1829 692 1864 quae
717 1817 855 1864 Ignatio
881 1818 1065 1859 intulerat,
1100 1822 1134 1852 et
1159 1819 1359 1863 praecepit,
1400 1822 1435 1851 ut

45 1886 158 1921 nullus
184 1885 396 1921 christianus
421 1886 680 1930 inquireretur,
715 1886 746 1918 si
773 1885 850 1929 quis
877 1888 990 1917 tamen
1014 1883 1204 1926 incideret,
1241 1885 1433 1928 puniretur.

46 1974 90 1978 -—
114 1971 156 1978 —-
181 1972 227 1978 —
250 1955 295 1988 4.
318 1951 467 1996 Legitur
493 1954 620 1993 autem,
648 1949 742 1995 quod
765 1949 889 1984 beatus
912 1948 1070 1994 Ignatius
1094 1950 1185 1984 inter
1207 1952 1260 1982 tot
1284 1953 1435 1983 tormen-

47 2023 157 2052 torum
182 2026 316 2063 genera
341 2026 515 2062 nunquam
540 2016 584 2050 ab
617 2017 838 2050 invocatione
870 2016 1018 2049 nominis
1051 2014 1136 2050 Jesu
1162 2013 1291 2048 Christi
1316 2023 1435 2048 cessa-

28 2064 118 2118 Qbat.
169 2082 277 2123 Quem
301 2091 377 2116 cum
400 2085 554 2116 tortores
578 2082 813 2126 inquirerent,
861 2090 922 2114 cur
957 2078 1022 2113 hoc
1047 2090 1171 2113 nomen
1195 2081 1301 2113 toties
1327 2079 1434 2124 repli-

47 2152 162 2191 caret,
189 2149 259 2182 ait:
294 2147 359 2181 hoc
383 2157 509 2181 nomen
533 2146 631 2181 cordi
655 2156 730 2180 meo
755 2147 957 2190 inscriptum
982 2144 1096 2180 habeo
1122 2149 1156 2179 et
1180 2144 1260 2179 ideo
1287 2144 1332 2178 ab
1358 2145 1435 2190 ejus

48 2214 268 2248 invocatione
293 2222 434 2247 cessare
460 2222 530 2246 non
555 2212 668 2247 valeo.
718 2211 802 2246 Post
825 2215 967 2245 mortem
993 2212 1102 2256 igitur
1125 2212 1202 2256 ejus
1225 2210 1298 2253 illi,
1347 2220 1435 2255 quae

49 2277 254 2320 audierant,
303 2278 460 2313 volentes
493 2279 666 2312 curiosius
702 2278 879 2322 experiri,
927 2286 988 2310 cor
1013 2277 1089 2322 ejus
1114 2275 1158 2310 ab
1185 2277 1261 2321 ejus
1286 2285 1434 2319 corpore

49 2342 205 2377 avellunt
235 2347 270 2376 et
302 2341 389 2376 illud
421 2342 618 2377 scindentes
651 2353 716 2388 per
743 2342 892 2376 medium
916 2345 1024 2375 totum
1048 2351 1109 2375 cor
1133 2342 1208 2386 ejus
1232 2341 1434 2383 inscriptum

50 2408 114 2442 hoc
139 2408 296 2450 nomine,
344 2406 448 2442 Jesus
475 2406 657 2450 Christus,
704 2408 831 2441 litteris
865 2407 982 2439 aureis
1008 2407 1197 2440 inveniunt.
1268 2404 1364 2440 Unde
1393 2415 1435 2439 ex

49 2473 114 2508 hoc-
140 2473 279 2518 plurimi
303 2470 538 2506 crediderunt.
608 2472 658 2506 De
682 2471 748 2506 hoc
773 2474 893 2505 sancto
922 2471 972 2503 sic
997 2469 1079 2503 dicit
1101 2469 1302 2504 Bernardus
1329 2481 1435 2515 super

49 2539 237 2584 psalmum:
262 2537 328 2578 Qui
352 2536 504 2571 habitat:
531 2546 678 2582 magnus
701 2536 761 2571 ille
785 2535 942 2581 Ignatius
967 2534 1106 2568 auditor
1135 2534 1308 2580 discipuli,
1335 2546 1435 2581 quem

49 2603 221 2650 diligebat
243 2603 347 2640 Jesus
371 2603 493 2636 martir
519 2606 554 2636 et
578 2602 675 2646 ipse,
723 2601 822 2646 cujus
855 2601 1021 2645 pretiosis
1055 2599 1213 2645 reliquiis
1236 2604 1359 2635 nostra
1382 2606 1437 2636 est

50 2668 161 2703 ditata
183 2671 387 2714 paupertas,
412 2667 560 2703 Mariam
587 2666 724 2712 quidem
750 2667 784 2700 in
813 2665 983 2710 pluribus,
1011 2675 1097 2712 quas
1124 2665 1167 2700 ad
1193 2676 1267 2701 eam
1294 2667 1437 2711 scripsit
