1742 3005
351 72 445 119 Cap.
484 68 655 106 XXXVl.
716 69 775 104 De
806 73 937 105 sancto
968 66 1131 116 ignatio.
1359 65 1432 103 155

555 289 680 352 GAP.
734 287 925 350 xxxvl.

396 392 495 436 De
536 390 756 436 sancto
795 385 1075 445 Ignatio.

137 496 291 542 Ignatius
318 498 442 533 dicitur
468 500 568 544 quasi
594 499 708 544 ignem
736 497 895 542 patiens,
938 495 972 530 id
998 500 1049 530 est
1076 497 1190 541 ignem
1219 495 1356 539 patiens
1383 494 1430 528 dir

51 563 117 596 tini
141 572 217 597 aino
239 563 280 598 is.

137 631 175 664 1.
217 629 356 673 gnatius
392 628 455 662 fuit
489 627 680 673 discipulus
715 627 810 663 beati
844 626 1016 664 Johannis
1043 629 1077 661 et
1099 627 1286 671 episcopus
1312 625 1434 659 Antio-

48 704 170 728 cenus:
213 692 268 727 hie
293 693 477 738 epistolam
504 692 550 727 ad
574 692 714 728 beatam
741 695 911 739 virginem
938 693 1111 727 direxisse
1137 692 1267 738 legitur
1290 693 1324 724 in
1350 690 1437 725 haec-

48 758 167 794 verha.
230 758 461 795 Christiferae
487 758 625 794 Mariae
649 769 732 794 suus
764 758 933 806 Ignatius.
992 757 1052 794 Me
1077 756 1277 802 neophitum
1303 756 1435 792 Johan-

47 826 170 869 nisque
202 826 253 859 tui
288 824 494 870 discipulum
529 824 730 859 confortare
766 828 800 860 et
832 824 1009 859 consolari
1037 823 1231 866 debueras,
1281 822 1324 857 de
1353 822 1436 858 Jesu

49 892 138 925 enim
166 894 225 925 tuo
256 892 398 936 percepi
436 893 522 925 mira
559 890 651 925 dictu
685 894 719 925 et
750 889 968 934 stupefactus
1005 900 1079 924 sum
1105 900 1147 924 ex
1173 887 1312 922 auditu:
1358 898 1379 921 a
1405 891 1437 922 te

48 959 174 998 autern,
201 966 290 1001 quae
315 967 452 1002 semper
477 956 574 990 suisti
600 955 821 990 familiariter
846 956 1044 1000 conjuncta,
1070 959 1105 990 et
1130 957 1344 989 secretorum
1362 956 1437 998 ejus

48 1022 198 1063 conscia,
225 1021 386 1057 desidero
412 1032 455 1058 ex
481 1023 595 1056 animo
625 1022 698 1056 lieri
724 1023 853 1056 certior
879 1033 922 1057 ex
946 1020 1088 1056 auditis.
1136 1020 1267 1056 Valeas
1292 1022 1326 1054 et
1352 1028 1438 1053 neo-

50 1086 150 1132 phiti,
178 1089 238 1133 qui
260 1098 389 1123 mecum
415 1091 507 1131 sunt,
534 1098 577 1122 ex
599 1092 633 1123 te
659 1092 694 1123 et
717 1098 781 1133 per
807 1091 841 1122 te
867 1090 902 1122 et
925 1089 961 1121 in
983 1090 1017 1122 te
1045 1086 1297 1121 confortentur.
1327 1084 1453 1126 Beata,

50 1158 164 1188 autem
198 1155 322 1200 virgo,
371 1154 436 1190 Dei
459 1156 614 1201 genitrix
638 1153 778 1196 Maria,
834 1154 868 1186 in
892 1152 980 1187 haee
1005 1152 1114 1187 verba
1139 1152 1206 1186 sihi
1232 1150 1437 1196 respondit:

50 1218 186 1265 Ignatio
212 1219 339 1254 dilecto
363 1219 602 1265 condiscipulo
628 1218 766 1253 humilis
800 1218 928 1252 ancilla
955 1217 1085 1254 Christi
1109 1217 1205 1253 Jesu.
1267 1216 1318 1250 De
1341 1215 1438 1257 Jesu,

54 1294 140 1329 quae
165 1294 186 1319 a
210 1284 369 1320 Johanne
403 1285 547 1320 audiisti
568 1288 603 1320 et
629 1284 803 1326 didicisti,
842 1294 926 1319 vera
953 1287 1051 1318 sunt:
1099 1282 1161 1317 illa
1186 1280 1333 1324 credas,
1370 1281 1440 1314 illis

53 1349 247 1385 adhaereas
283 1354 319 1385 et
349 1350 617 1386 christianitatis
653 1354 769 1385 votum
802 1349 945 1384 firmiter
978 1353 1101 1383 teneas
1127 1352 1162 1383 et
1186 1357 1301 1382 mores
1328 1351 1362 1382 et
1389 1348 1439 1381 vi-

52 1418 121 1449 tam
148 1419 229 1450 voto
253 1415 462 1450 conformes
496 1414 641 1451 Veniam
668 1418 782 1450 antem
810 1425 878 1449 una
901 1425 976 1449 cum
1000 1414 1160 1450 Johanne
1183 1416 1217 1447 te
1243 1416 1278 1446 et
1305 1413 1364 1457 qui
1390 1416 1441 1447 te-

52 1491 127 1514 euin
153 1484 233 1515 sunt
260 1482 385 1516 visere.
427 1480 490 1516 Sta
515 1484 549 1515 et
571 1481 720 1515 viriliter
744 1491 812 1526 age
836 1482 871 1514 in
896 1480 975 1523 fide,
1001 1490 1044 1514 ne
1068 1484 1102 1514 te
1129 1481 1344 1513 commoveat
1362 1488 1441 1523 per-

53 1547 242 1581 secutionis
278 1548 489 1589 austeritas,
540 1545 602 1581 sed
643 1546 758 1581 valeat
785 1550 819 1582 et
845 1545 998 1581 exsultet
1029 1546 1175 1589 spiritus
1200 1548 1279 1578 tuus
1307 1545 1343 1577 in
1369 1542 1442 1578 Deo

54 1612 202 1646 salutari
229 1612 264 1656 ¹)
286 1614 346 1646 tuo
372 1621 482 1647 amen.
513 1632 558 1637 -
580 1632 626 1638 -
649 1632 695 1638 -
728 1615 771 1649 2.
808 1611 945 1646 Tantae
970 1613 1085 1645 autem
1111 1610 1332 1643 auctoritatis
1357 1609 1443 1644 bea-

55 1683 109 1711 tus
135 1675 293 1723 Ignatius
318 1678 472 1721 exstitit,
501 1677 593 1722 quod
620 1678 722 1713 etiam
748 1678 958 1723 Dyonisius,
983 1676 1083 1711 Pauli
1109 1675 1265 1720 apostoli
1290 1675 1442 1719 discipu-

57 1744 130 1786 lus,
184 1745 243 1788 qui
267 1742 331 1777 suit
354 1744 390 1777 in
414 1742 642 1788 philosophia
666 1747 734 1778 tam
762 1753 914 1778 summus
940 1746 974 1777 et
998 1743 1034 1775 in
1058 1741 1177 1776 divina
1202 1742 1350 1776 seientia
1376 1745 1444 1774 tarn

58 1809 247 1855 perfectus,
272 1807 415 1843 verbum
438 1808 536 1844 beati
560 1808 691 1855 Ignatii
715 1809 759 1843 ad
787 1809 1084 1844 confirmationem
1111 1808 1280 1842 dictorum
1305 1817 1445 1842 suorum

58 1881 220 1920 tanquam
246 1884 309 1919 pro
334 1876 544 1910 auctoritate
569 1874 766 1910 adduxerit.
815 1874 899 1910 Cum
926 1876 1036 1917 enim,
1065 1877 1102 1908 ut
1126 1875 1203 1919 ipse
1226 1875 1262 1908 in
1286 1873 1378 1908 libro
1404 1873 1446 1908 de

58 1940 185 1974 divinis
219 1939 414 1974 nominibus
445 1944 654 1983 attestatur,
702 1940 842 1986 quidam
867 1951 991 1975 nomen
1016 1942 1146 1975 amoris
1172 1942 1206 1974 in
1239 1939 1366 1975 divinis
1392 1950 1447 1974 re-

60 2004 314 2050 prehenderent
337 2004 513 2048 dicentes,
539 2007 574 2040 in
595 2006 722 2041 divinis
747 2017 816 2040 non
839 2010 909 2040 tam
935 2017 1014 2042 esse
1039 2017 1164 2041 nomen
1187 2007 1316 2040 amoris
1345 2015 1446 2050 quam

59 2071 276 2113 dilectionis,
303 2069 423 2105 volens
449 2071 634 2106 ostendere
661 2071 727 2106 hoc
752 2073 888 2107 nomine
915 2073 1044 2106 amoris
1070 2082 1134 2117 per
1160 2072 1275 2106 omnia
1298 2072 1335 2105 in
1359 2070 1447 2104 divi-

60 2137 120 2175 nis,
139 2146 217 2171 esse
242 2135 427 2178 utendum,
454 2137 521 2171 ait:
555 2136 678 2172 scribit
701 2140 817 2172 autem
840 2137 978 2172 divinus
1002 2137 1180 2184 Ignatius:
1229 2147 1328 2172 amor
1352 2146 1448 2171 meus

59 2202 242 2236 crucifixus
276 2204 342 2237 est.
379 2222 424 2228 -
447 2222 488 2227 -
511 2222 557 2228 -
593 2206 636 2240 3.
671 2203 821 2249 Legitur
854 2205 889 2237 in
913 2203 1073 2249 hystoria
1106 2204 1304 2248 tripartita,
1356 2201 1447 2247 quod

58 2266 216 2312 Ignatius
240 2266 376 2302 audivit
400 2268 549 2313 angelos
572 2273 755 2304 cantantes
779 2269 991 2315 antiphonas
1009 2270 1046 2315 ²)
1061 2280 1168 2315 super
1187 2272 1337 2303 montem
1353 2271 1446 2302 stan-

62 2336 126 2372 teS,
152 2329 277 2365 exinde
301 2333 424 2366 statuit
447 2332 659 2378 antiphonas
687 2336 823 2370 cantari
847 2337 881 2369 in
907 2335 1059 2371 ecclesia
1082 2339 1118 2370 et
1141 2334 1297 2380 psalmos
1326 2342 1448 2367 secun-

63 2396 140 2430 dnm
165 2395 376 2441 antiphonas
402 2397 565 2433 intonari.
639 2398 721 2434 Cum
747 2410 833 2446 ergo
859 2400 984 2436 beatus
1008 2400 1165 2446 Ignatius
1192 2399 1251 2433 diu
1275 2409 1339 2444 pro
1363 2407 1448 2443 pace

62 2461 232 2496 ecelesiae
258 2460 430 2496 dominum
455 2470 659 2508 exorasset,
697 2476 765 2500 non
791 2475 909 2507 suum,
937 2464 999 2500 sed
1026 2465 1236 2499 infirmorum
1262 2463 1450 2509 periculum

131 2627 159 2659 1)
180 2630 259 2653 Haec
279 2627 338 2653 duo
357 2627 506 2654 vocabula
526 2627 637 2655 omittit
657 2628 709 2655 Ed.
730 2632 772 2656 l'r.
876 2630 911 2662 2)·
927 2628 1039 2656 Verba:
1066 2638 1185 2663 super
1203 2632 1368 2656 montem
1388 2638 1430 2654 an
1449 2644 1451 2647 -

63 2671 248 2706 tiphon-'15
270 2671 380 2699 onu‘uit
400 2672 452 2702 L'd.
473 2676 524 2700 l'r..
547 2672 651 2700 ultima
672 2682 742 2700 xero
762 2684 822 2701 vox
842 2673 1021 2701 intonari
1042 2674 1127 2702 deest
1147 2674 1176 2702 in
1195 2673 1333 2709 plurimis
1354 2673 1439 2701 libris
