1742 3005
407 66 501 114 Cap.
536 65 652 101 CXX.
714 66 771 102 De
803 73 931 102 sancto
970 66 1180 105 nei-nardo.
1402 67 1482 107 535

94 171 240 212 tavei-ts,
274 169 339 204 hoc
370 170 454 205 mihi
488 172 711 217 aliquatenus
747 183 814 206 uon
849 173 993 207 celabis.
1043 174 1212 208 Laetatus
1249 174 1308 208 ille
1333 179 1478 210 ettam-

93 245 194 281 quam
224 236 414 280 jumentum
443 238 517 282 Jam
550 238 717 272 lucratum
750 248 790 273 se
823 243 988 283 reputans
1025 239 1193 274 audacter
1222 239 1357 274 secedit
1384 245 1478 276 etse

92 304 202 346 ipsum
229 301 440 348 recolligens
466 305 660 338 orationem
687 304 889 337 dominicam
924 304 1042 339 dicere
1068 304 1255 339 inchoavit.
1305 304 1369 340 vix
1396 316 1477 340 ora-

89 368 195 401 tionis
222 367 378 412 explevit
402 368 577 403 dimidium
604 373 638 404 et
665 379 745 404 ecce
770 371 967 412 importuna
991 371 1161 414 cogitatio
1197 369 1240 404 de
1264 370 1356 404 sella
1381 371 1480 406 cordi

91 442 153 467 suo
183 443 221 468 se
247 434 394 479 ingerit,
421 438 531 468 utrum
558 445 631 469 eam
659 433 791 468 habere
817 432 946 467 debeat
972 444 1046 467 cum
1075 435 1247 478 jumento,
1294 436 1394 474 Quod
1419 437 1478 472 ille

89 499 276 533 advertens
307 501 464 533 concitus
504 499 548 532 ad
583 498 797 532 Bernardum
833 498 937 532 rediit
971 503 1004 532 et
1032 499 1116 544 quid
1150 501 1183 532 in
1209 500 1288 543 ipsa
1315 502 1477 536 oratione

89 565 240 599 sollicite
269 565 501 609 cogitaverit,
535 563 702 597 indicavit
737 568 771 598 et
803 563 846 598 de
883 575 920 599 se
956 569 1081 608 postea
1113 569 1243 599 temere
1278 576 1344 599 non
1372 576 1474 610 prae-

88 631 220 665 sumsit.
277 628 400 663 Frater
431 627 606 663 Robertus
645 630 721 674 ejus
766 630 954 664 monachus
997 634 1029 665 et
1070 630 1256 665 secundum
1299 631 1474 665 saeculum

87 696 301 741 propinquus
335 696 368 728 in
399 694 643 729 adolescentia
675 704 739 729 sua
772 695 987 740 quorundam
1032 696 1262 740 persuasione
1304 695 1473 741 deceptus

87 761 287 796 cluniacum
323 770 361 795 se
393 761 601 796 contulerat.
652 759 874 795 Venerabilis
909 765 1021 796 autem
1057 766 1158 806 pater
1189 765 1373 806 postquam
1405 762 1472 796 ali-

85 826 249 873 quamdiu
263 826 509 868 dissimnlavit,
536 825 679 861 eundem
700 828 822 860 statuit
846 837 908 870 per
934 827 1118 871 epistolam
1146 836 1327 862 revocare.
1364 827 1470 866 Quam

84 903 160 927 cum
184 891 249 926 sub
285 891 366 925 divo
393 891 541 926 dictaret
573 896 606 926 et
634 892 724 925 alius
752 891 941 925 monachus
969 902 1042 926 eam
1069 903 1110 926 ex
1137 901 1197 926 ore
1224 901 1287 925 suo
1314 894 1470 926 conscri-

84 960 203 1000 beret,
236 958 352 992 subito
386 958 584 1001 inopinatus
616 956 726 991 imber
759 958 873 1001 erupit
899 961 932 992 et
957 956 1032 999 liic,
1060 958 1119 1002 qui
1144 957 1343 1000 scribebat,
1367 958 1469 993 char-

81 1030 150 1059 tam
176 1023 384 1068 complicare
410 1022 530 1057 voluit.
580 1022 641 1057 Cui
664 1022 884 1056 Bet-nardus:
919 1033 1006 1068 opus
1032 1023 1095 1058 Dei
1121 1027 1195 1065 est,
1235 1022 1391 1058 scribere
1417 1034 1468 1058 me

82 1089 260 1124 formides
311 1088 462 1133 Scripsit
496 1099 582 1134 ergo
615 1088 799 1133 epistolam
843 1089 876 1122 iu
924 1088 1037 1123 medio
1078 1087 1187 1123 imbre
1229 1089 1304 1122 sine
1346 1088 1464 1123 imbre.

81 1155 162 1191 Cum
197 1156 286 1190 enim
318 1153 472 1199 undique
506 1154 660 1199 plueret,
695 1153 822 1188 ibidem
849 1157 962 1188 tamen
988 1154 1182 1188 molestiam
1210 1153 1330 1187 imbris
1358 1156 1467 1188 virtus

41 1221 215 1271 ἭΞῖιριιίἰῐ
238 1220 409 1255 caritatis.
459 1219 541 1253 Cum
568 1219 743 1265 quoddam
768 1220 1037 1260 monasterium,
1073 1219 1165 1265 quod
1199 1220 1251 1253 vir
1283 1218 1346 1254 Dei
1381 1228 1465 1253 con-

81 1270 277 1328 struxerat,
312 1289 521 1331 occupasset
547 1295 740 1319 muscarum
769 1285 985 1320 incredibilis
1011 1284 1216 1327 multitudo,
1251 1287 1299 1319 ita
1333 1288 1367 1319 nt
1394 1295 1466 1319 om-

79 1353 182 1387 nihus
209 1361 352 1397 gravem
381 1351 575 1385 molestiam
603 1356 833 1396 generarent,
868 1352 926 1386 ille
962 1351 1066 1385 dixit:
1104 1362 1170 1398 ego
1207 1353 1466 1386 excommunico

78 1428 151 1454 eas.
201 1416 306 1452 Mane
331 1421 444 1452 autem
469 1427 587 1451 omnes
605 1418 738 1462 pariter
756 1421 910 1451 mortuas
931 1419 1145 1452 invenerunt.
1197 1417 1277 1451 (lum
1298 1427 1319 1451 a
1338 1427 1467 1451 summo

78 1482 242 1530 pontifice
266 1482 504 1518 Mediolanum
531 1484 656 1516 missus
682 1482 826 1524 suisset,
859 1487 897 1517 ut
930 1484 1026 1527 ipsos
1058 1493 1131 1517 cum
1164 1483 1314 1517 ecclesia
1341 1492 1465 1516 recon-

77 1550 217 1586 ciliaret
241 1553 275 1584 et
295 1549 369 1594 jam
394 1547 536 1593 Papiam
557 1547 734 1590 rediisset,
763 1547 902 1593 quidam
924 1558 1065 1582 uxorem
1087 1557 1184 1582 suam
1204 1548 1466 1582 daemoniacam

82 1615 125 1650 ad
151 1626 226 1650 eum
252 1613 397 1649 adduxit
423 1624 571 1659 moxque
597 1623 660 1658 per
692 1623 730 1648 os
766 1614 916 1648 miserae
943 1614 1098 1648 mulieris
1127 1613 1298 1658 dyabolus
1324 1614 1357 1647 in
1382 1624 1466 1647 con—

79 1681 240 1716 tumelias
281 1681 356 1726 ejus
402 1680 562 1724 prorupit
611 1679 754 1713 dicens:
800 1689 868 1713 non
911 1690 963 1714 me
1001 1679 1044 1714 de
1085 1679 1265 1722 ¹)anicula
1299 1689 1375 1713 mea
1409 1678 1468 1712 hic

79 1746 241 1792 porrulos
265 1745 373 1780 edens
400 1749 434 1780 et
460 1745 640 1779 brassicas
666 1744 839 1779 devorans
872 1745 990 1789 pellet.
1040 1747 1086 1780 At
1120 1746 1171 1779 vir
1194 1745 1257 1780 Dei
1284 1746 1395 1789 ipsam
1422 1744 1467 1777 ad

79 1812 261 1847 ecclesiam
296 1810 393 1846 beati
428 1810 506 1855 Syri
539 1811 690 1852 remisit,
729 1810 854 1844 beatus
887 1814 999 1845 autem
1027 1810 1133 1855 Syrus
1160 1809 1292 1855 hospiti
1318 1820 1380 1843 suo
1407 1809 1468 1843 de-

79 1878 172 1912 ferre
213 1877 323 1912 voluit
356 1886 421 1911 nec
453 1875 565 1911 eidem
602 1875 735 1921 aliquid
769 1877 961 1910 curationis
998 1875 1165 1921 impendit
1190 1877 1310 1921 sicque
1344 1876 1466 1909 iterum

79 1942 125 1977 ad
156 1942 295 1977 beatum
328 1941 543 1977 Bernardum
577 1941 729 1975 adducta
762 1946 825 1976 est.
876 1941 975 1975 Tunc
1011 1941 1184 1986 dyabolus
1222 1952 1284 1986 per
1319 1951 1359 1975 os
1391 1941 1468 1986 ejus

79 2010 217 2054 garrire
252 2009 369 2051 coepit
403 2015 446 2039 ac
479 2006 615 2040 dicere:
660 2016 728 2040 non
767 2016 821 2040 me
866 2007 1020 2050 expellet
1063 2007 1207 2051 Syn-utus
1251 2016 1314 2041 nec
1353 2007 1471 2050 ejiciet

83 2071 373 2117 ²)Bernardinus.
422 2070 475 2105 Ad
501 2069 588 2104 haec
615 2080 737 2104 servus
753 2070 818 2104 Dei
844 2071 1044 2115 respondit:
1071 2081 1135 2105 nec
1160 2071 1268 2115 Syrus
1294 2080 1356 2104 uec
1382 2069 1467 2103 Ber-

80 2137 210 2173 nardus
236 2141 272 2172 te
297 2137 435 2182 ejiciet,
462 2134 525 2170 sed
552 2134 711 2168 dominus
735 2133 839 2170 Jesus
867 2134 1039 2169 Christus.
1088 2135 1173 2170 Mox
1197 2134 1312 2169 utillo
1335 2135 1469 2168 oratio-

79 2214 156 2239 nem
194 2202 336 2245 effudit,
372 2202 516 2246 spiritus
550 2209 697 2244 nequam
731 2199 840 2234 dixit:
879 2210 979 2245 quam
1016 2200 1166 2235 libenter
1199 2199 1393 2246 egrederer
1425 2199 1468 2233 ab

81 2269 150 2302 hac
173 2267 332 2309 anicula,
369 2267 526 2312 graviter
550 2265 755 2300 molestatus
780 2267 813 2299 in
840 2266 903 2300 ea!
954 2265 1063 2306 Quam
1088 2266 1239 2301 libenter
1257 2264 1471 2311 egrederer!

83 2333 152 2368 Sed
185 2343 254 2367 non
287 2342 451 2377 possum,
488 2332 570 2376 quia
604 2326 928 2377 nonvultmagnus
965 2331 1135 2366 dominus.
1212 2331 1273 2364 (lui
1308 2333 1471 2363 sanctus:

27 2441 29 2444 .
84 2403 118 2432 et
150 2399 227 2443 quis
261 2401 316 2432 est
350 2406 496 2442 magnus
529 2395 716 2430 dominus?
773 2396 834 2430 Cui
876 2397 955 2431 ille:
1001 2396 1104 2432 Jesus
1140 2384 1356 2431 Nazarenus.
1414 2394 1468 2428 Ad

83 2475 182 2510 quem
216 2465 269 2499 vir
302 2463 385 2497 Dei:
420 2461 586 2496 vidistine
619 2471 769 2506 unquam
802 2463 908 2497 cum?
957 2462 1030 2501 Quo
1063 2460 1316 2506 respondente:
1355 2461 1469 2501 etiam,

84 2530 152 2563 ait:
187 2529 245 2563 nbi
283 2539 356 2563 eum
395 2526 540 2561 vidisti?
589 2525 632 2561 Et
664 2526 745 2561 ille:
779 2528 811 2560 in
846 2526 974 2572 gloria.
1025 2526 1068 2561 Et
1103 2527 1266 2560 sanctus:
1304 2529 1338 2561 et
1368 2529 1405 2560 tu
1438 2527 1471 2559 in

84 2594 200 2639 gloria
226 2594 351 2628 suisti?
401 2592 475 2632 Quo
495 2591 748 2637 respondente:
774 2593 905 2637 utique,
933 2593 997 2626 ait:
1024 2592 1197 2637 quomodo
1222 2591 1303 2627 inde
1326 2592 1471 2627 exiisti?

152 2673 178 2703 1)
199 2674 267 2699 fleo.
287 2671 441 2703 agnicul
455 2681 468 2697 a
490 2669 626 2697 offerunt.
731 2671 758 2697 ’,ἢ
779 2669 830 2698 m.
852 2673 894 2697 l'r.
914 2669 1140 2697 nos-nardus
1162 2667 1256 2696 offert.
