1742 3005
266 118 348 156 610
445 118 544 168 Cap.
577 117 806 154 cxxxvii.
866 119 925 154 De
957 117 1191 154 exaltatione
1222 123 1374 154 sanctae
1405 116 1539 153 crucis.

267 224 416 258 caeteris
442 224 626 266 praeerat,
654 222 687 255 iu
713 232 831 256 eorum
858 220 972 256 medio
997 221 1193 263 considere,
1221 223 1278 266 qui
1303 223 1419 267 eoepit
1444 221 1659 267 singulorum

268 289 450 332 spirituum
485 285 553 320 sibi
585 285 852 332 obsequentium
884 296 1010 321 causas
1047 290 1215 332 actusque
1244 287 1440 329 discutere,
1476 290 1660 332 quatenus,

267 353 508 397 unusquisque
528 357 692 397 quantum
713 355 848 399 egisset
867 353 1059 397 nequitiae,
1080 353 1263 386 inveniret.
1287 352 1430 387 Modum
1451 357 1564 386 autem
1587 352 1659 386 ‹tis-

267 418 443 453 cussionis
476 416 670 463 Gregorius
707 428 815 453 causa
849 419 1034 453 brevitatis
1065 419 1278 462 pertransit,
1320 416 1382 451 sed
1419 427 1460 451 ex
1491 418 1596 450 simili
1628 418 1661 450 in

269 483 419 529 quodam
447 483 625 528 exemplo,
656 484 748 529 quod
776 485 906 530 legitur
930 485 965 518 in
992 484 1073 518 vitis
1099 486 1256 528 patrum,
1287 483 1507 517 innotescere
1533 486 1661 527 potest.

270 549 355 584 Nam
391 549 468 583 dum
496 549 634 595 quidam
660 551 693 584 iu
720 551 884 595 templum
910 549 1092 594 ydolorum
1124 550 1309 591 intrasse-t,
1351 548 1440 582 vidit
1471 547 1662 582 Sathanam

270 615 450 650 sedentem
486 619 520 650 et
553 626 686 650 omnem
723 616 800 661 ejus
832 615 987 649 militiam
1024 617 1055 649 ei
1082 614 1289 649 adstantem.
1339 612 1382 648 Et
1407 615 1550 649 veniens
1575 623 1663 647 unus

272 680 495 725 dentalignis
514 681 697 724 spiritibus
719 681 879 715 adoravit
905 691 991 715 eum.
1042 681 1104 716 Cui
1131 680 1209 715 ille:
1233 680 1323 714 unde
1349 679 1470 714 venis?
1518 678 1562 714 Et
1588 678 1663 713 ille:

270 747 302 778 in
330 745 393 778 illa
417 747 599 789 provintia
627 746 675 779 sui
703 751 736 780 et
762 747 811 780 ibi
837 743 930 780 bella
955 746 1105 790 plurima
1129 746 1296 779 suscitavi
1323 749 1356 780 et
1381 745 1664 789 perturbationes

270 810 396 843 multas
433 809 499 844 feci
539 815 573 845 et
608 812 813 856 sanguinem
849 813 1028 855 copiosum
1067 809 1173 845 effudi
1210 814 1244 844 et
1279 812 1356 844 veni
1392 811 1553 843 nuntiare
1586 810 1662 844 tibi.

271 874 314 909 Et
327 875 460 909 Satban
478 877 544 910 ait:
573 881 701 921 quanto
722 880 881 921 tempore
903 875 968 910 boc
993 876 1141 910 fecisti?
1187 874 1230 910 Et
1246 875 1324 910 ille:
1351 877 1385 909 in
1406 874 1507 909 XXX
1527 875 1663 910 diebus.

271 940 314 975 Et
339 940 494 976 Sathau:
527 951 635 987 quare
660 941 727 975 hoc
752 946 849 976 tanto
878 946 1033 986 tempore
1062 941 1206 976 fecisti?
1253 940 1296 976 Et
1320 943 1370 976 ait
1396 940 1664 975 assistentibus:

272 1008 320 1040 ite
355 1011 389 1040 et
421 1006 572 1052 flagellis
609 1018 683 1041 eum
715 1007 851 1042 caedite
880 1011 914 1042 et
940 1007 1060 1041 durius
1086 1007 1282 1042 verberate.
1330 1006 1375 1042 Et
1403 1006 1576 1041 sccundus
1603 1017 1663 1041 ve-

272 1074 373 1106 niens
401 1072 565 1106 adoravit
591 1084 666 1107 eum
694 1073 833 1107 dicens:
860 1075 892 1106 in
919 1074 1026 1114 mari,
1054 1073 1209 1115 domine,
1237 1083 1328 1108 eram
1357 1076 1390 1107 et
1414 1073 1664 1106 commotiones

273 1139 439 1172 maximas
467 1140 615 1172 excitavi
642 1142 675 1173 et
700 1148 808 1173 naves
833 1138 959 1172 multas
989 1138 1159 1180 demersi,
1197 1138 1355 1173 homines
1391 1138 1665 1183 quamplurimos

272 1204 398 1238 occidi.
448 1202 489 1238 Et
514 1205 584 1238 ait:
610 1208 739 1249 quanto
763 1207 921 1248 tempore
946 1203 1015 1238 boo
1042 1204 1183 1239 fecisti?
1230 1203 1363 1238 Etille:
1389 1205 1421 1237 in
1437 1204 1504 1238 XX
1527 1203 1663 1238 diebus.

272 1268 313 1303 Et
334 1270 445 1315 jussit
470 1268 558 1303 bunc
584 1269 746 1304 similiter
768 1268 944 1315 flagellari
971 1269 1107 1304 dicens:
1136 1271 1184 1303 ita
1204 1270 1373 1304 modicum
1392 1273 1489 1303 tanto
1506 1273 1665 1314 tempore

271 1335 459 1370 laborasti.
508 1334 551 1369 Et
575 1336 699 1370 tertius
728 1336 870 1370 veniens
899 1336 964 1369 ait:
1000 1336 1035 1369 in
1072 1334 1220 1380 quadam
1256 1336 1399 1370 civitate
1432 1335 1480 1369 fui
1507 1339 1541 1369 et
1569 1336 1664 1369 rixas

272 1402 307 1435 in
345 1400 551 1446 quibusdam
586 1402 718 1446 nuptiis
752 1402 901 1435 excitavi
934 1405 968 1436 et
992 1401 1131 1434 multam
1156 1402 1340 1447 sauguinis
1369 1400 1571 1435 effusionem
1599 1400 1665 1435 feci

273 1471 308 1501 et
338 1477 505 1511 sponsum
540 1468 651 1512 ipsum
686 1466 797 1502 occidi
825 1470 859 1501 et
883 1467 961 1501 veni
987 1469 1147 1501 nuntiare
1171 1466 1247 1501 tibi.
1298 1466 1360 1500 Cui
1397 1465 1502 1500 dixit:
1537 1470 1667 1512 quanto

273 1536 429 1576 tempore
463 1533 528 1567 boe
565 1533 710 1568 fecisti?
757 1532 801 1567 Et
834 1533 916 1567 ille:
952 1534 987 1566 in
1021 1532 1054 1567 X
1087 1532 1223 1568 diebus.
1271 1531 1317 1567 Et
1350 1531 1409 1567 ille
1440 1534 1510 1566 ait:
1551 1542 1667 1566 nonne

272 1597 374 1642 plura
399 1599 433 1631 in
459 1603 510 1632 tot
536 1598 661 1632 diebus
687 1602 853 1643 operatus
879 1599 947 1634 es?
993 1597 1037 1633 Et
1068 1600 1179 1644 jussit
1209 1609 1285 1633 eum
1316 1608 1337 1633 a
1364 1597 1667 1633 circumstantibus

273 1663 467 1697 verberari.
516 1662 559 1697 Et
577 1667 721 1708 quartus
744 1665 888 1698 veniens
907 1666 976 1698 ait:
1007 1666 1041 1699 in
1067 1675 1183 1699 eremo
1202 1666 1312 1698 mansi
1338 1668 1373 1699 et
1399 1674 1462 1709 per
1476 1663 1540 1698 XL
1556 1673 1666 1697 anuos

274 1729 367 1762 circa
393 1728 563 1774 quendam
591 1728 793 1762 monachum
823 1729 983 1763 laboravi
1017 1734 1051 1764 et
1085 1732 1141 1765 vix
1168 1730 1306 1765 taudem
1331 1732 1443 1775 ipsum
1471 1732 1504 1765 in
1531 1730 1666 1775 lapsum

271 1795 387 1827 earnis
414 1796 657 1839 praecipitavi.
708 1794 806 1834 Quod
833 1794 967 1829 Sathau
993 1796 1139 1830 audiens
1173 1796 1216 1831 ‹le
1247 1796 1337 1830 solio
1363 1806 1426 1830 suo
1454 1797 1606 1830 surrexit
1632 1798 1666 1829 et

271 1868 347 1891 eum
380 1860 546 1894 osculans
582 1860 624 1894 ‹le
658 1862 773 1904 eapite
805 1871 868 1894 suo
905 1871 1068 1895 coronam
1102 1861 1249 1895 abstulit
1281 1865 1315 1894 et
1350 1862 1457 1905 capiti
1482 1861 1576 1894 illius
1603 1861 1663 1894 im-

270 1925 406 1966 posuit,
441 1934 480 1958 ae
506 1927 618 1970 ipsum
646 1936 760 1960 secum
789 1925 975 1960 considere
1005 1926 1088 1960 fecit
1113 1925 1253 1960 dicens:
1289 1936 1448 1971 magnam
1482 1937 1553 1960 rem
1591 1926 1663 1960 for-

268 1989 353 2022 titer
379 1990 485 2034 egisti
513 1994 546 2025 et
572 1991 650 2035 plus
680 1992 838 2026 omnibus
865 1991 1049 2025 laborasti.
1097 1991 1159 2025 llic
1186 1993 1293 2037 igitur
1318 1992 1371 2026 vel
1398 1992 1521 2025 similis
1547 1995 1665 2036 potest

270 2063 349 2088 esse
377 2054 500 2088 modus
527 2056 620 2089 illius
648 2057 902 2098 discussionis,
930 2067 1030 2101 quam
1058 2056 1252 2102 Gregorius
1279 2058 1538 2101 praetermittit.
1580 2057 1661 2092 Cum

271 2128 357 2163 ergo
384 2120 515 2163 singuli
541 2122 686 2165 spiritus
723 2109 959 2167 exponerent,
995 2123 1076 2167 quid
1112 2124 1292 2168 egissent,
1327 2133 1414 2157 uuus
1449 2124 1483 2156 in
1514 2122 1661 2157 medium

269 2183 467 2226 prosilivit,
514 2189 547 2220 et
589 2191 722 2231 quauta
768 2189 883 2222 carnis
918 2189 1113 2223 tentatione
1148 2188 1191 2223 (le
1225 2189 1287 2222 illa
1318 2189 1574 2223 sanctimoniali
1610 2188 1663 2223 se-

269 2249 361 2283 mina
395 2250 560 2286 Andreae
594 2254 741 2287 animum
774 2255 1037 2297 commovisset,
1081 2255 1221 2299 aperuit
1253 2253 1409 2296 addens,
1451 2253 1542 2300 quotl
1585 2253 1661 2289 beri

267 2313 356 2347 bora
384 2325 611 2360 vesperarum
638 2329 748 2363 usque
774 2319 890 2353 adbuc
916 2323 991 2364 eJus
1018 2324 1163 2354 mentem
1192 2322 1360 2363 traxerit,
1394 2324 1432 2354 ut
1465 2321 1499 2353 in
1523 2324 1660 2366 tergum

266 2380 343 2423 ejus
369 2379 554 2416 blandiens
580 2382 717 2427 alapam
743 2384 856 2420 daret.
905 2385 1003 2419 Tunc
1028 2386 1202 2431 malignus
1229 2388 1374 2431 spiritus
1399 2397 1472 2421 eum
1499 2386 1659 2420 hortatus

265 2448 336 2486 est,
363 2449 399 2479 nt
425 2447 631 2490 perliceret,
658 2449 750 2494 quod
776 2451 973 2495 coepisset,
1000 2455 1037 2485 ut
1062 2452 1156 2486 illius
1183 2453 1305 2486 minae
1329 2452 1543 2497 singularem
1568 2453 1658 2484 iuter

263 2514 424 2545 caeteros
451 2513 598 2556 palmam
626 2518 774 2557 teneret,
802 2518 1065 2561 praecepitque,
1090 2521 1127 2551 ut
1143 2522 1341 2562 quaereret,
1371 2519 1527 2562 quisnam
1549 2520 1654 2555 esset,

262 2576 321 2617 qui
348 2577 474 2620 jacere
506 2579 539 2612 in
569 2580 698 2624 templo
732 2581 852 2616 eodem
880 2583 1162 2626 praesumsisset.
1213 2583 1294 2617 Cum
1320 2587 1431 2616 autem
1465 2580 1524 2614 ille
1549 2580 1654 2615 velie-

260 2642 406 2673 nwntius
437 2644 627 2688 palpitaret
664 2650 697 2679 et
732 2648 829 2681 missi
864 2649 1008 2692 spiritus
1044 2659 1118 2682 eum
1149 2650 1261 2681 crucis
1286 2647 1450 2691 mysterio
1477 2647 1652 2691 signatum

260 2702 436 2743 viderent,
481 2712 591 2743 territi
635 2711 888 2748 clamaverunt:
933 2724 1014 2747 vere
1053 2723 1113 2747 vas
1151 2722 1314 2753 vacuum,
1361 2711 1421 2745 sed
1463 2712 1649 2757 signatum.
