1742 3005
273 138 358 177 946
416 140 514 188 Cap.
553 136 770 172 ccxxxii.
843 136 900 171 De
931 141 1063 171 sancto
1093 134 1291 171 Vincentio
1323 136 1537 173 consessore
1569 144 1640 173 etc.

265 244 313 277 qui
348 252 383 269 eo
415 241 534 276 saepius
568 240 759 267 ecclesiarum
793 240 894 266 limina
926 239 1146 273 frequentasset
1181 243 1230 265 aut
1261 238 1380 266 avidius
1404 240 1638 273 praedicatorum

265 287 430 313 dot-trinam
449 286 593 313 audiisset
610 286 660 311 vel
680 285 811 312 crebrius
830 286 999 319 jejunasset.
1034 285 1198 311 Proborum
1215 284 1369 311 hominum
1385 284 1521 315 vestigiis
1539 286 1639 311 inhae-

265 333 364 363 rebat,
385 340 545 366 pravorum
563 330 689 362 vestigia
709 329 864 362 devitans,
888 330 1070 364 pauperibus
1097 339 1131 357 ac
1148 328 1264 356 miseris
1284 329 1373 356 eorde
1392 329 1639 363 compatiebatur,

263 377 439 404 facultatum
452 385 567 403 suarum
579 376 746 410 portionem
763 375 982 401 administrans.
1002 379 1197 408 Posteaquam
1205 382 1278 401 vero
1288 373 1411 401 coelesti
1425 382 1489 400 rore
1504 373 1640 408 perfusus

261 430 350 454 agens
369 421 516 447 decimum
535 426 675 447 octavum
694 430 802 446 annum
821 420 927 452 attigit,
947 420 1001 447 sub
1024 420 1122 452 regula
1137 424 1165 446 et
1183 419 1327 446 institutis
1346 418 1469 445 fratrum
1487 419 1640 452 praedica-

264 472 360 493 torum
384 467 488 492 vivere
515 471 670 498 sumtoque
697 465 801 492 habitu
827 465 1061 497 singularissime.
1089 465 1184 497 legere
1212 464 1326 491 studuit
1353 463 1448 490 sancti
1473 463 1566 498 patris
1595 464 1640 490 sui

265 511 410 538 Dominici
429 516 527 543 gesta,
552 516 584 537 ut
610 511 662 537 illa
681 510 826 544 imprimis
846 510 1039 543 intelligeret,
1066 510 1096 536 in
1115 509 1222 543 quibus
1247 518 1332 536 suum
1351 509 1457 535 ducem
1476 512 1553 535 esset
1573 508 1639 535 imi-

264 561 385 583 taturus.
420 556 535 582 Deinde
555 556 593 582 ob
614 557 675 588 ejus
694 555 821 582 virtutes
840 555 979 582 mirificas
1006 560 1034 582 et
1054 555 1179 581 eximiae
1199 554 1366 581 sanctitatis
1384 562 1492 581 nomen
1512 552 1640 585 effugere

262 610 321 629 non
342 601 454 636 potuit,
481 610 539 634 quo
558 601 655 628 minus
675 610 728 635 per
747 600 822 627 duos
842 609 934 628 annos
954 609 1100 627 summum
1118 599 1292 634 pontificem
1311 602 1483 631 sequeretur
1503 602 1640 631 essetque

263 646 416 673 consessor
435 654 504 672 suus
524 650 553 671 et
572 646 711 677 magister
730 645 805 672 sacri
824 645 937 680 palatii.
976 645 1108 678 Denique
1121 645 1201 679 apud
1215 644 1401 671 Avenionem
1416 643 1443 670 ei
1457 643 1639 675 gravissimis

262 691 397 718 febribus
422 696 566 725 occupato
592 690 730 717 dominus
750 693 834 716 Jesns
854 690 984 717 Christus
1009 690 1082 717 mira
1108 689 1237 723 quadam
1257 689 1391 716 claritate
1410 697 1568 719 coruscans
1587 700 1639 725 ap-

263 736 360 771 paruit
385 736 505 762 mittens
530 744 597 761 eum
624 735 662 761 ad
688 743 719 761 se
747 734 1015 766 evangelizandum
1041 744 1094 768 per
1119 734 1273 761 universas
1300 733 1464 761 occidentis
1495 735 1639 766 regiones.

261 780 389 807 maxime
407 784 439 806 ut
458 780 608 806 nuntiaret
625 779 728 813 iudicii
747 779 826 805 diem
844 779 1030 814 temporibus
1049 780 1158 806 nostris
1186 787 1250 805 esse
1276 778 1490 812 propinquum,
1517 784 1545 806 et
1570 785 1641 814 post

261 825 371 857 multa,
392 825 499 858 quibus
520 825 666 852 Christum
685 824 855 851 consolatus
876 829 921 851 est
941 828 970 851 et
988 823 1144 856 instruxit,
1169 822 1332 850 extendens
1351 833 1471 850 manum
1488 824 1639 851 maxillam

262 872 325 904 ejus
344 870 452 896 leviter
470 869 568 901 tetigit
587 870 616 896 in
636 869 751 901 signum
771 868 928 901 singularis
945 867 1167 896 familiaritatis.
1203 870 1268 903 Quo
1295 867 1468 894 discedente
1494 869 1530 895 ab
1550 877 1585 896 eo
1605 879 1640 896 ex

260 915 371 942 lectulo
391 914 517 941 surrexit
537 922 624 940 sanus
644 922 771 947 moxque
791 923 822 940 se
841 915 1002 947 succinxit,
1026 919 1059 941 ut
1082 914 1190 941 Christi
1217 913 1332 940 domini
1350 912 1443 938 nostri
1462 912 1639 944 legationem

261 960 419 991 diligenter
439 963 658 992 exsequeretur.
695 959 857 991 Peragratis
876 964 976 986 autem
995 959 1156 986 Galliarum
1184 963 1212 985 et
1238 958 1453 993 Hyspaniarum
1476 957 1550 984 ]ocis
1574 959 1640 984 uni-

260 1005 355 1032 versis
382 1005 508 1031 verbum
534 1004 588 1030 Dei
615 1004 724 1037 ubique
751 1004 977 1032 disseminando
1005 1004 1142 1039 pervenit
1169 1004 1207 1030 ad
1232 1003 1347 1030 Italiam
1367 1002 1567 1035 discursisque
1587 1003 1641 1029 ali-

261 1049 370 1083 quibus
396 1049 594 1076 Lolnbardiae
620 1049 794 1076 civitatibus
820 1050 903 1076 venit
929 1049 967 1075 ad
993 1059 1091 1081 regem
1110 1049 1264 1075 Granadae
1291 1053 1319 1075 et
1337 1048 1464 1075 verbum
1482 1047 1536 1074 Dei
1555 1057 1640 1082 prae—

262 1095 364 1121 dicans
391 1103 527 1126 magnam
552 1094 774 1121 multitudinem
801 1096 1014 1121 Saracenorum
1040 1093 1196 1121 convertit.
1232 1096 1356 1120 Sanctus
1374 1101 1446 1120 vero
1465 1092 1640 1119 Vincentius

262 1139 322 1167 suis
341 1139 481 1173 precibus
500 1139 592 1166 inulta
611 1139 746 1166 miranda
766 1139 837 1165 fecit
856 1144 885 1165 et
902 1139 1043 1166 miracula
1069 1139 1207 1165 dominus
1232 1148 1285 1173 per
1303 1148 1370 1165 eum
1389 1142 1528 1172 operatus
1547 1143 1592 1164 est
1610 1143 1640 1165 et·

260 1185 291 1211 in
309 1184 405 1219 patria
424 1184 575 1211 Tolosana
601 1189 630 1211 et
656 1184 686 1211 in
711 1184 804 1211 variis
830 1183 915 1213 locis.
950 1187 1021 1210 Nam
1040 1184 1169 1211 Tolosae
1189 1193 1255 1210 cum
1273 1183 1378 1210 mulier
1396 1183 1526 1210 lunatica
1544 1182 1639 1210 filium

260 1229 445 1265 peperisset,
473 1228 577 1256 divisit
604 1239 671 1256 eum
698 1234 726 1256 et
751 1229 843 1262 coxit,
869 1229 916 1255 vir
944 1233 1043 1256 autem
1070 1231 1132 1263 ejus
1152 1238 1217 1255 cuin
1235 1228 1370 1261 lacrymis
1390 1228 1522 1263 portavit
1539 1228 1639 1264 ipsum

260 1274 299 1301 ad
317 1279 451 1301 sanctum
470 1273 533 1301 Dei.
570 1274 617 1301 Ad
636 1275 718 1308 cujus
736 1283 840 1309 preces
859 1273 954 1300 filium
974 1273 1129 1301 suscitavit
1146 1272 1305 1300 reservatis
1321 1272 1455 1304 insigniis
1469 1273 1499 1299 in
1514 1282 1638 1308 corpore

260 1329 354 1353 usque.
373 1319 412 1346 ad
430 1323 556 1345 mortem
574 1318 605 1345 in
624 1319 738 1351 signum
757 1319 903 1347 miraculi.
938 1318 1017 1345 lltud
1035 1328 1094 1346 non
1109 1323 1154 1346 est
1168 1317 1426 1352 praetereundum,
1446 1318 1527 1351 quod
1540 1323 1638 1345 actium

261 1370 307 1392 est
331 1364 361 1392 in
388 1364 509 1391 civitate
535 1363 693 1391 Illardensi
711 1364 884 1398 provinciae
903 1364 1076 1396 Aragoniae..
1113 1366 1183 1390 Cum
1202 1362 1280 1389 enim
1300 1363 1503 1397 praedicasset
1521 1359 1638 1390 omnes-

260 1419 317 1443 que
343 1409 512 1436 meretrices
537 1409 733 1436 convertisset
757 1409 795 1435 ad
820 1413 917 1436 Deum
947 1409 1077 1442 indeque
1113 1408 1255 1435 recedens
1283 1408 1427 1440 societas,
1462 1417 1536 1441 quae
1571 1418 1638 1435 eum

260 1455 475 1487 comitabatur,
501 1453 608 1481 videns
628 1454 749 1481 lenones
770 1463 870 1481 earum
889 1454 1077 1481 meretricum
1096 1458 1225 1480 armatos
1245 1457 1346 1480 contra
1365 1457 1498 1480 sanctum
1519 1452 1585 1485 oei,
1610 1457 1640 1479 et

260 1510 348 1533 quam
375 1499 462 1526 citius
490 1499 639 1526 insinuare
664 1498 816 1527 festinant.
859 1500 972 1535 Quibus
1000 1499 1091 1526 dixit:
1124 1498 1175 1525 isti
1202 1503 1269 1525 sunt
1296 1498 1419 1525 lenones
1447 1507 1564 1530 earnm,
1590 1497 1641 1531 qui

262 1549 407 1578 quaerunt
426 1554 472 1571 me
491 1544 673 1578 interficere,
698 1545 752 1572 sed
770 1544 956 1579 praecedatis
974 1554 1021 1571 me
1041 1548 1070 1570 et
1091 1551 1144 1575 ego
1162 1552 1218 1570 vos
1238 1552 1353 1576 sequar.
1387 1544 1639 1578 Approximantes

261 1594 360 1616 autem
379 1589 424 1615 illi
442 1599 521 1616 arma
541 1594 643 1617 contra
662 1594 795 1616 sanctum
814 1590 867 1617 Dei
887 1594 1001 1625 parant.
1036 1589 1090 1617 Vir
1108 1594 1226 1617 sanctus
1247 1588 1330 1620 signo
1350 1588 1443 1616 crucis
1458 1598 1489 1616 se
1503 1589 1639 1616 muniens

261 1635 351 1662 dixit:
379 1644 432 1669 per
458 1634 573 1666 signum
600 1634 694 1661 crucis
720 1634 758 1660 de
784 1634 912 1662 inimicis
938 1635 1047 1662 nostris
1073 1635 1168 1662 libera
1193 1643 1254 1667 me,
1281 1633 1411 1661 domine.
1446 1633 1530 1661 Illico
1549 1633 1639 1660 armis

260 1678 407 1714 depositis
426 1679 457 1706 in
476 1683 584 1706 terram
603 1687 634 1706 se
653 1684 846 1714 prosternunt
865 1680 985 1707 veniam
1003 1685 1140 1716 petentes
1164 1684 1193 1707 et
1211 1679 1354 1706 mirantur
1372 1688 1475 1706 omnes
1494 1678 1532 1705 de
1551 1687 1638 1706 servo

259 1727 330 1751 Jesu
349 1723 465 1751 Christi.
503 1726 574 1751 Cum
593 1724 672 1751 enim
690 1725 869 1753 Benedictus
888 1729 939 1753 XI.
958 1736 1037 1761 papa
1056 1730 1085 1753 et
1104 1725 1217 1753 ordinis
1236 1724 1299 1757 sui,
1322 1724 1466 1751 videlicet
1483 1723 1638 1758 praedica-

259 1774 374 1802 torum,
407 1768 501 1796 vellet
535 1778 602 1796 eum
637 1768 818 1797 cardinalem
842 1770 957 1803 facere,
990 1780 1027 1796 ex
1055 1779 1108 1797 sua
1134 1769 1301 1796 humilitate
1326 1769 1423 1795 renuit
1449 1768 1544 1795 sciens
1562 1767 1638 1795 illud

260 1824 380 1845 verum,
406 1813 487 1847 quod
510 1814 632 1848 ponitur
657 1813 727 1842 dist.
746 1817 795 1843 IV.
816 1825 839 1844 c.
858 1815 929 1842 ult.:
955 1815 1122 1849 quicunque
1148 1814 1309 1849 primatum
1332 1813 1482 1840 desiderat
1500 1813 1530 1839 in
1551 1817 1638 1843 terra,

260 1859 393 1886 inveniet
411 1857 617 1886 confusionem
635 1859 665 1886 in
679 1859 780 1888 coelis.
800 1862 925 1887 Omnem
939 1869 1009 1887 sane
1028 1859 1203 1892 dignitatem
1221 1858 1378 1890 refutavit,
1396 1858 1556 1885 verborum
1574 1858 1636 1891 ejus

260 1903 372 1930 fructus
390 1907 490 1930 tantus
508 1902 582 1936 fuit,
600 1907 632 1930 ut
649 1903 864 1936 flagitiosorum
882 1904 1035 1931 homimun
1054 1903 1238 1931 innumeram
1256 1902 1478 1930 multitudinem
1490 1902 1529 1928 ad
1542 1905 1636 1928 Deum

259 1947 454 1977 couverterit,
487 1953 589 1975 contra
612 1948 741 1976 Judaeos
774 1948 914 1983 copiosus
946 1957 1071 1981 acerque
1101 1947 1289 1982 praedicator
1318 1946 1391 1980 snit,
1426 1945 1635 1981 scripturarum

259 1991 440 2024 aenigmata,
460 1997 602 2024 quantum
621 1992 734 2019 homini
752 1991 797 2020 sas
817 1998 879 2026 est,
906 1993 1021 2020 eisdem
1041 2001 1185 2020 reserans.
1219 1995 1342 2027 Propter
1360 1991 1442 2025 quod
1459 1991 1490 2018 in
1508 1991 1636 2019 diversis

261 2036 475 2071 Hyspaniarum
494 2036 566 2063 locis
591 2046 679 2071 supra
698 2037 804 2069 viginti
824 2043 852 2065 et
872 2038 1002 2071 quinque
1020 2037 1114 2064 millia
1133 2046 1169 2063 ex
1187 2036 1262 2071 ipsis
1281 2035 1320 2063 ad
1338 2045 1426 2063 verae
1445 2036 1516 2063 fidei
1535 2036 1636 2067 cogni-

261 2081 371 2107 tionem
390 2080 539 2115 baptizari
558 2080 644 2123 sepit:
672 2083 884 2118 Saracenorum
903 2082 993 2109 etiam
1012 2086 1079 2109 octo
1097 2081 1192 2108 millia
1210 2091 1276 2109 cum
1295 2086 1396 2109 sancta
1414 2081 1636 2116 praedicatione

259 2125 360 2157 traxit,
392 2126 562 2159 discordes,
589 2134 782 2160 quoscunque
808 2127 937 2160 invenit,
972 2135 1032 2154 non
1056 2126 1138 2161 prius
1163 2126 1309 2159 deseruit,
1343 2126 1438 2153 donec
1471 2126 1634 2153 concordes

260 2170 388 2201 faceret,
413 2171 489 2197 inter
515 2176 630 2198 caetera
654 2181 725 2199 vero
753 2172 874 2207 spiritus
901 2172 995 2199 sancti
1022 2171 1101 2198 dona
1126 2171 1235 2204 Iinguis
1253 2171 1345 2199 variis
1364 2171 1446 2205 loqui
1460 2171 1635 2206 promeruit.

259 2218 330 2242 Nam
350 2225 416 2242 cum
435 2215 536 2243 multis
556 2221 585 2243 et
603 2216 731 2244 diversis
750 2217 871 2252 populis
890 2222 1022 2244 materna
1042 2216 1140 2249 lingua
1159 2216 1361 2252 praedicaret,
1385 2217 1422 2243 ab
1449 2216 1587 2244 omnibus
1606 2220 1635 2243 et

259 2260 383 2293 singulis
402 2260 541 2288 distincte
560 2261 797 2295 intelligebatur,
817 2272 850 2289 ac
869 2262 893 2289 si
913 2262 1093 2295 singulorum
1114 2261 1213 2294 lingua
1232 2261 1443 2296 praedicasset.
1478 2264 1512 2287 Et
1530 2260 1634 2288 habuit

261 2305 351 2332 etiam
378 2305 489 2332 donum
515 2306 705 2341 prophetiae:
740 2318 806 2335 cnm
832 2307 910 2335 enim
935 2306 1121 2342 praedicaret
1145 2306 1315 2339 Valentiae,
1348 2306 1512 2333 avunculus
1538 2315 1633 2342 papae

261 2351 367 2378 Calixti
386 2351 483 2378 dictus
502 2352 665 2379 Ferrandus
685 2352 788 2379 eduxit
806 2363 931 2388 parvum
951 2352 1097 2379 calixtum
1116 2351 1155 2379 ad
1172 2361 1256 2384 eum,
1282 2356 1313 2378 ut
1336 2351 1384 2378 vir
1400 2349 1455 2377 Dei
1473 2349 1531 2377 sibi
1550 2359 1633 2377 suam

261 2396 346 2423 daret
373 2396 622 2425 benedictionem.
660 2397 711 2424 Cui
740 2402 858 2425 sanctus
884 2397 1058 2424 Vincentius
1084 2396 1141 2423 ait:
1171 2396 1321 2424 mittamus
1348 2396 1425 2422 hunc
1446 2404 1572 2430 puerum
1595 2394 1633 2422 ad

261 2441 393 2473 scholas,
412 2441 481 2474 quia
499 2450 622 2473 magnus
641 2442 737 2468 adhuc
755 2442 825 2473 erit,
861 2443 890 2469 in
910 2441 1035 2469 ecclesia
1053 2441 1195 2469 videlicet
1215 2441 1269 2468 erit
1287 2450 1381 2476 papa,
1406 2440 1457 2474 qui
1474 2449 1520 2467 me
1537 2440 1632 2468 hono-

259 2485 346 2512 rabit.
383 2485 458 2521 Quia
484 2486 550 2520 ipse
576 2486 649 2519 fnit,
676 2487 727 2520 qui
752 2497 819 2514 eum
846 2487 1038 2522 postmodum
1064 2487 1263 2514 canonizavit.
1298 2486 1394 2513 Etiam
1420 2485 1458 2512 de
1486 2485 1555 2518 illo,
1581 2485 1631 2518 qui

259 2535 347 2566 caput
365 2531 410 2558 sui
428 2530 527 2559 fratris
546 2531 583 2558 ab
603 2532 708 2559 eodem
726 2531 874 2560 interfecti
893 2533 946 2560 sub
967 2531 1121 2566 chlamyde
1140 2531 1265 2564 serebat,
1285 2531 1408 2558 credens
1421 2530 1531 2557 habere
1542 2533 1629 2564 capnt

259 2575 362 2607 vituli,
385 2576 533 2611 praedixit
559 2586 625 2603 eum
652 2577 745 2604 amori
769 2578 890 2612 jubente
916 2577 1037 2611 justitia.
1081 2577 1225 2604 Omnibus
1257 2576 1408 2609 amabilis,
1438 2573 1629 2604 venerabilis,

261 2624 359 2651 gratus
378 2624 407 2647 et
425 2615 508 2648 carus
528 2626 612 2656 pater
629 2627 692 2649 erat
711 2623 910 2658 orphanorum
929 2631 962 2649 ac
979 2621 1180 2657 pupillorum,
1198 2621 1356 2648 viduarum
1376 2619 1530 2651 defensor,
1554 2627 1628 2653 pau-

260 2672 362 2696 perum
389 2669 418 2690 et
442 2665 615 2693 miserorum
642 2667 772 2702 optimus
791 2667 969 2696 consolator.
1006 2666 1144 2702 Receptis
1163 2667 1283 2693 demum
1305 2663 1512 2692 ecclesiasticis
1532 2671 1628 2690 sacra-

259 2707 366 2733 mentis
385 2716 474 2739 agens
493 2720 602 2738 annum
621 2712 870 2747 septuagesimum
888 2716 1027 2739 octavum
1047 2720 1145 2739 coram
1164 2711 1280 2746 positus
1304 2709 1445 2737 fratribus
1464 2712 1493 2735 et
1517 2708 1627 2735 oranti-

260 2750 315 2776 bns
334 2750 378 2777 sui
400 2753 512 2780 ordinis
531 2760 559 2782 et
579 2756 779 2785 illustrissima
805 2757 922 2785 ducissa
941 2756 1112 2784 Britanniae
1138 2754 1321 2784 obdormivit
1347 2754 1377 2782 in
1403 2752 1524 2781 domino
1550 2762 1626 2780 anno
