1742 3005
437 89 534 140 Cap.
565 87 703 126 XClV.
761 88 821 127 De
854 94 984 126 sancto
1015 88 1157 127 Alexio.
1412 90 1494 131 405

106 192 345 239 multipliciter
368 194 577 229 deridebant
604 199 638 230 et
662 205 787 241 aquam
813 195 1012 230 utensilium
1038 205 1146 241 super
1180 198 1284 240 caput
1316 196 1392 241 ejiis
1419 197 1488 233 t're-

104 263 251 304 quenter
275 259 488 302 fundebant,
518 260 552 305 ¹)
566 264 599 295 et
624 261 748 295 multas
777 262 924 306 injurias
954 262 984 296 ei
1009 260 1227 307 irrogabant,
1253 260 1318 296 sed
1343 264 1420 307 ipse
1445 263 1489 297 ad

103 326 219 358 omnia
241 326 380 370 patiens
407 326 508 361 valde
536 330 622 362 erat.
672 327 918 371 Septendecim
944 328 1054 372 igitur
1089 337 1200 361 annos
1236 328 1270 361 in
1299 327 1400 362 domo
1425 338 1488 373 pa-

101 390 165 423 tris
190 392 381 434 permansit
406 393 456 426 sic
482 393 642 438 ignotus:
670 392 792 426 videns
817 393 928 437 igitur
952 402 1015 436 per
1040 393 1210 436 spiritum,
1237 392 1330 438 quod
1357 403 1487 438 appro-

101 456 288 502 pinquaret
310 458 478 492 terminus
503 458 596 492 vitae
622 467 723 498 suae,
753 455 907 490 chartam
931 466 1005 490 cum
1032 460 1226 491 atramento
1246 459 1347 502 petiit
1375 462 1409 492 et
1432 463 1487 492 to-

101 525 170 555 tum
204 521 360 585 oigliuem
393 524 487 557 vitae
519 532 606 556 suae
644 521 771 555 ibidem
804 522 1026 566 conscripsit.
1074 521 1256 556 Dominica
1289 523 1399 568 igitur
1430 523 1486 559 die

101 591 182 630 post
207 585 389 622 missarum
414 587 598 622 sollemnia
622 587 657 621 in
682 587 885 620 sanctuario
903 597 971 621 vox
988 586 1030 621 de
1051 586 1151 621 coelo
1173 588 1328 622 insonuit
1345 587 1485 624 dicens:

101 653 213 687 venite
233 652 278 686 ad
302 662 356 687 me
382 662 514 695 omnes,
542 653 602 698 qui
628 651 801 686 laboratis
829 655 862 687 et
887 654 1023 687 onerati
1049 648 1147 695 es'tis,
1175 656 1209 688 et
1235 663 1302 700 ego
1331 652 1485 689 reficiam

99 727 173 751 vos.
222 716 321 757 Quod
352 718 536 753 audientes
573 727 691 753 omnes
724 719 840 752 territi
882 719 917 752 in
950 718 1061 753 facies
1095 728 1178 753 suas
1213 718 1426 771 deciderunt·
1452 726 1486 755 et

98 792 178 817 ecce
202 793 269 817 vox
294 783 448 818 secundo
474 783 615 819 dicens:
642 785 799 829 quaerite
824 783 997 819 hominem
1022 783 1099 827 Dei,
1128 788 1166 819 ut
1186 788 1263 819 oret
1281 796 1345 830 pro
1362 785 1483 822 Roma.

97 849 353 889 Quaerentibus
388 849 460 884 illis
497 853 532 884 et
567 851 703 884 minime
738 849 997 884 invenientibus
1031 850 1155 884 iterum
1191 849 1317 885 dictum
1344 856 1415 886 est:
1449 853 1483 886 in

96 914 198 949 domo
232 914 462 961 Euphemiani
496 917 665 961 quaerite.
714 915 918 960 Requisitus
953 914 1012 949 ille
1049 925 1086 949 se
1114 914 1202 949 nihil
1228 918 1319 952 scire
1346 916 1390 951 de
1416 916 1484 951 hoc

95 979 246 1015 dicebat.
296 980 394 1015 Tunc
419 983 648 1027 imperatores
673 981 845 1016 Arcadius
871 985 905 1016 et
929 980 1103 1015 Honorius
1129 991 1198 1015 una
1224 992 1297 1016 cum
1316 982 1482 1027 pontifice

94 1045 295 1081 Innocentio
316 1047 359 1081 ad
386 1034 521 1082 domum
539 1047 711 1092 praedicti
735 1048 802 1082 viri
825 1051 993 1082 venerunt
1018 1051 1052 1082 et
1077 1057 1158 1082 ecce
1186 1049 1344 1082 minister
1365 1048 1484 1083 Alexii

95 1111 140 1145 ad
167 1111 340 1147 dominum
371 1123 469 1147 suum
493 1114 588 1148 venit
622 1113 761 1149 dicens:
800 1113 879 1148 vide
919 1113 1077 1155 domine,
1111 1114 1147 1147 ni
1180 1113 1240 1148 ille
1271 1115 1481 1159 peregrinus

93 1183 215 1214 noster
229 1180 287 1222 sit,
306 1180 389 1225 quia
407 1189 556 1226 magnae
574 1179 708 1224 ²)vitae
727 1184 760 1215 et
777 1181 968 1224 patientiae
983 1178 1085 1212 homo
1103 1183 1167 1214 est.
1205 1178 1355 1213 Currens
1373 1179 1482 1224 igitur

93 1243 357 1290 Euphemianus
379 1256 455 1280 eum
479 1245 678 1280 defunctum
703 1246 835 1289 reperit
863 1245 896 1279 et
919 1244 1048 1278 vultum
1070 1245 1146 1290 ejus
1168 1249 1341 1290 tamquam
1362 1244 1481 1290 angeli

93 1310 292 1345 rutilantem
317 1310 404 1346 vidit
428 1311 608 1356 voluitque
638 1310 810 1352 chartam,
850 1320 951 1355 quam
979 1312 1014 1344 in
1042 1320 1144 1344 manu
1178 1309 1351 1352 habebat,
1386 1312 1481 1344 acci-

93 1386 199 1421 pere,
235 1376 298 1410 sed
332 1377 498 1420 nequivit.
547 1375 704 1411 Excunte
736 1377 846 1421 igitur
880 1386 921 1410 eo
955 1386 1030 1409 cum
1057 1375 1123 1410 hoc
1147 1375 1418 1420 imperatoribus
1447 1379 1481 1410 et

92 1441 314 1486 pontificibus
343 1441 524 1475 retulisset
550 1445 583 1476 et
609 1441 661 1475 illi
685 1441 730 1476 ad
760 1453 835 1476 cum
861 1443 1072 1483 intrassent,
1108 1441 1288 1476 dixerunt:
1322 1442 1480 1486 quamvis

94 1512 297 1553 peccatores
326 1517 464 1549 sumus,
490 1509 592 1553 regni
617 1512 730 1542 tamen
755 1507 995 1553 gubernacula
1019 1508 1174 1552 gerimus
1210 1511 1244 1542 et
1278 1506 1332 1540 hic
1361 1516 1480 1540 curam

93 1573 328 1608 universalem
355 1573 535 1619 regiminis
560 1572 770 1618 pastoralis:
797 1572 841 1606 da
866 1574 975 1617 igitur
1000 1572 1101 1606 nobis
1128 1571 1297 1614 chartam,
1321 1576 1359 1606 ut
1385 1573 1478 1606 scia-

92 1649 188 1681 mus,
222 1649 311 1684 quae
350 1641 385 1673 in
417 1648 459 1674 ea
491 1639 626 1683 scripta
658 1642 747 1673 sunt.
796 1637 839 1673 Et
866 1638 1040 1673 accedens
1067 1638 1226 1684 pontifex
1250 1637 1406 1672 chartam
1435 1637 1478 1672 de

93 1716 195 1739 manu
213 1715 284 1744 vsua
307 1705 445 1749 acecpit
467 1708 500 1739 et
526 1704 586 1739 ille
622 1715 697 1739 cam
733 1706 848 1739 statim
876 1705 945 1739 sibi
972 1704 1103 1738 dimisit
1127 1704 1281 1749 fecitque
1306 1713 1381 1739 eam
1407 1703 1479 1748 legi

92 1780 208 1804 coram
241 1772 333 1805 omni
365 1769 496 1815 populo
530 1774 563 1805 et
587 1770 807 1806 multitudine
840 1775 874 1806 et
898 1775 997 1816 patre
1022 1772 1145 1816 ipsius.
1194 1771 1241 1805 At
1266 1768 1478 1814 Euphemia-

90 1846 154 1871 nus
187 1835 254 1870 boc
286 1836 433 1870 audiens
470 1837 576 1870 nimio
602 1837 724 1872 dolore
749 1836 977 1872 conturbatus
1005 1836 1188 1881 obstupuit
1214 1839 1248 1871 et
1273 1835 1386 1869 sactus
1415 1845 1476 1869 ex-

90 1903 214 1936 animis
240 1902 484 1948 resolutusque
518 1903 654 1938 viribus
681 1904 715 1937 in
742 1907 870 1938 terram
899 1902 1038 1937 decidit.
1088 1902 1172 1937 Cum
1206 1912 1289 1937 vero
1317 1901 1478 1947 aliquan-

90 1966 198 2001 tulum
221 1964 268 2000 ad
292 1978 330 2002 se
355 1968 535 2011 rediisset,
560 1970 770 2003 vestimenta
794 1978 859 2002 sua
883 1968 990 2002 scidit
1008 1970 1195 2013 coepitque
1219 1978 1326 2002 canos
1353 1968 1478 2012 capitis

91 2033 146 2066 sui
170 2031 345 2074 evellere,
372 2032 518 2067 barbam
541 2034 686 2068 trahere
711 2038 816 2079 atque
842 2038 953 2068 semet
979 2035 1091 2078 ipsum
1117 2033 1319 2077 discerpere
1352 2043 1394 2066 ac
1419 2043 1478 2066 su-

90 2109 152 2143 per
184 2097 247 2131 filii
278 2098 333 2131 sui
363 2107 490 2142 corpus
523 2098 759 2132 exclamabat:
799 2098 868 2133 heu
903 2108 977 2140 me,
1014 2097 1063 2131 iili
1096 2099 1162 2139 mi,
1198 2107 1306 2142 quare
1339 2107 1394 2131 me
1426 2099 1476 2131 sic

88 2163 307 2198 contristasti
339 2166 373 2197 et
404 2173 468 2207 per
499 2166 552 2197 tot
588 2174 698 2198 annos
732 2162 816 2197 mihi
850 2162 992 2197 dolores
1027 2167 1062 2197 et
1095 2163 1244 2208 gemitus
1270 2163 1478 2198 incussisti?

88 2229 162 2264 ileu
186 2239 240 2264 me
265 2229 450 2272 miserum,
486 2231 570 2274 quia
603 2234 637 2264 te
671 2229 772 2264 video
797 2228 957 2263 baculum
992 2229 1183 2263 senectutis
1207 2237 1307 2263 meae
1332 2229 1368 2261 in
1394 2237 1478 2273 gra-

88 2294 172 2327 bato
193 2294 369 2338 jacentem
395 2298 430 2329 et
453 2306 522 2330 non
547 2295 746 2341 loquentem
772 2294 877 2337 mihi,
902 2294 970 2329 heu
994 2304 1071 2337 me,
1097 2293 1234 2339 qualem
1260 2294 1475 2328 consolatio-

88 2369 165 2393 nem
195 2358 238 2393 de
272 2363 412 2393 caetero
442 2359 573 2395 habere
611 2361 761 2405 potero?
810 2360 927 2396 Mater
968 2369 1071 2406 vero
1094 2361 1170 2403 ejus
1205 2358 1271 2392 boe
1312 2358 1475 2400 audiens,

88 2425 188 2470 quasi
212 2423 339 2457 leaena
360 2434 524 2468 rumpens
551 2429 638 2468 rete,
665 2428 789 2460 scissis
810 2425 1027 2461 vestimentis
1049 2433 1155 2458 ruens
1181 2433 1280 2458 coma
1303 2422 1477 2457 dissoluta

87 2489 133 2524 ad
165 2488 299 2523 coelum
326 2489 446 2522 oculos
472 2489 626 2532 leva-bat,
659 2495 703 2525 et'
727 2501 802 2525 cuin
832 2500 916 2535 prae
941 2489 1048 2523 nimia
1072 2488 1291 2522 multitudine
1318 2491 1474 2523 sanctum

88 2563 215 2600 corpus
240 2554 338 2589 adire
364 2565 432 2589 non
457 2559 601 2600 posset,
628 2555 791 2591 clamavit
817 2555 957 2589 dicens:
983 2553 1065 2588 date
1095 2553 1190 2596 mihi,
1223 2554 1301 2597 viri,
1327 2552 1471 2597 aditum,

153 2697 182 2730 l)
199 2696 299 2724 Verba
326 2700 363 2724 et
382 2712 412 2718 —
432 2696 664 2728 irrogabant
683 2694 795 2722 omittit
815 2694 867 2721 Ed.
887 2697 931 2723 Pr.
967 2696 995 2728 2)
1013 2693 1090 2722 Alii:
1110 2703 1270 2727 magnae
1288 2703 1375 2722 vere
1394 2697 1471 2730 pat.
