1742 3005
291 122 375 162 920
433 124 528 172 Cap.
559 120 732 159 CCXIV.
790 119 976 169 Legenda
1008 120 1128 157 saneti
1159 120 1334 160 Thomae
1365 123 1412 160 de
1447 123 1608 173 Aquino.

297 228 391 254 sancti
418 226 553 253 Tltomae
579 227 659 253 XLII
685 229 840 259 quaereret
866 225 1015 259 pretiosas
1041 223 1183 258 reliquias
1209 224 1247 252 ad
1272 227 1476 260 reponendum
1503 227 1533 255 in
1552 228 1680 261 quadam

292 271 408 305 capella
435 274 555 297 sauctae
582 270 695 302 crucis,
721 280 810 303 qnam
837 269 990 296 aedificari
1014 268 1126 296 fecerat
1151 269 1233 304 apud
1252 269 1424 303 Salernum,
1451 275 1481 298 et
1498 273 1631 300 venisset
1652 273 1681 299 in

291 315 409 350 capella
441 315 530 342 castri
562 316 656 342 sancti
690 314 826 342 Severini
860 314 1064 341 Salernitanae
1095 314 1250 347 dyoecesis
1283 319 1313 341 et
1347 314 1405 341 sibi
1430 320 1551 344 ostensa
1574 318 1681 345 fuisset

290 368 396 387 manus
421 359 575 394 praedicta
601 368 726 392 eamque
751 358 956 393 despexisset,
989 359 1091 386 statim
1121 364 1250 386 tremore
1283 367 1390 391 magno
1424 359 1516 387 totius
1548 362 1680 396 corporis

292 409 445 436 aegrotare
471 405 570 439 coepit
594 404 815 437 videbaturque
843 404 919 437 sibi,
952 404 1032 438 quod
1062 405 1185 431 haberet
1221 407 1309 438 caput
1336 412 1471 435 grossum
1496 405 1535 431 ad
1559 406 1680 433 modum

290 450 379 476 unius
400 450 492 476 cistae
512 454 540 476 et
560 448 648 476 nimis
667 448 881 484 ponderosum.
918 453 950 476 In
970 458 1001 476 se
1021 453 1119 475 autem
1138 456 1275 475 reversus
1303 452 1331 474 et
1356 448 1514 482 poenitens
1540 449 1682 477 acerrime

291 495 329 522 de
348 494 542 522 irreverentia
561 493 653 525 sacta,
684 503 750 520 cum
774 499 946 521 reverenter
970 494 1054 520 illam
1081 493 1253 524 adorasset,
1281 501 1297 518 a
1323 496 1451 519 tremore
1475 493 1529 520 illo
1549 498 1578 520 et
1597 494 1682 520 intla-

290 541 372 567 tione
399 538 532 574 eorporis
558 538 703 565 liberatus
730 542 785 567 est.
822 542 918 574 Quam
944 548 1011 565 cnm
1037 537 1229 564 deosculatus
1249 541 1342 568 esset,
1370 537 1494 564 odorem
1520 538 1682 566 maximlun

290 594 327 611 ex
347 594 380 611 ea
399 583 539 618 progredi
559 583 666 616 sensit,
696 582 814 616 qualem
842 587 871 609 et
898 587 1041 616 qnantum
1068 592 1220 615 nunquam
1247 590 1279 608 se
1303 581 1478 608 meminerat
1497 582 1683 617 percepisse.

291 629 374 655 Odor
401 632 500 654 autem
526 627 578 654 ille
605 637 641 654 ex
666 631 763 654 tractu
789 635 890 654 sacrae
916 637 1022 654 manns
1049 626 1107 654 sibi
1136 631 1164 653 et
1191 628 1254 661 ejus
1281 627 1419 660 caputio,
1446 627 1536 660 quod
1553 627 1583 654 in
1603 628 1682 655 collo

291 673 427 705 gerebat,
452 671 547 698 multo
571 676 708 706 tempore
735 671 778 698 sic
803 671 957 704 adhaesit,
985 671 1066 705 quod
1092 671 1158 706 ipse
1185 675 1214 697 et
1241 671 1394 705 caputium
1412 672 1591 699 redolebant
1610 672 1682 705 illis,

291 718 369 744 iuter
393 725 468 750 quos
495 716 760 744 conversabantur.
804 715 891 751 Quod
918 716 1055 750 pluribus
1074 715 1341 749 interrogantibus,
1368 716 1440 749 qnid
1468 725 1568 742 secum
1591 716 1683 744 ferret

290 760 489 793 odoriferum,
516 760 755 795 compellebatur
768 760 908 786 miraculi
928 759 1034 786 seriem
1054 768 1144 794 saepe
1163 760 1304 792 recitare,
1332 764 1361 786 et
1389 765 1513 793 extunc,
1540 765 1573 788 ut
1599 770 1682 788 asse-

290 810 375 839 runt,
402 810 516 832 tantam
544 804 737 832 devotionem
764 804 803 830 ad
829 808 964 830 sanctum
990 803 1137 830 Thomam
1157 807 1183 828 et
1204 803 1415 831 confidentiam
1435 806 1564 840 accepit,
1591 806 1682 839 quod,

291 852 430 886 quotiens
450 851 549 883 aliqua
570 849 696 876 tentatio
715 848 773 875 sibi
792 847 950 874 adveniret
968 848 1017 875 vel
1037 847 1204 882 periculum
1223 847 1408 880 immineret,
1435 850 1682 876 reconnnendans

291 907 323 925 se
342 896 456 924 meritis
476 894 571 922 sancti
592 895 726 920 Thomae
746 897 775 920 et
794 891 938 919 invocans
958 901 1067 919 nomen
1090 893 1154 926 ejus
1180 897 1212 918 se
1239 892 1332 918 sensit
1352 893 1389 918 ab
1408 892 1633 927 impugnatione
1652 899 1682 921 et

290 941 425 977 periculo
445 939 546 967 statim
564 939 735 966 liberatum.
770 937 998 965 Advertendum
1018 942 1118 964 autem
1137 942 1196 970 est,
1224 936 1306 970 quod
1332 937 1407 963 odor
1431 936 1483 964 ille
1502 938 1645 972 prodiens
1665 949 1682 965 a

290 985 433 1014 membris
466 983 548 1010 beati
581 982 639 1009 viri
669 982 865 1009 miraculosus
893 987 951 1015 est,
984 982 1053 1016 quia
1085 991 1143 1009 non
1176 981 1319 1014 sentitur,
1353 981 1491 1014 quotiens
1521 982 1684 1010 adorantur

290 1031 440 1062 membra,
460 1038 514 1055 uec
534 1028 571 1054 ab
591 1027 744 1058 omuibus,
771 1026 822 1059 qui
849 1026 914 1060 ipsa
941 1027 1082 1059 adorant,
1107 1026 1161 1053 sed
1180 1025 1301 1059 qnando
1319 1025 1419 1060 placet
1438 1031 1467 1053 et
1486 1035 1682 1061 personarum

292 1075 415 1102 devotio
434 1077 629 1109 promeretur.
665 1074 708 1097 Ex
735 1080 793 1104 quo
817 1072 1010 1098 manifestum
1029 1076 1089 1103 est,
1119 1071 1201 1104 quod
1226 1079 1286 1097 non
1312 1070 1352 1097 sit
1380 1070 1456 1097 odor
1481 1072 1611 1098 humano
1636 1072 1682 1099 in-

291 1120 378 1152 genio
397 1121 590 1153 procuratus,
617 1115 667 1149 qui
695 1116 797 1142 divina
822 1115 923 1142 existit
950 1116 1061 1143 virtute
1087 1124 1257 1147 concessus,
1284 1125 1339 1142 nec
1357 1115 1448 1143 ullius
1475 1116 1518 1143 rei
1537 1117 1682 1144 naturalis

291 1165 367 1192 odor
396 1162 502 1191 similis
528 1161 575 1187 illi
600 1160 755 1195 reperitur.
799 1162 836 1187 Ut
860 1165 960 1187 autem
985 1160 1114 1194 amplius
1142 1160 1323 1192 glorificetur
1346 1164 1425 1188 Deus
1444 1161 1474 1187 in
1495 1166 1598 1188 sancto
1618 1169 1682 1194 suo,

291 1219 379 1243 quem
397 1207 585 1240 mirificavit,
612 1215 708 1242 pauca
732 1204 769 1231 de
794 1204 896 1231 multis
916 1204 1066 1231 miraculis
1086 1205 1126 1231 ad
1144 1209 1334 1236 augmentum
1354 1205 1526 1232 devotionis
1545 1206 1681 1233 fidelium

290 1254 338 1281 hic
357 1252 536 1280 subduntur.
553 1266 587 1271 ——
605 1266 639 1270 —
658 1265 689 1270 —
723 1253 750 1276 2.
772 1249 900 1285 Quidam
927 1254 992 1276 arte
1017 1249 1213 1282 chirurgicus,
1239 1249 1293 1276 sed
1318 1259 1371 1283 per
1396 1250 1574 1278 decennium
1599 1251 1682 1278 intir-

289 1299 394 1326 mitate
413 1295 594 1332 podagricus
613 1304 668 1322 nec
685 1295 791 1322 valens
809 1304 864 1329 per
882 1304 913 1321 se
933 1294 1087 1321 ambulare
1107 1303 1139 1321 se
1158 1297 1221 1320 Deo
1241 1298 1269 1320 et
1289 1294 1377 1320 beato
1396 1295 1530 1322 'rhomae
1545 1296 1681 1328 devovit,

289 1345 371 1379 juxta
398 1344 461 1377 ejus
485 1341 633 1368 tumulum
660 1340 836 1367 incumbens
861 1340 996 1366 oratione
1023 1339 1102 1366 sacta
1129 1347 1218 1366 sanus
1245 1337 1375 1373 prosiliit
1394 1338 1519 1366 laudans
1537 1343 1631 1367 Deum
1652 1345 1682 1367 et

291 1393 427 1416 sanctum
447 1388 520 1421 ejus.
538 1401 572 1406 -
589 1400 622 1404 -
639 1400 672 1404 -—
707 1388 733 1413 3.
752 1385 837 1411 Alter
856 1384 978 1418 quidam
998 1389 1123 1419 propter
1140 1383 1316 1410 horribilem
1332 1383 1520 1411 fantasmatis
1532 1384 1681 1412 visionem

290 1433 371 1461 omni
389 1433 501 1460 virtute
522 1430 684 1457 destitutus
703 1433 731 1456 et
752 1434 870 1467 mortuo
890 1429 997 1456 similis
1016 1429 1193 1459 videbatur,
1220 1428 1296 1454 adeo
1320 1432 1352 1454 ut
1370 1428 1437 1459 igne
1456 1429 1598 1456 membris
1617 1431 1680 1464 ejus

290 1478 413 1505 admoto
440 1476 610 1503 nullatenus
638 1475 772 1503 sentiret.
818 1475 876 1510 Qui
902 1479 1038 1510 portatus
1066 1474 1104 1501 ad
1137 1473 1283 1500 tumulum
1316 1472 1411 1500 sancti
1443 1473 1579 1501 Thomae
1611 1480 1681 1510 post

289 1522 435 1550 morulam
451 1522 528 1548 liber
543 1525 571 1547 et
591 1529 680 1547 sanus
699 1519 821 1546 omnino
841 1530 856 1546 a
876 1520 1035 1555 sepulchro
1055 1519 1191 1546 surrexit.
1204 1533 1326 1537 —---—
1359 1521 1385 1546 4.
1405 1518 1512 1545 Mulier
1524 1519 1680 1552 quaedam,

289 1577 356 1594 cum
382 1567 477 1593 filium
505 1575 590 1592 suum
616 1565 741 1591 duorum
767 1564 914 1592 mensium
941 1565 971 1591 in
993 1564 1077 1591 cunis
1097 1564 1296 1590 decubantem
1314 1562 1477 1597 periclitari
1495 1563 1680 1596 formidaret,

289 1620 344 1647 pro
364 1619 399 1638 eo
422 1610 615 1646 praesertim,
642 1609 724 1642 quod
747 1619 802 1644 per
826 1618 944 1636 menses
971 1614 1098 1642 quatuor
1124 1619 1160 1636 ex
1187 1608 1332 1636 surditate
1351 1608 1427 1635 adeo
1455 1614 1577 1641 gravata
1601 1614 1680 1637 esset

290 1656 390 1684 decies
416 1655 599 1688 exclamare,
631 1654 801 1686 vagientem
829 1654 919 1681 etiam
942 1664 1068 1689 puerum
1096 1654 1149 1681 vix
1175 1653 1301 1680 audivit.
1337 1653 1402 1680 viri
1425 1654 1471 1681 sui
1497 1654 1680 1687 inductione,

289 1702 341 1735 qui
366 1706 499 1728 moestus
526 1710 584 1728 una
611 1709 678 1726 cum
700 1699 754 1726 illa
781 1699 947 1726 communis
972 1699 1028 1726 filii
1053 1699 1186 1734 periculo
1206 1699 1403 1732 condolebat,
1432 1698 1588 1734 praedicto
1613 1699 1681 1726 viro

288 1746 358 1779 noi,
382 1751 414 1773 ut
440 1756 506 1772 eam
538 1746 576 1772 ab
605 1745 710 1771 eadem
735 1743 908 1770 infirmitate
932 1743 1076 1779 eriperet,
1102 1744 1242 1771 obnixius
1262 1744 1388 1771 devovit
1413 1743 1583 1777 emissoque
1606 1748 1680 1771 voto

289 1802 355 1818 cum
376 1795 462 1818 nocte
482 1794 583 1818 secuta
603 1789 793 1821 dormiisset,
816 1788 846 1815 in
866 1789 995 1816 crastino
1015 1798 1047 1816 se
1067 1789 1224 1816 liberatam
1244 1789 1340 1816 sancti
1358 1789 1472 1816 meritis
1492 1789 1621 1824 reperit,
1647 1793 1681 1815 ut

289 1837 426 1870 optabat.
444 1850 478 1855 —
497 1849 527 1855 -
545 1850 579 1854 --
615 1836 641 1862 5,
668 1833 769 1860 Puella
795 1833 922 1866 gutturis
949 1834 995 1862 sui
1020 1834 1122 1861 fauces
1153 1833 1342 1867 squinantiae
1367 1834 1482 1861 habens
1508 1833 1679 1860 infirmitate

289 1880 466 1907 constrictas
484 1879 514 1906 in
533 1883 663 1911 tantum,
687 1883 719 1905 ut
738 1887 834 1911 neque
854 1887 970 1905 sumere
990 1878 1153 1911 quidquam
1172 1883 1275 1912 posset
1294 1887 1391 1911 neque
1417 1878 1582 1912 respirare,
1608 1878 1680 1905 dum

289 1926 400 1951 devote
420 1933 451 1951 se
471 1924 560 1950 beato
578 1923 645 1950 viro
664 1933 680 1950 a
699 1927 793 1949 matre
812 1931 955 1957 persuasa
974 1921 1197 1949 commendaret
1217 1922 1366 1955 ductaque
1390 1921 1497 1949 suisset
1517 1923 1547 1949 in
1573 1923 1679 1950 crasti-

289 1979 360 1996 num
387 1969 427 1995 ad
451 1967 638 2003 praedictum
664 1967 877 1993 monasterium
903 1970 1012 1994 Fossae
1037 1969 1139 1993 Novae
1167 1966 1332 2001 suppositis
1358 1967 1468 1998 gutturi
1494 1976 1549 1994 suo
1568 1967 1679 1995 sanctis

289 2013 423 2046 reliquiis
448 2011 605 2039 confestim
630 2011 816 2038 melioratam
843 2020 874 2038 se
901 2011 1010 2044 sensit,
1043 2021 1152 2046 panem
1184 2011 1315 2038 comedit
1348 2011 1541 2046 perfecteque
1575 2017 1680 2039 sanata

288 2058 389 2085 rediit.
408 2073 442 2077 —
467 2071 499 2076 -
523 2071 556 2076 -—
591 2059 617 2083 (J.
646 2055 774 2090 Quidam
799 2064 962 2083 conversus
986 2059 1095 2083 Fossae
1121 2058 1222 2082 Novae
1248 2055 1324 2082 adeo
1349 2064 1469 2087 gravem
1500 2056 1530 2083 in
1556 2057 1679 2084 brachio

289 2103 396 2129 dextro
421 2106 450 2128 et
477 2100 596 2136 spatulo
616 2100 752 2126 dolorem
775 2100 959 2135 patiebatur,
985 2105 1017 2127 ut
1044 2100 1121 2126 illud
1146 2100 1277 2127 deferret
1300 2109 1478 2135 suspensum
1505 2100 1543 2127 ad
1568 2101 1679 2129 collum

289 2153 318 2175 et
338 2147 458 2182 penitus
478 2145 505 2173 ei
524 2144 629 2172 inutile
649 2149 738 2178 atque
757 2144 862 2172 dolore
880 2145 1075 2172 vehementer
1101 2144 1256 2172 afflictum.
1292 2145 1350 2180 Qui
1372 2154 1470 2178 neque
1495 2146 1679 2174 medicorum

289 2192 402 2219 anxilio
422 2190 587 2218 remedium
606 2189 781 2222 inveniens,
809 2189 870 2217 imo
898 2190 1044 2225 ampliore
1070 2189 1174 2216 dolore
1200 2194 1357 2222 gravatus,
1385 2190 1456 2217 dum
1476 2190 1557 2217 dieto
1576 2196 1678 2219 sancto

290 2246 344 2273 pro
364 2246 415 2263 sua
436 2235 593 2263 sanctitate
612 2244 644 2262 se
662 2234 814 2261 humiliter
833 2234 1089 2267 commendasset,
1109 2244 1125 2261 a
1145 2243 1249 2262 somno
1269 2243 1392 2266 surgens
1411 2243 1442 2261 se
1461 2235 1582 2269 penitus
1600 2236 1679 2263 libe-

289 2286 387 2309 ratum
408 2280 558 2313 cognovit.
575 2294 609 2300 -—-
626 2294 658 2300 —
678 2295 712 2299 —
747 2283 772 2307 7.
791 2278 893 2306 Infans
912 2279 1034 2312 quidam
1061 2284 1186 2312 quatuor
1210 2288 1355 2306 annorum
1372 2283 1520 2306 tumorem
1540 2284 1569 2307 et
1588 2281 1678 2308 rubo-

290 2337 352 2355 rem
379 2327 409 2353 in
435 2325 526 2353 costis
553 2329 581 2351 et
610 2333 693 2351 crure
719 2332 814 2357 usque
834 2324 873 2350 ad
890 2324 1000 2358 pedem
1018 2324 1192 2359 patiebatur
1210 2324 1285 2351 adeo
1305 2324 1500 2356 afflictivum,
1525 2328 1558 2351 ut
1582 2334 1638 2352 nec
1661 2336 1679 2352 a

290 2376 385 2400 matre
411 2380 464 2398 sua
489 2370 538 2397 vel
566 2368 625 2396 alio
646 2369 724 2401 tangi
744 2368 807 2396 sine
827 2369 960 2397 laesione
980 2374 1008 2396 et
1028 2369 1157 2396 clamore
1176 2369 1364 2402 aliquatenus
1389 2369 1555 2404 potuisset,
1580 2378 1678 2403 neque

292 2425 324 2444 se
350 2424 472 2442 movere
498 2418 626 2450 poterat.
669 2416 799 2447 Cumque
825 2423 900 2448 puer
925 2423 979 2449 per
1004 2423 1138 2441 mensem
1163 2413 1194 2440 in
1219 2418 1303 2441 tanto
1337 2414 1441 2441 dolore
1467 2418 1498 2441 et
1527 2414 1677 2442 anxietate

290 2460 412 2493 suisset,
438 2464 467 2486 et
486 2469 503 2487 a
521 2458 646 2486 medicis
666 2467 735 2493 spes
755 2459 916 2486 curationis
936 2459 1000 2486 sine
1019 2458 1164 2486 incisione
1183 2459 1301 2493 pueruli
1319 2467 1379 2485 non
1397 2458 1597 2492 inveniretur,
1623 2459 1677 2486 de-

291 2506 410 2533 ficiente
429 2509 531 2531 natura
552 2504 683 2536 artisque
702 2502 842 2535 suffragio
862 2512 920 2530 non
940 2503 1063 2530 invento
1083 2513 1233 2531 recursum
1252 2508 1297 2531 est
1323 2503 1362 2530 ad
1379 2507 1474 2530 Deum
1494 2508 1523 2530 et
1542 2507 1676 2530 sanctum

293 2559 378 2577 suum
398 2550 556 2578 Thomam.
592 2552 687 2575 Mater
715 2548 793 2575 enim
821 2547 961 2575 infantuli
984 2549 1073 2575 beato
1101 2549 1235 2575 Thomae
1253 2548 1353 2583 ipsum
1380 2548 1576 2575 devotissime
1595 2556 1676 2575 com-

292 2594 464 2627 nwndavit,
490 2599 522 2621 ut
542 2603 557 2619 a
577 2594 657 2620 dicta
677 2593 849 2620 infirmitate
873 2594 986 2626 absque
1005 2593 1150 2620 incisione
1170 2593 1231 2620 suis
1250 2593 1364 2620 meritis
1382 2602 1506 2627 puerum
1524 2591 1676 2625 liberaret,

294 2639 345 2670 qui
371 2639 489 2666 delatus
515 2638 554 2665 ad
579 2637 790 2665 monasterinm
822 2642 851 2665 et
876 2638 994 2673 positus
1020 2647 1110 2673 super
1128 2637 1274 2665 tumulum
1293 2642 1362 2672 post
1381 2637 1511 2670 aliquam
1530 2637 1675 2664 morulam

295 2691 384 2708 sauus
404 2684 473 2709 inde
493 2683 628 2711 surrexit.
664 2687 787 2718 Propter
804 2683 877 2710 haec
895 2688 925 2710 et
951 2683 1008 2710 alia
1037 2683 1207 2710 testimonia
1232 2683 1343 2715 multa,
1369 2690 1444 2715 qnae
1467 2679 1504 2706 de
1528 2680 1584 2708 hoc
1608 2681 1675 2708 viro

294 2727 373 2761 justo
392 2727 568 2755 mortalibus
587 2727 743 2761 credibilia
761 2737 816 2764 per
833 2731 928 2756 Deum
945 2727 1024 2755 sacta
1043 2732 1112 2756 suut
1129 2727 1234 2761 ninus,
1262 2727 1400 2756 dominus
1419 2725 1569 2754 Johannes
1587 2729 1674 2754 xxu
