1742 3005
348 79 444 128 Cap.
475 78 625 115 (txxn.
686 78 743 115 De
774 85 905 115 sancto
937 78 1218 128 Simplioriano.
1388 78 1469 117 539

82 184 218 230 gratias
245 187 391 230 ageret,
427 183 496 219 duo
530 184 648 230 angeli
682 185 750 218 sibi
788 183 1000 218 adstiterunt
1024 183 1200 218 dicentes:
1234 186 1330 230 erige
1365 189 1469 228 caput

82 250 116 283 in
151 249 261 284 coelis
303 253 337 284 et
370 249 460 284 vide.
509 250 790 294 Adspiciensque
823 249 912 284 vidit
946 249 1065 284 coelos
1100 253 1242 294 apertos
1283 254 1317 284 et
1349 249 1467 285 Jesum

86 325 248 349 eoronam
275 320 482 362 gemmatam
508 320 680 350 tenentem
706 320 741 349 et
769 314 937 349 dicentem
963 315 1049 349 sibi:
1083 314 1174 348 hane
1197 315 1240 350 de
1266 326 1368 350 manu
1392 325 1469 350 mea

80 382 245 426 accipies.
294 380 394 421 Quod
421 381 560 426 quidam
588 382 639 415 vir
663 382 799 414 nomine
824 380 1042 424 Apollinaris
1072 379 1191 414 videns
1225 391 1262 415 se
1295 381 1469 426 baptizari

82 446 176 481 fecit.
238 446 459 492 Quapropter
494 455 640 490 praeses
677 446 787 490 jussit
827 443 949 477 ambos
990 445 1024 477 in
1074 444 1298 480 confessione
1340 445 1467 480 domini

80 506 356 556 perseverantes
374 511 543 546 decollari
569 512 662 545 eirea
686 519 796 544 annos
823 509 952 543 domini
979 508 1078 544 LVII.

502 836 628 898 GAP.
664 836 836 897 cxxll.
872 837 1011 897 (117.)

260 938 368 982 De
416 937 678 982 sancto
722 934 1282 991 simphoriano.

167 1043 432 1089 Simphorianus
470 1043 598 1078 dicitur
632 1055 652 1079 a
686 1043 896 1089 simphonia.
953 1044 1033 1079 Fuit
1075 1046 1164 1079 enim
1198 1049 1370 1089 tamquam
1407 1055 1466 1079 ias

77 1110 261 1152 musicum,
296 1111 455 1145 emittens
490 1109 704 1144 harmoniam
738 1111 919 1152 virtutum,
954 1112 987 1144 in
1020 1121 1087 1155 quo
1114 1114 1287 1155 tamquam
1314 1112 1347 1144 in
1384 1120 1465 1145 vase

77 1174 208 1209 mu'sico
249 1176 320 1209 tria
356 1175 505 1210 suerunt.
563 1175 648 1210 Nam
690 1179 727 1209 ut
772 1176 860 1209 dicis
895 1175 1081 1210 Averrois:
1126 1177 1323 1210 sonativuin
1362 1176 1468 1211 debet

76 1249 156 1276 esse
184 1240 304 1275 durum
322 1241 368 1275 ad
394 1241 640 1284 resistendum,
672 1241 794 1286 ¹)lene
821 1241 865 1275 ad
893 1241 1173 1283 continuandum,
1199 1241 1305 1275 latum
1331 1241 1377 1275 ad
1403 1244 1465 1276 im-

76 1306 257 1351 plendum,
290 1309 340 1342 sie
378 1312 412 1342 et
445 1307 711 1351 simphorianus
744 1311 918 1352 tamquam
954 1317 1013 1341 vas
1046 1309 1210 1341 musicum
1237 1307 1321 1350 fuit,
1359 1307 1466 1343 durus

78 1372 147 1406 sibi
173 1383 239 1417 per
264 1374 516 1415 austeritatem,
543 1372 631 1407 lenis
657 1372 737 1407 aliis
762 1383 826 1417 per
850 1373 1161 1416 mansuetudinem,
1187 1373 1278 1407 latus
1306 1373 1466 1408 omnibus

76 1448 140 1482 per
164 1440 322 1474 caritatis
348 1438 623 1484 amplitudinem.

166 1504 433 1550 simphorianus
457 1506 493 1538 in
518 1504 829 1551 Augustodunensi
854 1503 940 1539 urbe
966 1508 1063 1539 ortus
1089 1505 1166 1539 duin
1193 1504 1305 1540 adhuc
1323 1504 1464 1540 adoles*

77 1580 159 1605 cens
186 1575 301 1613 esset,
333 1574 432 1605 tanta
459 1581 589 1605 morum
618 1571 794 1616 gravitate
822 1569 995 1613 pollebat,
1027 1570 1120 1615 quod
1153 1572 1327 1605 seniorum
1361 1572 1467 1605 vitam

77 1637 272 1681 anticipare
297 1637 483 1672 videretur.
535 1635 616 1670 Cum
642 1637 752 1682 igitur
775 1638 907 1682 pagani
933 1635 1057 1670 festum
1077 1635 1222 1671 Veneris
1246 1636 1467 1671 celebrarent

77 1706 111 1736 et
151 1705 301 1737 statuam
341 1706 423 1737 ante
461 1701 658 1737 Heraclium
698 1702 914 1747 praesectum
953 1701 1152 1743 deferrent,
1199 1701 1466 1747 simphorianus

77 1768 176 1802 affuit
200 1773 234 1803 et
260 1768 382 1804 nolens
407 1779 483 1804 eam
508 1768 658 1802 adorare
685 1767 744 1801 diu
768 1768 929 1803 caeditur
953 1772 987 1803 et
1014 1769 1145 1803 carceri
1171 1769 1405 1812 iiiaircipattir,
1434 1772 1467 1803 et

77 1844 151 1868 eum
179 1833 324 1869 eductus
350 1834 393 1870 de
419 1844 562 1869 earcere
588 1833 633 1868 ad
658 1833 867 1868 sacrificium
893 1838 1081 1880 cogeretur
1106 1838 1139 1869 et
1165 1833 1272 1868 multa
1296 1835 1328 1868 ei
1357 1833 1466 1867 dona-

76 1901 129 1934 ria
153 1902 457 1944 promitterentur,
484 1899 590 1934 dixit:
615 1901 708 1936 Deus
735 1905 869 1943 noster,
897 1904 935 1934 ut
961 1901 1058 1934 novit
1082 1909 1304 1934 remunerare
1329 1900 1465 1939 merita,

76 1966 126 1998 ita
149 1966 245 1999 novit
271 1966 394 2009 punire
420 1969 586 2010 peecata;
627 1968 753 2008 vitam,
786 1976 888 2011 quam
921 1965 1061 2000 Christo
1094 1965 1242 1999 soluturi
1277 1974 1395 1999 sumus
1424 1975 1467 1998 ex

78 2029 221 2071 debito,
248 2029 424 2063 solvamus
453 2040 496 2064 ex
524 2034 616 2064 voto.
666 2031 754 2065 Sera
779 2030 970 2074 poenitudo
998 2035 1053 2064 est
1079 2030 1142 2065 sub
1159 2030 1290 2074 judicis
1308 2029 1467 2062 timuisse

78 2097 281 2139 conspectu,
329 2093 479 2128 Munera
507 2096 671 2137 ²)vestra
691 2094 811 2128 fucata
827 2094 941 2128 mellis
969 2095 1142 2138 permixta
1168 2092 1353 2127 dulcedine
1378 2092 1468 2127 male

79 2159 231 2195 credulis
256 2158 432 2194 mentibus
458 2169 594 2195 venena
627 2160 836 2204 parturiunt.
887 2158 1070 2204 Cupiditas
1104 2162 1222 2193 vestra
1258 2159 1373 2192 omnia
1404 2157 1467 2191 lia-

78 2225 192 2261 hendo
228 2225 277 2259 nil
310 2224 491 2270 possidet,
527 2226 610 2270 quia
645 2224 840 2270 dyabolicis
873 2224 1007 2259 artibus
1039 2223 1197 2269 obligata
1231 2224 1350 2258 miseri
1382 2223 1468 2257 lueri

80 2291 255 2325 detinetur
283 2291 316 2332 ³)
329 2289 556 2335 compedibus
584 2295 618 2325 et
647 2289 780 2335 gaudia
804 2294 923 2325 vestra
950 2291 983 2324 in
1011 2289 1240 2324 similitudine
1264 2289 1366 2331 vitri,
1394 2298 1468 2322 eum

79 2359 270 2400 coeperunt
295 2354 495 2400 splendere,
521 2355 743 2402 franguntur.
792 2355 891 2391 Tune
905 2354 1017 2401 Judex
1034 2355 1087 2389 ira
1102 2354 1258 2399 repletus
1278 2353 1360 2387 data
1387 2363 1468 2388 sen-

79 2422 189 2456 tentia
217 2420 418 2465 praecepit,
450 2423 487 2453 ut
513 2420 779 2465 Simphorianus
807 2419 1042 2457 occideretur.
1091 2420 1156 2460 Qui
1189 2430 1264 2453 eum
1288 2419 1333 2454 ad
1358 2419 1469 2454 locum

81 2485 279 2528 duceretur,
307 2489 418 2519 mater
443 2487 520 2531 ejus
547 2485 590 2519 de
615 2496 712 2520 muro
740 2486 938 2520 exclamans
966 2487 1032 2519 ait:
1058 2489 1151 2527 nate,
1176 2489 1270 2528 nate,
1295 2487 1467 2520 memento

81 2555 247 2586 aeternae
274 2552 387 2592 vitaej.
416 2559 551 2584 sursum
579 2551 717 2595 respice
743 2554 775 2585 et
800 2554 1002 2596 regnantem
1033 2551 1064 2584 in
1091 2550 1190 2585 coelo
1217 2551 1371 2591 intuere,
1406 2549 1469 2583 tibi

150 2649 311 2682 1)l·1d.1¹r.
343 2649 446 2675 levis
472 2648 567 2675 cll-:rh
671 2649 699 2675 ‘J‘
720 2647 772 2674 llic
801 2652 827 2674 et
849 2647 938 2682 paulo
968 2653 1035 2682 post
1066 2648 1117 2675 hd.
1145 2651 1187 2675 Pr.
1215 2648 1295 2681 legit:
1325 2651 1467 2674 nostra.

84 2698 110 2726 J)
132 2694 182 2720 inl.
204 2697 246 2722 l'r.
267 2693 312 2720 ini
324 2703 341 2728 p
353 2693 414 2719 edi
429 2704 442 2719 11
457 2692 464 2718 i
477 2694 492 2717 l»
504 2702 519 2718 ιι
531 2701 552 2718 s.
