1742 3005
150 79 245 127 Cap.
279 76 486 113 cxxxiv.
546 77 604 112 De
635 84 764 112 saneto
797 75 962 111 Adriano
994 87 1076 111 curn
1108 75 1219 110 sociis
1252 74 1340 109 suis.
1393 71 1472 111 597

92 182 268 225 propriam
303 183 358 216 est
392 179 565 214 reduetus.
615 180 696 225 Cum
731 184 844 214 autem
880 181 969 213 sicut
994 180 1091 224 prius
1120 178 1224 213 verbo
1255 181 1289 212 et
1313 178 1470 221 exemplo

90 245 259 290 polleret,
294 247 517 290 insurgentes
551 247 584 280 in
619 256 693 279 eum
731 245 798 278 duo
833 245 976 289 maligni
1013 255 1087 278 eum
1122 244 1281 289 graviter
1305 244 1474 277 insectari

89 315 299 354 coeperunt,
334 321 421 356 quos
454 312 555 344 amici
590 311 830 355 pontilicis¹),
872 312 962 343 sicut
995 313 1214 350 meruerant,
1258 308 1472 342 occiderunt.

88 373 140 408 Eo
165 378 323 419 tempore
346 375 553 420 Lampertus
579 376 734 420 Pipinum
762 374 804 409 de
829 374 977 418 quadam
1004 375 1205 414 meretrice,
1241 384 1343 418 quam
1374 377 1473 407 tene-

89 441 168 481 bat,
203 441 385 485 plurimum
411 441 623 484 increpavit,
654 438 754 472 Dodo
789 442 902 472 autem
934 439 1216 482 consanguineus
1242 448 1382 477 eorum,
1416 440 1473 481 qui

90 507 200 539 occisi
228 506 384 547 fuerant,
417 510 450 538 et
479 504 588 537 frater
620 505 732 547 ipsius
758 504 962 544 meretricis,
990 503 1200 536 domesticus
1226 502 1327 536 aulae
1352 504 1474 547 regiae

89 575 306 616 congregato
331 570 487 604 exercitu
514 567 648 600 (lonium
675 568 833 611 episcopi
869 569 1136 613 circumquaque
1162 566 1320 607 obsedit,
1353 566 1474 600 volens

91 636 283 669 occisorum
313 643 429 668 necem
465 634 498 666 in
531 636 653 666 sancto
690 632 879 667 vindicare.
928 634 974 668 At
1007 643 1081 667 eum
1115 643 1201 677 puer
1226 632 1414 676 Lamperto
1440 633 1474 665 in

89 700 248 733 oratione
277 700 393 743 posito
420 698 629 739 nuntiasset,
656 697 716 731 ille
744 697 893 732 conlisus
920 701 954 732 in
981 698 1133 740 domino,
1160 701 1197 731 ut
1213 707 1273 731 eos
1293 707 1473 742 expugna-

89 768 162 806 ret,
197 774 392 798 mucronem
419 764 588 808 arripuit,
625 763 687 797 sed
713 764 758 797 ad
784 774 821 798 se
848 764 988 798 rediens
1014 764 1170 809 gladium
1196 763 1238 797 de
1264 772 1366 796 manu
1392 774 1473 807 pro-

85 831 195 874 jecit,
221 830 345 864 melius
366 828 553 874 judicans,
588 832 625 862 ut
652 828 875 872 persistendo
903 833 936 863 et
963 828 1143 862 moriendo
1171 829 1344 865 vinceret,
1372 838 1473 872 quam

89 899 126 929 ut
150 899 309 929 sacratas
335 904 455 928 manus
483 894 525 928 de
550 895 731 938 impiorum
760 896 930 939 sanguine
958 893 1158 927 macularet.
1208 892 1307 926 'runc
1334 894 1384 926 vir
1410 892 1474 927 Dei

89 971 172 995 suos
207 960 405 1001 admonuit,
441 963 478 992 ut
509 962 654 1002 peccata
688 968 753 992 sua
784 959 1031 993 confiterentur
1063 963 1098 993 ct
1130 963 1273 992 mortem
1300 959 1476 1002 patienter

89 1027 320 1066 sustinerent,
345 1026 531 1068 statimque
558 1025 653 1068 impii
679 1025 850 1058 irruentes
878 1029 1032 1057 sanctum
1059 1026 1091 1057 in
1118 1025 1277 1057 oratione
1304 1023 1473 1067 Lamper-

87 1095 157 1125 tum
184 1094 395 1135 prostratum
423 1093 643 1133 peremerunt
674 1090 767 1122 circa
801 1098 912 1122 annos
946 1089 1076 1122 domini
1104 1087 1292 1132 ²)DCXX.
1341 1088 1473 1127 Quibus

89 1154 350 1189 discedentibus
378 1153 517 1200 quidam
544 1164 586 1188 ex
613 1154 690 1198 ejus
716 1153 854 1187 famulis
881 1154 1070 1188 evadentes
1093 1164 1219 1198 eorpus
1241 1154 1316 1198 ejus
1337 1147 1473 1188 occulte

88 1219 133 1254 ad
168 1219 404 1255 cathedralem
436 1219 622 1254 ecclesiam
654 1219 799 1263 navigio
832 1219 1068 1264 perduxerunt
1093 1224 1127 1254 ct
1154 1229 1227 1253 cum
1256 1218 1362 1253 multa
1386 1220 1471 1252 eivi-

88 1286 170 1319 tatis
197 1286 373 1320 moestitia
398 1284 600 1328 sepulturae
625 1283 807 1318 dederunt.

497 1599 623 1661 GAP.
659 1598 885 1660 cxxxiv.
920 1600 1067 1661 (127.)

128 1699 228 1742 De
257 1697 475 1742 saneto
504 1695 791 1742 Adriano
825 1697 857 1740 ³)
875 1708 1021 1742 eum
1050 1695 1245 1742 sociis
1278 1696 1430 1742 suis.

174 1805 350 1840 Adrianus
385 1817 407 1841 a
438 1805 654 1842 Maximiano
682 1809 896 1852 imperatore
930 1808 1100 1852 regnante
1132 1806 1322 1839 martirium
1348 1814 1476 1849 passus

88 1874 156 1908 est.
203 1869 286 1905 Cum
318 1872 407 1906 enim
441 1872 645 1916 praedictus
677 1871 912 1906 Maximianus
945 1873 980 1905 in
1012 1870 1217 1904 Nicomedia
1242 1869 1328 1903 urbe
1360 1868 1475 1913 ydolis

88 1936 304 1979 immolaret,
340 1937 445 1982 jussu
482 1937 559 1982 ejus
592 1939 706 1971 cuncti
737 1937 949 1971 christianos
982 1937 1226 1981 perquirentes
1259 1934 1321 1967 alii
1350 1935 1475 1967 timore

89 2009 245 2043 poenae,
279 2001 342 2034 alii
372 2011 490 2036 amore
523 2003 719 2046 promissae
745 2003 933 2045 pecuniae,
969 2002 1076 2036 vieini
1102 2001 1256 2041 vicinos,
1288 2000 1475 2044 propinqui

91 2063 303 2098 domesticos
328 2064 374 2097 ad
398 2065 608 2108 supplicium
632 2065 842 2106 trahebant,
876 2066 967 2099 inter
1001 2074 1088 2108 quos
1114 2062 1263 2097 XXXIII
1288 2073 1310 2096 a
1332 2065 1476 2107 perqui-

91 2128 247 2163 rentibus
279 2128 522 2173 comprehensi
555 2133 636 2163 ante
669 2139 788 2174 regem
819 2129 962 2162 adducti
995 2132 1087 2164 sunt.
1135 2127 1268 2166 Quibus
1293 2137 1375 2161 rex:
1408 2137 1477 2162 non

90 2193 276 2237 audiistis,
311 2194 426 2238 qualis
458 2203 573 2238 poena
606 2193 775 2228 adversus
811 2192 1023 2227 christianos
1055 2194 1173 2237 posita
1197 2193 1269 2227 sit?
1317 2192 1381 2226 Cui
1404 2192 1476 2226 illi:

90 2260 288 2294 audivimus
322 2264 357 2294 et
388 2259 558 2293 stultitiae
596 2262 678 2293 tuae
704 2259 878 2304 juissionis
910 2259 1097 2292 irrisimus.
1146 2257 1246 2292 Tunc
1279 2267 1340 2292 rex
1366 2258 1476 2291 iratus

91 2327 207 2367 nervis
241 2323 358 2359 crudis
394 2333 455 2358 eos
491 2323 592 2358 caedi
620 2325 729 2368 jussit
764 2328 799 2358 et
833 2323 1013 2369 lapidibus
1048 2334 1112 2358 ora
1153 2333 1271 2358 eorum
1311 2321 1477 2356 contundi

91 2390 270 2424 mandavit
301 2399 344 2424 ac
377 2392 545 2423 annotata
575 2390 847 2433 uniuscujusque
884 2389 1107 2423 confessione
1143 2388 1238 2423 ferro
1273 2388 1407 2421 vinctos
1442 2387 1478 2419 in

93 2464 236 2489 carcere
273 2453 407 2489 recludi
449 2454 640 2498 praecepit.
698 2453 850 2492 Quorum
890 2455 1122 2488 constantiam
1160 2453 1337 2488 Adrianus
1380 2452 1478 2495 prior

93 2519 201 2554 officii
226 2520 389 2554 militaris
414 2517 642 2554 considerans
667 2518 754 2552 dixit
780 2519 844 2552 iis:
870 2519 994 2564 adjuro
1015 2529 1078 2553 vos
1095 2529 1159 2563 per
1178 2518 1286 2552 Deum
1312 2520 1475 2558 vestrum,

159 2620 188 2652 1)
205 2618 303 2651 Vulgo
321 2618 399 2646 male
418 2617 553 2644 additur:
572 2624 648 2643 (³0⁵.
752 2616 782 2649 2)
808 2615 861 2643 Ed.
882 2619 925 2643 l’r.
944 2618 968 2641 D
981 2617 999 2642 C
1018 2614 1101 2648 legit,
1204 2616 1232 2648 3)
1260 2614 1368 2641 verba:
1395 2622 1475 2640 cum

91 2662 214 2691 sociis
240 2662 318 2704 suis
337 2662 407 2690 libri
425 2666 536 2689 recent.
557 2660 707 2688 omittunt.
