1742 3005
507 419 699 494 INIIEX
738 418 1045 494 CAPITUM.

87 703 261 748 Prologus
309 727 1247 742 .................
1308 712 1390 747 pag.
1449 704 1469 735 l

88 761 174 804 cap.
198 759 223 794 I.
271 759 322 794 De
346 759 497 794 adventu
522 760 651 795 domIni
682 786 1270 798 ...........
1342 781 1356 785 -
1448 758 1471 791 3

134 838 148 842 -
196 815 238 853 ΙΙ.
285 816 334 851 De
360 820 480 850 sancto
507 817 648 853 Andrea
672 817 834 862 apostolo
879 844 1292 854 ........
1342 837 1356 842 -
1426 816 1470 849 13

131 894 148 899 -
194 872 251 909 III.
296 872 348 907 De
372 877 494 907 sancto
519 873 665 907 Nicolao
746 898 1269 912 ..........
1344 894 1357 898 -
1427 872 1472 905 22

134 950 148 954 -
195 928 249 964 Ν.
296 929 346 964 De
374 933 498 963 sancta
521 928 632 963 Lucia
658 931 794 975 virgine
820 955 1288 966 .........
1339 950 1354 955 -
1426 929 1471 962 29

134 1006 148 1010 -
196 984 236 1020 V.
282 984 332 1019 De
360 989 480 1019 sancto
505 985 642 1019 Thoina
666 987 828 1031 apostolo
857 1010 1268 1023 ........
1343 1007 1356 1011 -
1426 985 1472 1019 32

133 1063 148 1068 -
195 1040 254 1079 VI.
299 1041 351 1076 De
375 1043 558 1077 nativitate
584 1042 713 1077 domini
737 1045 847 1078 nostri
870 1043 953 1079 Jesu
972 1042 1103 1078 Christi
1129 1052 1253 1076 secun-

303 1097 380 1132 dum
409 1108 547 1133 carnem
589 1122 1292 1136 .............
1342 1119 1356 1124 -
1427 1097 1472 1131 39

132 1174 149 1180 -
196 1153 270 1191 VII.
317 1154 368 1189 De
393 1159 514 1190 sancta
537 1156 730 1190 Anastasia
801 1181 1268 1193 .........
1342 1176 1356 1180 -
1427 1155 1473 1187 47

129 1233 147 1239 -
194 1210 280 1246 VIII.
328 1211 377 1246 De
403 1216 523 1246 sancto
549 1211 729 1257 Stephano
761 1238 1292 1251 ..........
1344 1233 1357 1237 -
1428 1211 1474 1244 49

133 1288 148 1292 -
195 1266 256 1302 ΙΧ.
305 1267 353 1302 De
381 1273 502 1302 sancto
526 1268 686 1304 Johanne
711 1269 874 1314 apostolo
902 1274 936 1304 ct
960 1270 1181 1316 evangelista
1204 1295 1215 1306 .
1263 1294 1272 1304 .
1347 1290 1360 1294 -
1429 1267 1474 1301 56

133 1344 149 1348 -
197 1323 239 1358 Χ.
285 1323 336 1358 De
362 1324 602 1358 innocentibus
641 1350 1294 1363 ............
1344 1347 1358 1350 -
1429 1325 1474 1357 (52

135 1401 149 1405 -
196 1378 256 1413 XI.
305 1379 355 1414 De
381 1384 501 1414 sancto
526 1380 662 1415 Thoma
688 1382 924 1416 cantuariensi
977 1407 1272 1419 ......
1346 1403 1359 1406 -
1430 1381 1475 1413 (ili

133 1458 149 1462 -
196 1435 271 1470 XII.
319 1436 370 1470 De
395 1441 516 1471 sancto
543 1437 714 1472 silvestro
763 1464 1295 1475 ..........
1346 1458 1361 1462 -
1430 1436 1476 1470 7⁰

135 1513 148 1517 -
196 1492 288 1526 XIII.
335 1492 386 1526 De
413 1494 675 1528 circumcisione
701 1493 830 1527 domini
862 1519 1273 1532 ........
1345 1515 1359 1519 -
1431 1493 1476 1526 79

133 1570 150 1576 -
197 1548 288 1583 XIV.
334 1547 384 1583 Dc
411 1548 599 1593 epiphania
624 1549 752 1583 domini
821 1576 1295 1587 .........
1346 1571 1361 1575 -
1431 1549 1476 1583 87

135 1627 149 1631 -
197 1604 274 1640 XV.
320 1604 369 1639 De
393 1609 515 1638 sancto
540 1605 649 1640 Paulo
676 1608 820 1641 eremita
859 1633 1273 1644 ........
1346 1627 1359 1631 -
1429 1605 1476 1639 9-1

136 1684 151 1688 -
199 1660 288 1696 XVI.
335 1660 387 1695 De
413 1666 533 1695 sancto
559 1661 716 1708 Remigio
765 1687 1297 1700 ..........
1347 1684 1361 1688 -
1432 1662 1477 1696 95

137 1739 151 1744 -
198 1717 305 1754 XVII.
351 1717 402 1753 De
430 1722 551 1752 sancto
577 1718 709 1753 Hilario
752 1746 1274 1763 ..........
1347 1740 1363 1746 -
1430 1719 1477 1752 98

135 1796 150 1801 -
197 1773 322 1813 XVIII,
368 1773 418 1809 De
444 1779 564 1810 sancto
590 1776 748 1811 Macario
829 1804 1297 1813 .........
1346 1797 1360 1801 -
1411 1775 1476 1809 10⁰

135 1852 151 1858 -
196 1830 292 1868 xlx.
336 1830 388 1866 De
414 1836 533 1866 sancto
558 1831 677 1867 Felice
742 1858 1274 1870 ..........
1346 1853 1362 1858 -
1404 1832 1475 1878 ,102

135 1908 151 1914 -
198 1887 278 1924 XX.
326 1890 379 1923 De
404 1893 525 1924 sancto
550 1888 722 1924 Marcello
769 1913 1297 1927 ..........
1347 1910 1362 1914 -
1409 1888 1476 1922 103

135 1962 152 1970 -
197 1943 294 1981 ΧΧΙ.
339 1944 389 1980 De
414 1951 534 1979 sancto
558 1946 712 1980 Antonio
748 1972 1276 1984 ..........
1349 1966 1362 1970 -
1411 1944 1477 1978 104

134 2019 152 2027 -
196 2000 308 2038 XXII.
354 2000 405 2036 De
431 2007 552 2036 sancto
577 2001 733 2037 Fabiano
761 2028 1295 2041 ..........
1346 2023 1360 2026 -
1408 2000 1476 2034 108

138 2078 152 2082 -
199 2056 324 2092 XXIII.
372 2058 422 2093 De
447 2063 568 2093 sancto
596 2059 806 2096 Sebastiano
862 2085 1277 2097 ........
1349 2078 1363 2083 -
1412 2056 1477 2090 108

136 2134 153 2140 -
198 2114 324 2151 XXIV.
369 2115 421 2150 De
446 2120 568 2150 sancta
592 2116 732 2161 Agnete
758 2118 896 2164 virgine
944 2141 1297 2153 .......
1348 2135 1362 2139 -
1411 2112 1478 2147 113

139 2191 154 2196 -
199 2170 310 2206 XXV.
357 2171 408 2206 De
433 2177 552 2206 sancto
578 2171 760 2207 Vincentio
801 2198 1276 2212 .........
1411 2169 1477 2203 117

137 2247 155 2252 -
201 2227 327 2262 XXVI.
374 2227 426 2262 De
450 2232 571 2262 sancto
594 2227 729 2263 Basilio
755 2231 923 2275 episcopo
1001 2255 1300 2265 ......
1350 2247 1364 2252 -
1412 2227 1478 2260 121

137 2301 154 2309 -
199 2282 342 2318 XXVII.
390 2284 441 2319 De
466 2289 587 2320 sancto
610 2285 770 2320 Johanne
796 2285 1042 2321 elemosinario
1085 2310 1096 2322 .
1144 2315 1154 2323 .
1203 2313 1213 2322 .
1261 2312 1272 2322 .
1349 2305 1364 2309 -
1412 2282 1479 2315 126

139 2359 156 2365 -
200 2338 356 2374 XXVIII.
403 2339 454 2375 De
480 2343 708 2377 conversione
734 2344 846 2377 sancti
870 2342 970 2378 Pauli
998 2342 1152 2388 apostoli
1177 2369 1186 2377 .
1235 2369 1243 2376 .
1293 2368 1302 2376 .
1351 2360 1364 2364 -
1413 2337 1480 2371 133

140 2415 156 2420 -
203 2393 334 2431 ΧΧΙΧ.
380 2394 430 2430 De
456 2401 579 2432 sancta
601 2398 711 2433 Paula
745 2422 1278 2436 ..........
1351 2416 1366 2421 -
1412 2392 1479 2427 135

141 2472 157 2477 -
202 2450 318 2487 XXX.
363 2449 416 2484 De
441 2457 559 2487 sancto
583 2453 723 2489 Juliano
755 2477 1298 2492 ..........
1348 2471 1363 2475 -
1410 2449 1478 2483 14⁰

140 2529 157 2534 -
203 2506 330 2542 XXXI.
378 2507 428 2542 De
456 2512 718 2555 septuagesima
743 2536 1278 2549 ..........
1349 2527 1362 2532 -
1411 2504 1478 2539 146

140 2586 156 2591 -
204 2564 348 2602 XXXII.
396 2564 446 2599 De
471 2567 696 2612 sexagesima
758 2591 1296 2604 ..........
1348 2584 1363 2589 -
1410 2561 1477 2596 148

142 2643 158 2648 -
203 2620 364 2658 XXXIII.
412 2621 462 2656 De
488 2623 778 2669 quinquagesima
802 2652 811 2661 .
863 2651 870 2658 .
898 2644 902 2648 Δ
921 2649 1280 2662 .......
1349 2642 1364 2647 -
1410 2619 1477 2652 149

143 2699 158 2705 -
204 2677 366 2715 XXXIV.
413 2678 463 2714 Dc
489 2678 760 2726 quadragesima

814 2698 1362 2719 ..........
