1742 3005
220 128 303 171 528
528 128 622 178 Cap.
655 127 769 163 CXX.
829 126 887 163 De
929 134 1060 163 sancto
1096 126 1312 164 Bernardo,

222 236 256 268 in
283 231 573 271 conversatione,
614 228 694 263 sons
730 230 765 262 in
796 227 976 264 doctrinae
1009 232 1247 273 emanatione,
1281 233 1406 275 puteus
1443 231 1477 263 in
1503 230 1617 264 scien-

220 300 293 333 tiae
336 295 577 341 profunditate
618 298 653 330 et
685 293 886 329 odoriferus
930 295 965 328 in
997 293 1110 330 famae
1149 297 1335 331 suavitate.
1393 295 1480 342 Ejus
1514 297 1618 330 vitam

221 362 428 398 willielmus
469 360 583 395 abbas
635 362 747 395 sancti
788 358 1029 403 Theoderici,
1077 362 1195 396 socius
1236 360 1333 396 beati
1377 360 1547 396 Bernardi
1585 364 1619 395 ct

226 427 469 474 ¹)Hernaldus
499 427 610 461 abbas
638 426 759 461 Bonae
786 425 897 460 Vallis
924 428 1078 471 scripsit.

313 493 515 529 Bernardus
542 494 577 527 in
603 493 810 538 Burgundia
835 495 953 526 castro
977 491 1145 527 Fontanis
1179 503 1223 528 ex
1255 491 1432 526 nobilibus
1457 491 1560 526 valde
1587 495 1621 526 et

224 560 405 605 religiosis
444 559 651 604 parentibus
686 562 783 592 ortus
821 562 888 594 est.
941 557 1048 603 Cujus
1083 563 1185 604 pater
1212 558 1480 601 ²)Coelestinus
1520 558 1619 592 miles

225 625 368 661 saeculo
397 628 581 666 strenuus,
619 634 684 659 1100
718 625 831 658 minus
871 623 945 658 Deo
984 624 1198 670 religiosus,
1235 628 1347 659 mater
1380 634 1464 658 vero
1492 623 1621 658 Aalotli

225 695 427 736 nuncupata
453 695 520 725 est.
566 690 660 724 Haec
694 694 827 734 septem
854 690 946 724 {ilios
973 692 1117 736 genuit,
1157 701 1219 725 sex
1254 700 1372 724 mares
1399 694 1434 724 et
1459 689 1620 724 seminam

225 767 350 799 unam,
375 765 490 790 mares
518 759 631 790 autem
647 766 765 789 omnes
782 756 972 789 monachos
994 756 1142 798 futuros,
1171 757 1331 790 seminam
1354 760 1469 791 autem
1491 756 1621 789 sancti-

225 822 410 857 monialem
435 822 695 866 ³)promiserat.
720 820 803 855 Mox
820 825 948 863 autem,
970 825 1008 855 ut
1026 821 1131 855 filium
1149 825 1249 866 partu
1267 821 1439 864 ediderat,
1462 821 1621 855 manilius

225 889 382 934 propriis
409 889 521 932 ipsum
548 887 622 922 Deo
646 886 839 929 offerebat,
874 886 1000 921 alicnis
1038 887 1206 921 uberibus
1240 888 1337 931 ipsos
1364 889 1489 921 nutriri
1523 887 1619 921 rel'u-

226 954 367 1001 giebat,
407 954 510 999 quasi
535 963 610 987 cum
635 953 726 987 lacte
753 956 911 986 materno
939 954 1087 987 materni
1116 951 1372 998 quodammodo
1398 952 1480 986 boni
1506 952 1621 986 insun-

227 1020 315 1056 dcns
344 1021 387 1054 iis
411 1024 581 1053 naturam.
632 1019 715 1053 Cum
741 1023 855 1054 autem
883 1020 1091 1061 crevissent,
1120 1018 1285 1064 quamdiu
1323 1017 1386 1052 sub
1418 1028 1520 1052 manu
1545 1019 1621 1064 ejus

225 1090 347 1128 erant,
383 1095 498 1119 eremo
524 1086 636 1130 magis
670 1094 771 1129 quam
804 1086 923 1119 curiae
958 1085 1154 1126 nutriebat,
1189 1084 1278 1118 cibis
1312 1084 1553 1129 grossioribus
1589 1087 1623 1119 et

227 1150 466 1187 communibus
494 1160 643 1195 pascens
670 1160 731 1184 eos
760 1151 861 1195 qnasi
887 1152 1050 1183 continuo
1077 1150 1120 1184 ad
1146 1161 1296 1185 cremum
1321 1149 1620 1184 transmittendos.

229 1219 313 1253 Cum
339 1219 448 1263 igitur
471 1217 611 1251 tertium
643 1215 771 1258 lilium,
808 1215 945 1249 scilicet
977 1215 1213 1258 Bernarduni,
1250 1214 1365 1249 adhuc
1399 1219 1556 1260 gestaret
1588 1217 1623 1249 in

227 1287 348 1325 utero,
402 1282 490 1317 vidit
533 1282 702 1315 somnium
742 1282 967 1327 praesagium
1011 1281 1226 1323 futurorum,
1278 1280 1439 1315 catellum
1486 1281 1624 1315 scilicet

227 1354 337 1383 totum
367 1347 576 1391 candidum,
610 1351 719 1381 totum
757 1348 791 1380 in
817 1347 924 1381 dorso
950 1347 1130 1381 subrufum
1167 1352 1201 1381 et
1234 1346 1419 1380 latrantem
1452 1347 1487 1379 in
1523 1351 1622 1380 utero

228 1425 267 1450 se
295 1414 439 1450 habere.
489 1413 589 1454 Quod
617 1424 693 1447 cum
718 1413 856 1447 cuidam
882 1414 957 1448 viro
983 1413 1048 1448 Dei
1068 1414 1303 1458 exposuisset,
1330 1412 1389 1446 ille
1419 1411 1624 1456 prophetica

228 1491 315 1516 voce
348 1479 551 1525 respondit:
585 1480 708 1524 optimi
729 1479 859 1514 'catelli
892 1484 1005 1514 mater
1044 1481 1136 1522 eris,
1173 1480 1233 1524 qui
1267 1478 1389 1512 domus
1415 1477 1479 1512 Dei
1504 1482 1623 1512 custos

229 1546 367 1580 futurus
401 1555 548 1591 magnos
589 1549 712 1580 contra
746 1546 905 1579 inimicos
939 1545 1040 1579 dabit
1079 1546 1241 1580 latratus.
1288 1543 1364 1579 Erit
1395 1545 1485 1579 enim
1520 1554 1623 1589 prac-

229 1611 366 1646 dicator
399 1612 565 1656 egregius
601 1615 636 1645 et
668 1611 796 1646 multos
837 1611 1056 1646 medicinalis
1089 1611 1232 1657 linguae
1274 1612 1392 1657 gratia
1426 1614 1624 1646 curaturus,

230 1677 312 1711 Cum
341 1681 455 1711 autem
480 1675 680 1710 Bernardus
711 1676 825 1711 adhuc
850 1677 1017 1721 puerulus
1046 1681 1141 1712 esset
1169 1681 1202 1711 et
1226 1678 1326 1723 gravi
1347 1676 1470 1711 dolore
1497 1677 1624 1721 capitis

229 1745 456 1789 aegrotaret,
488 1743 686 1776 venientem
711 1741 756 1775 ad
782 1752 820 1776 se
846 1742 1083 1777 mulierculam
1102 1770 1109 1784 ‚
1146 1747 1184 1776 ut
1218 1742 1374 1777 dolorem
1401 1744 1475 1777 suis
1498 1743 1623 1776 carmi-

229 1808 333 1843 nibus
358 1810 560 1853 mitigaret,
597 1817 671 1841 cum
698 1806 942 1853 indignatione
971 1809 1078 1841 nimia
1102 1808 1303 1842 exclamans
1336 1808 1465 1852 repulit
1499 1811 1532 1841 et
1558 1807 1621 1841 ab-

226 1874 326 1919 Jecit.
374 1873 517 1908 Pueruli
549 1876 663 1907 autem
690 1872 782 1906 hono
817 1873 893 1907 zelo
928 1872 1173 1908 misericordia
1209 1872 1272 1907 Dei
1304 1883 1371 1906 non
1399 1872 1528 1914 defuit,
1559 1872 1623 1907 sed

228 1943 309 1973 tunc
344 1940 509 1973 continuo
535 1948 684 1983 surgens
711 1937 896 1972 liberatum
922 1949 961 1973 se
987 1949 1065 1973 esse
1094 1939 1271 1983 cognovit.
1320 1937 1358 1972 In
1382 1939 1624 1972 sacratissima

230 2004 425 2039 dominicae
452 2004 647 2038 nativitatis
673 2007 776 2038 nocte
802 2014 875 2038 cum
903 2015 989 2049 puer
1015 2003 1216 2038 Ber-nardus
1242 2004 1444 2038 matutinale
1472 2004 1623 2038 osticium

229 2072 263 2104 in
291 2069 443 2104 ecclesia
472 2073 718 2114 exspectaret,
753 2074 786 2104 et
818 2079 886 2114 qua
915 2069 1004 2103 hora
1035 2070 1147 2103 noctis
1174 2068 1333 2103 Christus
1359 2074 1460 2103 natus
1487 2069 1622 2111 suisset,

229 2137 322 2170 scire
349 2139 505 2180 cuperet,
534 2136 700 2179 apparuit
725 2136 757 2169 ei
784 2135 950 2179 puerulus
975 2134 1092 2177 JesuS,
1120 2135 1221 2179 quasi
1246 2136 1371 2169 iterum
1397 2139 1477 2170 ante
1504 2135 1624 2170 oculos

229 2211 313 2235 suos
338 2210 486 2235 nascens
511 2211 553 2235 ex
583 2204 683 2234 utero
715 2201 847 2235 matris.
896 2199 1013 2243 Unde,
1056 2200 1221 2246 quamdiu
1253 2202 1357 2243 vixit,
1393 2200 1481 2234 hanc
1515 2201 1624 2235 fuisse

229 2266 350 2300 horam
377 2267 572 2299 nativitatis
598 2265 793 2300 dominicae
822 2276 962 2311 semper
989 2268 1134 2311 putavit.
1183 2265 1237 2300 Ab
1273 2266 1335 2300 illa
1361 2276 1447 2312 ergo
1475 2265 1563 2299 hora
1589 2267 1624 2299 in

228 2331 306 2374 liis,
333 2341 423 2376 quae
447 2331 491 2365 ad
517 2330 603 2365 illud
632 2333 809 2376 pertinent
835 2335 1110 2373 sacramentum,
1146 2336 1181 2366 et
1204 2341 1329 2366 sensus
1356 2333 1387 2366 ei
1417 2331 1625 2375 profundior

229 2401 264 2432 et
288 2407 403 2431 sermo
429 2397 610 2441 copiosior
634 2396 736 2431 datus
762 2402 834 2440 est,
868 2397 958 2431 unde
993 2400 1027 2432 et
1054 2397 1272 2442 postmodum
1300 2398 1334 2431 in
1360 2396 1496 2432 laudem
1522 2397 1621 2443 geni-

227 2463 326 2496 tricis
352 2466 387 2497 et
413 2463 525 2508 geniti
550 2463 641 2497 inter
668 2464 748 2507 ipsa
773 2473 911 2497 suorum
938 2466 1146 2497 tractatuum
1172 2464 1274 2497 initia
1301 2463 1440 2508 insigne
1470 2471 1619 2506 opuscu-

229 2527 296 2561 lum
322 2527 443 2570 edidit,
470 2529 502 2561 in
528 2538 596 2573 quo
626 2528 719 2562 illam
747 2528 931 2563 lectionem
958 2528 1216 2573 evangelicam:
1242 2529 1369 2562 missus
1396 2531 1449 2562 est
1473 2525 1621 2571 angelus

233 2590 393 2633 Gabriel,
420 2593 632 2637 explanavit.
682 2593 812 2629 videns
839 2595 1002 2639 antiquus
1035 2593 1149 2628 hostis
1184 2594 1400 2639 propositum
1426 2592 1524 2636 puori
1552 2594 1620 2624 tam

299 2687 324 2718 1)
343 2687 401 2713 Alii
422 2688 537 2719 legunt:
564 2691 788 2719 nvn-nardus
814 2692 932 2720 abluas
958 2690 1132 2720 nonalis,
1270 2689 1298 2721 2)
1318 2687 1376 2715 Alii
1398 2687 1619 2715 '’CCUMUU&

229 2731 257 2763 5)
278 2733 338 2757 lloc
359 2732 485 2759 verbum
505 2733 615 2761 omittit
637 2735 688 2762 Ed.
709 2739 750 2762 1¹r.
