1742 3005
246 106 340 157 Cap.
375 104 544 142 CXLlIl.
604 104 664 143 De
694 104 832 142 sanctis
864 104 1004 141 Cos-ma
1033 109 1070 140 et
1103 101 1304 140 Damiano.
1382 101 1462 141 637

79 210 293 246 suetudinem
334 209 456 245 habuit
490 212 524 245 in
557 211 845 252 conversatione,
889 207 1081 244 doctrinam
1125 217 1309 253 supernam
1342 207 1465 242 habuit

78 278 114 310 in
150 276 433 321 praedicatione,
476 275 683 310 sacrificium
726 275 790 310 suit
823 276 857 308 in
896 275 1012 308 carnis
1049 274 1306 318 mae-eratione,
1334 272 1463 308 domini

79 351 198 377 manus
224 341 288 376 l'uit
313 343 347 375 in
374 341 575 377 medicinali
600 342 790 376 curatione.

166 411 208 444 1.
244 407 388 442 Cosmas
424 411 458 442 et
482 406 671 441 Damianus
703 407 862 452 germani
888 405 1016 440 tratres
1050 406 1084 439 in
1115 406 1259 439 civitate
1289 403 1391 451 Egea
1422 415 1465 440 ex

79 473 249 518 religiosa
270 477 378 507 matre
405 474 540 507 nomine
572 471 836 514 ¹)Theodocl1e
861 473 932 504 nati
959 474 1051 507 sunt.
1100 469 1139 503 Hi
1165 474 1242 503 arte
1269 470 1465 506 medie-inae

79 537 194 572 edocti
214 541 342 572 tantam
361 547 381 571 a
398 538 522 582 spiritu
538 540 659 570 sancto
677 537 826 581 gratiam
843 539 1067 580 acceperunt,
1084 538 1121 569 ut
1136 544 1254 568 omnes
1272 534 1463 580 languores

78 614 145 637 non
163 603 273 638 solum
290 602 333 636 ab
355 601 563 642 hominibus,
591 600 653 635 sed
674 601 777 635 etiam
797 610 816 634 a
831 601 998 646 jumentis
1021 604 1195 642 curarent,
1216 602 1328 647 gratis
1350 603 1464 636 omnia

76 668 281 703 tribuentes
329 666 494 702 Matrona
526 670 639 701 autem
675 665 844 711 quaedam
871 667 1008 701 nomine
1032 666 1214 709 Palladia,
1248 676 1323 701 cum
1348 668 1464 702 omnia

76 743 140 768 sua
163 735 199 767 in
222 732 364 768 medicis
389 734 662 774 consumsisset,
698 730 743 765 ad
778 736 919 766 sanctos
955 733 1105 766 accessit
1130 736 1163 766 et
1188 731 1231 766 ab
1258 733 1301 766 iis
1328 735 1462 768 sanita-

74 803 142 834 tem
168 799 339 844 integram
366 799 572 843 reportavit.
622 797 721 831 Tunc
759 797 820 831 illa
854 797 1027 842 quoddam
1067 797 1302 832 munusculum
1339 803 1462 833 sancto

75 864 244 898 Damiano
279 863 425 905 obtulit,
473 867 507 898 et
539 873 613 897 cum
649 863 759 897 nollet
796 864 977 907 recipere,
1022 863 1083 898 illa
1124 874 1199 897 euin
1233 866 1462 899 sacramentis

73 929 292 964 terribilibus
329 928 518 974 adJ'uravit.
567 927 667 968 Quod
712 928 770 962 ille
803 929 981 973 acquievit
1022 929 1180 973 recipere
1213 939 1281 962 non
1324 930 1461 975 quidem

75 995 197 1029 ductus
223 994 415 1039 cupiditate
442 995 615 1035 muneris,
652 994 713 1028 sed
748 998 781 1028 et
807 993 985 1028 devotioni
1013 993 1239 1029 satisfaciens
1267 995 1461 1036 offerentis,

75 1065 110 1096 et
141 1072 184 1096 ne
218 1071 342 1096 nomen
374 1060 502 1094 domini
538 1059 716 1094 videretur
740 1070 925 1104 spernere,
960 1070 1024 1104 per
1049 1060 1140 1105 quod
1177 1060 1322 1096 videbat
1346 1063 1398 1095 sic
1423 1071 1461 1096 se

74 1126 271 1172 adjuratum
314 1136 404 1161 esse.
453 1125 524 1160 Hoc
568 1126 627 1159 ubi
671 1130 814 1159 sam-tus
850 1126 994 1160 Cosinas
1032 1127 1218 1170 comperit,
1265 1128 1460 1171 praecepit,
1509 1172 1515 1177 ⁵

73 1202 116 1227 ne
149 1201 275 1236 corpus
313 1192 390 1237 ejus
422 1201 490 1226 una
523 1202 597 1226 cum
632 1193 742 1236 ipsius
780 1202 928 1237 corpore
954 1195 1154 1236 poneretur.
1204 1191 1272 1226 Sed
1299 1193 1461 1237 sequenti

73 1262 176 1293 nocte
211 1257 370 1292 dominus
404 1258 552 1292 Cosmae
585 1259 749 1302 apparuit
784 1263 817 1293 et
856 1258 997 1293 fratrem
1046 1257 1089 1293 tle
1123 1261 1286 1302 suscepto
1319 1268 1461 1293 munere

74 1325 264 1359 excusavit.
320 1324 475 1359 Audiens
517 1334 634 1358 eorum
677 1324 803 1358 samam
846 1324 1033 1369 proconsul
1073 1323 1191 1357 Lisias
1233 1334 1294 1358 eos
1339 1323 1383 1358 ad
1422 1334 1461 1359 se

75 1391 243 1425 accersiri
269 1389 350 1424 fecit
376 1393 409 1424 e‘t
434 1399 522 1434 quae
548 1400 665 1424 eorum
693 1394 771 1424 sunt
797 1392 956 1432 nomina,
984 1400 1073 1436 quae
1098 1391 1230 1435 patria,
1270 1399 1359 1434 quae
1386 1389 1459 1424 sor-

72 1441 180 1499 tuna,
214 1457 390 1501 inquirere
424 1458 550 1500 coepit.
601 1456 719 1489 Sancti
753 1458 912 1490 martires
948 1456 1127 1490 dixerunt:
1161 1457 1301 1489 nomina
1338 1460 1460 1490 nostra

75 1526 156 1556 sunt
191 1522 335 1556 Cosmas
370 1525 405 1555 et
438 1521 645 1562 Damianus,
687 1522 777 1555 alios
811 1527 881 1556 tres
917 1522 1044 1556 fratres
1080 1521 1269 1563 habemus,
1315 1531 1460 1566 quorum

75 1589 215 1623 nomina
259 1591 339 1621 sunt
381 1587 601 1631 ²)Antimus,
644 1588 813 1622 Leontius
854 1592 887 1622 et
928 1587 1147 1632 Euprepius,
1196 1587 1312 1631 patria
1347 1590 1460 1620 autem

74 1658 196 1688 nostra
213 1652 348 1687 Arabia
373 1657 445 1695 est3
470 1664 577 1698 porro
607 1653 779 1687 fortunam
807 1653 994 1687 christiani
1021 1654 1192 1688 nesciunt.
1240 1651 1352 1686 Jussit
1374 1662 1460 1697 ergo

75 1718 283 1764 proconsul,
318 1723 355 1753 ut
386 1719 513 1753 fratres
546 1729 629 1753 suos
663 1719 876 1754 adducerent
903 1723 936 1754 et
961 1719 1061 1753 simul
1086 1718 1201 1764 >dolis
1230 1717 1459 1758 immolarent,

75 1784 136 1819 sed
160 1795 234 1819 cum
261 1785 398 1818 omnino
426 1784 602 1820 immolare
626 1789 906 1827 contemnerent,
940 1786 1122 1830 praecepit
1155 1794 1214 1819 eos
1242 1784 1275 1817 in
1300 1782 1459 1817 manibus

73 1854 107 1885 et
139 1849 289 1895 pedibus
321 1849 394 1885 dire
426 1851 598 1896 torqueri.
647 1851 729 1885 Cum
774 1856 886 1887 autem
923 1856 998 1897 ejus
1036 1855 1210 1886 tormenta
1247 1849 1459 1890 deriderent,

70 1917 180 1961 Jussit
204 1926 265 1951 eos
292 1920 416 1951 catena
440 1917 546 1962 ligari
573 1920 606 1951 et
631 1918 665 1951 in
691 1927 786 1952 mare
811 1919 1057 1963 praecipitari,
1092 1917 1155 1951 sed
1183 1918 1299 1951 statim
1328 1915 1372 1950 ab
1397 1925 1458 1949 an-

73 1981 156 2027 gelo
183 1981 226 2015 de
249 1983 337 2015 mari
353 1982 547 2017 liberantur
571 1987 605 2017 et
621 1987 702 2017 ante
720 1983 916 2028 praesidem
936 1987 1146 2017 statuuntur.
1197 1981 1294 2022 Quod
1315 1991 1460 2026 praeses

75 2044 304 2080 considerans
331 2048 397 2079 ait:
423 2057 488 2090 per
511 2047 604 2081 Deos
631 2058 778 2093 magnos
805 2048 985 2082 maleficiis
1011 2049 1163 2089 vincitis,
1190 2049 1272 2092 quia
1289 2050 1461 2081 tormenta

76 2111 296 2145 contemnitis
323 2114 356 2144 et
380 2119 475 2144 mare
500 2112 646 2154 sopitis,
682 2112 804 2146 docete
843 2122 928 2157 ergo
954 2122 1006 2146 me
1033 2112 1121 2146 haec
1147 2116 1265 2145 vestra
1290 2110 1461 2145 maleficia

75 2181 110 2213 et
145 2178 177 2210 in
212 2176 349 2210 nomine
381 2174 445 2210 Dei
476 2174 622 2210 Adriani
657 2186 787 2221 sequar
820 2187 894 2212 vos.
942 2176 986 2211 Et
1019 2176 1087 2210 hoc
1118 2176 1211 2210 dicto
1246 2178 1363 2211 statim
1391 2175 1458 2210 duo

75 2243 263 2277 daemones
288 2240 476 2274 adsuerunt
501 2244 534 2275 et
560 2251 634 2275 enm
661 2243 871 2287 gravissime
898 2243 930 2275 in
959 2242 1080 2277 faciem
1108 2243 1321 2283 ceciderunt,
1349 2246 1381 2276 et
1402 2242 1459 2276 ille

75 2308 228 2342 clamans
254 2306 360 2340 dixit:
396 2306 566 2350 deprecor
592 2317 670 2348 vos,
696 2318 716 2341 0
742 2307 824 2341 boni
852 2309 937 2350 viri,
975 2312 1011 2342 ut
1038 2320 1100 2353 pro
1128 2319 1180 2343 mc
1214 2308 1257 2343 ad
1285 2308 1457 2342 dominum

75 2377 225 2408 vestrum
253 2373 373 2406 oretis.
423 2371 556 2411 Quibus
589 2372 770 2407 orantibus
800 2375 963 2408 continuo
989 2374 1178 2409 daemones
1206 2374 1456 2408 discesserunt.

74 2439 222 2474 Praeses
247 2441 359 2473 autem
386 2435 493 2470 dixit:
530 2437 678 2480 videtis,
716 2439 867 2484 qualiter
902 2440 1084 2474 adversum
1119 2450 1171 2474 me
1196 2439 1253 2474 Dii
1284 2438 1459 2484 indignati

73 2508 172 2546 sunt,
209 2505 291 2549 quia
327 2512 387 2537 eos
424 2502 622 2548 relinquere
659 2505 878 2549 cogitabam,
909 2506 982 2550 Jam
1018 2515 1105 2550 ergo
1140 2504 1234 2539 Deos
1270 2514 1366 2539 meos
1395 2514 1458 2539 vos

73 2580 140 2604 non
180 2571 296 2614 patiar
337 2567 594 2612 blasphemare.
647 2569 746 2604 Tunc
789 2580 850 2606 cos
897 2571 930 2604 in
969 2572 1085 2616 ignem
1121 2571 1298 2615 copiosum
1327 2568 1456 2615 jactari

142 2715 168 2745 1)
190 2713 261 2740 Atii:
282 2714 410 2740 Theoi]
424 2724 493 2741 01⁴⁴..
608 2715 633 2745 ¹2}
656 2714 704 2740 Ed.
728 2717 768 2740 i'r.
791 2713 875 2746 legit:
904 2713 1080 2740 Anninus
1107 2728 1137 2732 —-
1162 2711 1398 2748 Eupenipius,
