1742 3005
255 135 306 172 74
490 120 501 127 α
589 113 683 186 Cap.
716 136 797 173 th.
857 138 914 175 De
945 145 1076 176 sancto
1109 139 1303 177 Silvestre.

253 244 285 273 et
309 240 487 285 explicans
515 250 574 273 eas
601 241 668 273 ait:
694 250 773 275 ecce
801 240 940 283 videtis,
969 244 1051 287 quia
1065 247 1135 278 tres
1162 243 1274 288 plicae
1289 247 1468 278 suntunus
1485 254 1631 289 pannus,

252 309 386 340 ltatres
416 316 588 350 personae
615 309 694 339 sunt
720 316 807 340 unus
822 305 925 341 Deus.
954 306 1003 342 De
1027 306 1091 342 hoe
1117 312 1230 343 autem
1258 309 1350 354 quod
1376 309 1513 352 dicitur,
1541 310 1632 354 quod

251 382 291 405 ex
323 371 498 405 miraculis
525 371 617 406 Deus
643 370 738 405 credi
765 382 831 405 non
859 371 983 415 debet,
1033 384 1108 408 cum
1145 374 1205 408 alii
1245 374 1361 418 plures
1388 377 1499 409 sancti
1528 376 1631 409 mira-

249 438 325 471 cula
356 436 511 471 fecerunt
544 447 605 472 nec
640 440 755 471 tamen
789 448 826 473 se
851 438 944 473 Deos
970 438 1151 489 dixerunt,
1199 440 1287 473 sicut
1315 439 1493 482 Christus,
1526 440 1632 475 Deum

249 514 311 547 per
344 503 409 537 hoc
441 513 479 537 se
511 513 673 538 asserere
707 504 827 539 voluit.
899 505 1001 540 Certe
1035 505 1126 540 Deus
1160 504 1403 549 superbientes
1437 510 1559 539 contra
1595 516 1632 540 se

248 578 420 614 utinquam
448 578 575 614 passus
603 575 655 605 est
684 555 758 604 sine
794 581 908 616 poena
948 572 1117 606 acerrima
1154 572 1368 615 praeterire⁷
1417 572 1505 604 sicut
1536 574 1632 615 patet

248 636 281 669 in
306 634 444 669 Dathan
473 640 507 670 et
528 635 670 681 Abyron
695 637 843 682 aliisque
870 647 971 682 quam
1003 636 1172 681 pluribus.
1223 636 1402 677 Quomodo
1428 646 1513 682 ergo
1537 621 1631 670 men-

245 703 302 736 tiri
328 703 441 746 potuit
465 706 497 736 et
523 712 560 736 se
586 701 692 736 Deum
719 702 856 744 dicere,
905 703 997 749 quod
1023 714 1092 737 non
1118 706 1214 745 erat,
1256 712 1329 736 cum
1357 712 1433 736 eum
1459 712 1498 737 se
1522 701 1629 737 Deum

246 766 412 801 dicentem
438 766 534 800 nulla
558 777 673 812 poena
698 772 818 802 secuta
845 768 969 810 suerit,
1022 768 1084 802 sed
1112 769 1274 802 virtutum
1300 767 1458 802 efficacia
1484 769 1628 802 comita-

245 833 358 866 batur.
413 832 510 866 Tunc
528 832 666 878 Jutliees
693 832 873 867 dixerunt:
921 837 1058 868 constat
1081 832 1255 868 Abiatliar
1282 842 1303 866 a
1327 832 1498 867 Silvestro
1526 844 1629 878 supe—

243 902 367 941 ratum,
394 905 471 932 nam
496 903 530 933 et
554 900 643 933 ratio
670 897 735 932 hoc
760 898 873 941 (locet,
900 900 983 944 quia
1007 900 1037 932 si
1060 899 1154 934 Deus
1180 909 1247 933 non
1274 902 1368 933 esset
1393 903 1426 933 et
1458 909 1496 934 se
1521 899 1628 934 Deum

243 963 402 1007 dixisset,
429 964 590 999 conferre
615 967 719 999 vitam
744 966 889 999 mortuis
915 975 981 998 non
1006 965 1151 999 valeret.
1224 964 1320 998 Tunc
1345 964 1406 998 illo
1432 968 1547 999 amoto
1573 975 1628 1000 se-

241 1030 372 1064 cundus
398 1032 457 1076 qui
482 1034 515 1065 et
539 1030 647 1065 Jonas
674 1030 875 1073 dicebatur,
912 1031 955 1065 ad
984 1031 1177 1065 conflictum
1204 1029 1373 1064 accedens
1399 1031 1465 1064 ait:
1514 1030 1629 1065 Abra-

241 1095 319 1130 ham
354 1106 375 1131 a
408 1096 482 1131 Deo
513 1098 807 1131 circmncisionem
841 1098 1016 1142 accipiens
1035 1097 1248 1142 justificatus
1276 1095 1339 1130 suit
1365 1099 1399 1130 et
1425 1106 1543 1131 omncs
1569 1097 1628 1131 lilii

240 1161 406 1198 Abrahae
431 1172 494 1207 per
519 1163 811 1197 circumcisionem
833 1162 1139 1208 justificabantur-3
1189 1164 1297 1207 igitur
1333 1163 1391 1207 qui
1424 1172 1492 1196 non
1524 1162 1629 1197 suerit

239 1230 482 1270 circumcisus,
535 1238 601 1262 non
637 1230 702 1262 erit
732 1229 957 1273 justificatus.
1029 1229 1083 1263 Ad
1119 1238 1217 1273 quem
1254 1228 1445 1263 Silvester:
1491 1232 1627 1262 constat

238 1293 416 1328 Abraham
450 1298 530 1328 ante
563 1295 857 1328 circumcisionem
884 1295 957 1329 Deo
983 1294 1158 1340 placuisse
1185 1297 1218 1328 et
1244 1295 1387 1328 amicum
1415 1295 1476 1328 llei
1504 1293 1626 1338 appel-

238 1360 344 1393 latum
371 1369 471 1401 esse,
507 1360 615 1404 igitur
639 1370 707 1393 non
731 1361 947 1394 circumcisio
974 1350 1085 1405 ipsum
1114 1360 1360 1400 sanctificavit,
1390 1360 1451 1394 sed
1482 1359 1567 1393 lides
1593 1363 1626 1393 et

232 1426 371 1470 ‘justitia
396 1427 508 1470 ipsum
534 1425 606 1459 Deo
635 1425 775 1469 placere
802 1425 905 1467 fecit3
945 1437 1012 1459 non
1038 1427 1148 1472 igitur
1175 1427 1310 1469 accepit
1334 1427 1626 1460 cirumcisionem

238 1492 272 1524 in
294 1492 601 1525 sanctificationem
627 1491 689 1525 sed
714 1492 748 1525 in
775 1491 1041 1527 distinctionem.
1090 1491 1160 1526 Isto
1186 1495 1353 1536 snperato
1386 1492 1530 1530 tertius,
1569 1493 1624 1536 qui

238 1561 271 1591 et
290 1556 471 1598 Godonas,
499 1556 668 1591 accedens
689 1558 757 1590 ait:
783 1557 955 1602 quomodo
969 1557 1127 1591 Christus
1147 1561 1264 1591 vester
1288 1560 1403 1601 potest
1429 1567 1507 1591 esse
1519 1556 1624 1593 Deus,

236 1633 309 1656 cum
336 1624 507 1656 asseratis
530 1632 605 1656 eum
632 1632 710 1656 esse
737 1626 876 1663 natum,
904 1625 1093 1663 tentatum,
1120 1622 1305 1658 traditum.
1332 1621 1514 1663 nudatum,
1545 1622 1624 1657 l'elle

236 1691 411 1732 potatum,
436 1687 594 1732 ligatum,
621 1688 805 1732 sepultum,
833 1698 907 1721 cum
932 1687 1018 1722 haec
1046 1690 1160 1721 onmia
1184 1689 1219 1721 in
1243 1688 1314 1722 lieo
1343 1698 1421 1722 esse
1447 1698 1514 1721 non
1541 1698 1622 1732 pos-

235 1755 330 1788 sint?
378 1752 431 1787 Ad
459 1752 522 1787 hoc
549 1753 738 1788 Silvester:
763 1752 806 1788 de
835 1755 961 1788 vestris
990 1753 1089 1787 libris
1115 1753 1202 1788 haec
1227 1755 1341 1787 omnia
1366 1752 1552 1797 probamus
1580 1752 1622 1788 de

235 1819 374 1853 Christo
405 1818 512 1853 luisse
539 1818 731 1863 praedicta.
781 1819 866 1853 Nam
895 1819 937 1853 de
962 1821 1037 1864 ejus
1066 1821 1250 1854 nativitate
1273 1818 1518 1852 dixitYsaias:
1543 1828 1621 1853 ecce

235 1887 334 1929 virgo
361 1886 534 1929 concipiet
563 1888 626 1919 etc.
676 1886 724 1920 De
759 1886 835 1930 ejus
860 1887 1053 1920 tentatione
1079 1884 1290 1919 Zacharias:
1328 1884 1396 1918 vidi
1421 1884 1537 1918 Jesum
1563 1894 1619 1918 sa-

233 1950 407 1985 cerdotem
434 1960 593 1996 magnum
620 1955 768 1985 stantem
795 1950 1063 1997 coramAngelo
1093 1955 1126 1985 et
1152 1949 1285 1985 Satlian
1311 1949 1428 1983 stabat
1455 1959 1474 1982 a
1488 1949 1620 1983 dextris

232 2017 308 2061 ejits
333 2021 397 2051 etc.
467 2016 517 2051 lle
543 2018 619 2062 ejus
653 2017 841 2051 traditione
875 2017 1077 2062 psalmista:
1127 2018 1184 2060 qui
1221 2015 1348 2050 edebat
1383 2025 1492 2059 panes
1525 2024 1619 2048 meos

232 2082 467 2127 magnificavit
501 2092 606 2127 super
640 2093 691 2117 me
725 2083 1044 2127 supplantationem
1079 2086 1143 2116 ete.
1217 2081 1266 2116 Do
1311 2082 1387 2126 ejus
1433 2079 1619 2114 nudatione

231 2148 338 2181 idem:
366 2148 561 2182 diviserunt
587 2148 654 2182 sibi
683 2150 890 2183 vestimenta
914 2158 991 2183 mea
1017 2152 1081 2182 etc.
1130 2147 1181 2181 De
1206 2147 1282 2192 ejus
1310 2146 1415 2181 l'ellea
1440 2146 1618 2190 potatione

231 2213 340 2247 idem:
378 2213 547 2247 dederunt
572 2215 604 2248 in
633 2224 748 2248 escam
773 2200 882 2249 meam
910 2213 956 2247 sel
982 2217 1015 2247 et
1041 2214 1075 2245 in
1100 2213 1157 2246 siti
1186 2221 1262 2246 mea
1287 2215 1352 2245 etc.
1402 2211 1451 2245 De
1476 2211 1551 2255 ejus
1577 2210 1616 2244 li->

230 2279 374 2323 gatione
390 2276 543 2312 Esdras:
569 2280 730 2319 vinxistis
758 2289 810 2313 me
836 2289 904 2312 non
931 2279 1019 2312 sicut
1044 2281 1190 2322 patrem,
1219 2277 1276 2321 qui
1302 2276 1465 2311 liberavit
1495 2285 1556 2309 vos
1575 2274 1617 2309 de

231 2349 325 2378 terra
348 2344 521 2389 Aegypti,
546 2344 737 2378 clamantes
763 2347 843 2378 ante
868 2342 1020 2377 trilnmal
1041 2342 1193 2387 judicis,
1223 2342 1432 2376 humiliastis
1461 2351 1513 2375 me
1540 2350 1615 2374 sus-

231 2409 422 2454 pendentes
450 2411 482 2442 in
509 2409 618 2455 ligno,
645 2408 840 2444 tradidistis
866 2419 929 2443 me.
979 2408 1028 2443 De
1055 2418 1131 2453 ejus
1157 2408 1337 2453 sepultura
1361 2407 1550 2442 ,lei-emtas:
1583 2407 1617 2439 in

229 2475 411 2520 sepultura
436 2477 512 2520 ejits
539 2477 748 2510 reviviscent
773 2476 908 2510 mortui.
949 2475 1032 2509 (lum
1057 2485 1143 2520 ergo
1170 2473 1338 2509 Godolias
1366 2471 1446 2517 quid
1472 2481 1616 2515 respon-

230 2541 348 2577 deret,
406 2551 471 2575 non
500 2542 665 2583 liaberet,
716 2541 799 2575 data
831 2542 1006 2576 sententia
1032 2543 1184 2575 remotus
1209 2543 1273 2573 est.
1322 2538 1474 2579 Quartus
1500 2536 1557 2580 qui
1583 2540 1617 2569 et

230 2607 369 2646 Antias,
413 2607 584 2642 accedens
611 2608 678 2641 ait:
713 2618 775 2647 ea,
813 2616 902 2652 quae
930 2605 971 2641 de
1000 2606 1079 2639 aliis
1107 2605 1200 2639 dicta
1225 2607 1324 2645 sunt,
1356 2602 1526 2637 Silvester
1551 2601 1616 2634 istc

229 2670 270 2704 de
296 2681 359 2705 suo
385 2671 523 2705 (Ilii-isto
552 2672 731 2717 praedicta
759 2673 867 2706 l'uisse
893 2672 1025 2713 lirmat,
1078 2681 1177 2705 unum
1206 2671 1385 2712 superest.
1437 2670 1471 2699 ut
1496 2665 1619 2710 probet

229 2737 314 2771 llaec
343 2737 384 2771 dc
411 2746 473 2771 suo
502 2736 640 2771 (ltu-istu
666 2737 845 2780 praedicta
879 2738 996 2771 fuisse.
1070 2736 1122 2770 Ad
1157 2744 1254 2778 quem
1281 2732 1470 2766 silvester:
1520 2730 1620 2764 «latiis
