1742 3005
132 79 228 129 Cap.
261 79 431 117 CXXXI.
497 81 556 117 De
587 79 781 117 nativitate
813 82 946 118 beatae
976 79 1121 118 Mariae
1151 80 1317 130 virginis.
1375 77 1456 118 589

66 183 156 216 omni
185 186 373 220 sanctitate
399 185 585 230 proficiens
619 190 653 221 et
685 185 729 220 ab
763 186 901 232 angelis
928 186 1084 232 quotidie
1109 183 1320 220 visitabatur
1342 188 1377 220 et
1403 186 1454 219 vi-

65 249 164 283 sione
191 249 311 284 divina
337 251 494 296 quotidie
520 251 713 286 fruebatur.
763 251 821 286 Ait
838 252 1063 297 Hieronymus
1085 253 1118 285 in
1139 250 1287 297 quadam
1305 250 1456 295 epistola

65 313 111 348 ad
145 314 382 350 Chromatium
417 320 451 351 et
486 316 731 359 Heliodorum,
771 317 863 362 quod
903 317 1008 351 beata
1043 317 1142 362 virgo
1175 316 1264 350 hanc
1297 316 1454 362 regulam

65 378 134 413 sibi
167 384 361 422 statuerat,
396 386 433 415 ut
469 392 490 416 a
515 391 614 417 mane
646 392 756 427 usque
783 381 826 415 ad
852 384 988 416 tertiam
1018 381 1236 416 orationibus
1262 383 1454 421 insisteret,

65 454 86 478 a
112 447 217 480 tertia
242 457 350 492 usque
375 447 418 481 ad
444 457 568 481 nonam
596 449 747 481 textrino
782 448 879 490 operi
914 450 1075 487 vacaret,
1111 455 1131 479 a
1165 456 1258 479 nona
1295 446 1337 479 ab
1373 457 1455 481 ora-

63 512 218 546 tionibus
251 523 319 546 non
354 512 561 553 recedebat,
609 522 791 556 quousque
835 511 984 555 angelus
1025 520 1201 554 apparens
1234 510 1302 543 sibi
1338 521 1454 544 escam

65 575 178 613 daret.
232 577 362 616 Quarto
396 581 509 611 autem
546 576 679 610 decimo
715 578 840 610 aetatis
879 586 963 610 suae
999 586 1088 609 anno
1123 576 1281 620 pontifex
1315 576 1453 621 publice

63 641 298 683 denuntiavit,
330 646 368 675 ut
392 643 570 687 virgines,
607 651 696 687 quae
731 643 764 675 in
798 642 926 686 templo
964 641 1227 675 instruebantur
1261 647 1294 675 et
1325 643 1452 675 aetatis

62 710 197 751 tempus
223 706 449 751 implessent,
484 706 619 740 domum
647 711 922 742 reverterentur.
962 711 999 741 ut
1034 708 1118 740 viris
1144 706 1299 751 legitime
1321 707 1452 753 junge-

64 775 192 806 rentur.
242 772 350 818 CuJus
376 772 538 806 mandato
566 782 639 806 cum
667 777 830 807 caeterae
855 774 1075 817 paruissent,
1107 772 1183 805 sola
1208 771 1314 806 beata
1339 771 1454 806 Maria

61 838 162 883 virgo
198 837 265 872 hoc
298 848 336 873 se
374 838 493 873 facere
525 849 590 872 non
619 848 725 882 posse
755 838 946 882 respondit.
980 842 1049 871 tum
1087 839 1169 882 quia
1202 840 1366 881 parentes
1399 838 1452 870 sui

62 912 136 936 eam
164 902 294 937 domini
323 904 467 938 servitio
494 905 769 947 mancipassent,
801 908 869 937 tum
897 904 979 948 quia
1005 904 1239 948 virginitatem
1266 911 1361 935 suam
1389 902 1452 935 do-

62 969 152 1002 mino
170 970 249 1013 ipsa
268 970 434 1004 vovisset.
462 969 561 1003 Tunc
581 970 743 1003 anxiatus
765 973 817 1002 est
834 969 994 1013 pontifex
1014 979 1068 1010 eo,
1089 968 1182 1013 quod
1201 978 1314 1012 neque
1331 972 1453 1001 contra

61 1035 290 1078 scripturam,
318 1044 407 1080 quae
434 1034 535 1068 dicit:
566 1038 691 1068 vovete
718 1038 752 1068 et
775 1033 925 1075 reddite,
958 1038 1072 1068 votum
1102 1033 1359 1078 infringendum
1385 1044 1450 1078 pu-

59 1102 151 1134 taret
174 1109 237 1134 nec
255 1109 383 1134 morem
405 1101 501 1145 genti
523 1101 694 1134 insuetum
714 1099 940 1134 introducere
956 1099 1113 1133 auderet.
1148 1098 1202 1133 Ad
1220 1100 1451 1133 imminentem

60 1163 285 1199 festivitatem
309 1164 521 1200 Judaeorum
549 1166 748 1199 senioribus
774 1166 977 1199 convocatis
1007 1166 1155 1198 omnium
1182 1164 1269 1198 haec
1294 1173 1362 1197 una
1386 1163 1452 1197 fuit

59 1232 256 1273 sententia,
291 1235 328 1265 ut
360 1231 395 1264 in
428 1241 466 1265 re
490 1234 559 1264 tam
585 1230 692 1264 dubia
717 1231 899 1264 consilium
928 1230 1055 1264 domini
1082 1232 1319 1275 quaereretur.
1367 1228 1449 1262 Cum

59 1299 172 1331 autem
204 1297 358 1330 orationi
391 1297 596 1331 insisterent
628 1300 661 1330 et
694 1296 852 1340 pontifex
897 1295 940 1329 ad
984 1295 1234 1329 consulendum
1276 1294 1449 1328 dominum

57 1362 293 1404 accessisset,
330 1371 408 1394 mox
436 1361 478 1394 de
502 1361 580 1394 loco
616 1362 764 1394 oratorii
794 1363 924 1395 cunctis
953 1360 1176 1395 audientibus
1205 1371 1271 1393 vox
1297 1361 1450 1393 insonuit

58 1425 196 1468 dicens,
225 1431 280 1467 ut,
307 1427 502 1471 quicunque
529 1424 572 1459 de
600 1425 701 1459 domo
730 1425 841 1460 David
868 1427 998 1470 nuptiis
1018 1426 1157 1460 habiles
1177 1436 1246 1459 non
1268 1426 1448 1470 conjugati

57 1495 197 1533 essent,
231 1491 363 1537 singuli
397 1492 517 1536 virgas
549 1491 709 1536 singulas
737 1491 780 1524 ad
810 1492 922 1525 altare
948 1491 1126 1525 deferrent
1150 1495 1183 1525 et
1210 1491 1448 1534 cujuscunque

56 1558 193 1602 virgula
226 1556 458 1602 germinasset
492 1560 525 1590 et
559 1557 590 1589 in
626 1558 804 1590 cacumine
843 1558 918 1600 ejus
948 1555 1135 1590 secundum
1164 1555 1292 1589 Ysaiae
1322 1555 1446 1588 vatici-

55 1625 146 1657 nium
173 1624 318 1667 spiritus
352 1625 492 1656 sanctus
521 1622 552 1654 in
578 1621 760 1656 columbae
791 1623 910 1666 specie
937 1621 1179 1663 consedisset,
1216 1622 1291 1665 ipse
1326 1619 1447 1664 procul

55 1687 161 1722 dubio
188 1691 300 1727 esset,
327 1688 382 1720 cui
410 1688 509 1731 virgo
536 1686 745 1731 desponsari
772 1686 926 1721 deberet.
975 1685 1060 1720 Erat
1085 1688 1174 1721 inter
1198 1690 1359 1720 caeteros
1382 1684 1444 1719 Jo-

54 1752 143 1797 seph
175 1752 218 1787 de
244 1752 344 1786 domo
371 1751 507 1794 David,
546 1754 600 1786 cui
629 1762 703 1786 cum
730 1754 957 1797 incongruum
986 1751 1183 1792 videretur,
1225 1752 1255 1785 si
1291 1753 1343 1784 vir
1376 1755 1446 1784 tani

53 1821 242 1863 provectae
260 1818 388 1852 aetatis
414 1821 484 1851 tam
508 1821 665 1852 teneram
692 1818 861 1863 virginem
890 1817 1032 1852 duceret
1058 1819 1091 1851 in
1109 1827 1263 1858 uxorem,
1291 1818 1444 1851 caeteris

52 1884 171 1929 virgas
206 1893 289 1918 suas
314 1882 543 1917 afferentibus
577 1883 673 1917 solus
707 1884 784 1927 ipse
819 1885 958 1929 virgam
985 1893 1081 1917 suam
1109 1883 1295 1917 subtraxit.
1347 1881 1444 1916 Unde

53 1958 128 1982 cum
152 1948 202 1981 nil
227 1948 368 1983 divinae
393 1949 470 1982 voci
494 1957 682 1982 consonum
708 1953 911 1992 appareret,
941 1948 1099 1993 pontifex
1122 1950 1249 1982 iterato
1271 1947 1444 1981 dominum

54 2011 303 2047 consulendum
334 2015 490 2056 putavit,
529 2014 586 2057 qui
613 2013 819 2057 respondit,
857 2013 949 2057 quod
977 2014 1073 2047 solus
1101 2013 1159 2047 ille
1186 2014 1319 2057 virgam
1346 2022 1442 2046 suani

52 2089 120 2112 non
147 2077 285 2119 attulit,
321 2078 376 2110 cui
402 2078 503 2122 virgo
529 2077 739 2120 desponsari
769 2076 928 2112 deberet.
975 2076 1140 2110 Proditus
1166 2079 1284 2121 itaque
1307 2076 1442 2120 Joseph

51 2153 126 2178 cum
152 2144 285 2188 virgam
313 2152 409 2176 suam
438 2142 637 2183 attulisset,
673 2145 708 2176 et
743 2143 822 2186 ipsa
847 2141 940 2175 illico
967 2141 1086 2174 florem
1112 2142 1326 2186 geminasset
1349 2144 1382 2174 et
1409 2142 1442 2174 in

53 2209 130 2253 ejus
169 2208 347 2242 cacumine
388 2206 550 2241 columba
587 2206 631 2241 de
667 2207 765 2241 coelo
798 2207 988 2240 adveniens
1024 2205 1265 2247 consedisset,
1305 2206 1440 2251 liquido

51 2273 209 2307 omnibus
235 2274 358 2317 patuit,
386 2273 453 2317 ipsi
478 2273 649 2318 virginem
675 2271 923 2316 desponsatam
950 2271 1037 2306 fore.
1086 2271 1308 2315 Desponsata
1331 2272 1439 2316 igitur

51 2338 187 2383 virgine
200 2336 336 2381 Joseph
354 2338 430 2381 ipse
449 2337 586 2382 quidem
605 2339 639 2371 in
663 2347 760 2371 suam
783 2339 959 2371 civitatem
986 2335 1189 2371 Bethlehem
1217 2336 1351 2370 recedit
1375 2336 1438 2369 do-

50 2413 138 2436 mum
178 2411 276 2436 suam
318 2401 556 2445 dispositurus
593 2406 627 2436 et
658 2403 790 2446 nuptiis
825 2403 1029 2438 necessaria
1064 2403 1290 2445 provisurus,
1336 2401 1438 2446 virgo

51 2471 163 2502 autem
189 2467 305 2501 Maria
331 2476 406 2499 cum
430 2465 494 2499 Vll
518 2467 713 2512 virginibus
741 2468 880 2501 coaevis
907 2471 940 2501 et
963 2467 1191 2501 collactaneis
1219 2467 1314 2507 suis,
1349 2476 1437 2510 quas

51 2531 95 2565 ob
121 2532 355 2566 ostensionem
382 2530 541 2564 miraculi
566 2540 587 2564 a
610 2530 796 2565 sacerdote
819 2535 1017 2576 acceperat,
1043 2531 1086 2564 ad
1104 2530 1237 2565 domum
1255 2534 1436 2574 parentum

49 2598 84 2631 in
110 2596 286 2632 Nazareth
311 2605 455 2630 reversa
480 2600 551 2636 est,
587 2595 622 2629 in
657 2594 780 2630 diebus
815 2600 927 2630 autem
959 2595 1030 2630 illis
1058 2596 1205 2641 angelus
1234 2594 1375 2630 Gabriel
1403 2598 1434 2630 ei

47 2663 162 2696 oranti
187 2663 351 2708 apparuit
377 2665 410 2696 et
437 2661 478 2696 de
507 2670 548 2695 ea
573 2661 781 2694 nasciturum
809 2659 870 2695 Dei
898 2660 1001 2694 filium
1034 2662 1204 2695 nuntiavit
1262 2660 1345 2695 Dies
1371 2670 1432 2694 au-
