1742 3005
347 125 441 173 tjap.
475 123 517 158 Υ.
577 123 633 158 De
666 129 795 158 sancto
827 121 976 159 Thema
1009 124 1195 173 apostolo.
1414 128 1465 165 35

75 227 222 261 etionem
255 231 336 261 tuae
377 226 522 261 dextrae
555 232 589 261 et
625 228 658 260 in
695 238 813 261 eorum
851 226 1019 262 mentibus
1052 229 1183 262 semina
1217 239 1332 264 semen
1357 233 1461 265 vitae

76 292 231 327 Abeunte
257 296 370 326 autem
395 293 558 337 apostolo
585 294 619 326 in
645 303 745 327 manu
767 295 907 338 Juvenis
934 297 987 327 cst
1011 298 1171 337 repertus
1198 294 1319 339 plenus
1343 296 1462 342 dac-15-

73 358 114 391 lis
142 358 277 403 palmae
303 367 432 394 ramus,
460 358 719 393 comedentibus
747 369 829 393 vero
857 368 987 403 sponso
1013 363 1047 392 et
1068 369 1200 403 sponsa
1225 360 1267 395 de
1294 361 1462 396 fructibus

73 425 148 468 ejils
175 422 277 457 ambo
305 422 524 457 obdormiunt
551 428 584 458 et
608 425 776 458 somnium
800 424 912 458 simile
938 424 1038 457 ambo
1063 431 1217 459 cernunt.
1268 426 1460 462 Videbatur

17 494 20 495 ’
73 491 197 523 etenim
223 491 265 523 iis
281 517 289 531 ‚
327 489 418 534 quod
445 500 504 523 rex
529 493 722 534 gemmatus
748 498 808 522 eos
833 488 1102 532 amplecteretur
1129 495 1161 524 et
1187 491 1336 526 diceret:
1373 503 1460 538 apo-

73 555 182 589 stolus
207 554 385 589 benedixit
411 565 494 595 vos,
530 558 565 587 ut
592 558 757 588 aeternae
783 555 875 588 vitae
899 555 1088 599 participes
1113 557 1201 590 sitis.
1250 555 1460 603 Erigilanti-

72 620 136 654 bus
161 624 274 654 autem
300 623 334 654 et
352 623 476 653 'mutuo
511 619 579 653 sibi
610 621 744 653 somnia
777 619 1014 654 revelantibus
1039 622 1222 666 apostolus
1249 623 1292 656 ad
1320 634 1381 658 ees
1410 626 1460 658 in-

72 684 231 731 greditur
260 684 377 719 dicens
409 686 472 718 iis:
522 695 583 719 rex
618 695 712 719 meus
748 684 846 718 vobis
874 684 975 718 modo
1002 689 1166 731 apparuit
1192 691 1226 722 et
1250 699 1303 722 me
1331 689 1459 723 clausis

66 752 187 795 januis
214 750 280 784 huc
304 750 461 793 adduxit,
488 755 523 784 ut
550 761 656 795 super
683 760 744 785 vos
769 750 1012 786 benedictione
1037 762 1114 787 mea
1136 754 1166 797 ¹)
1194 752 1355 788 habeatis
1382 765 1458 789 car-

70 817 124 850 nis
151 817 408 862 integritatem,
442 827 531 862 quae
559 821 612 851 est
636 818 783 851 omnium
810 818 933 862 regina
956 818 1122 852 virtutum
1147 824 1181 853 et
1207 819 1337 854 fructus
1364 822 1459 856 salu-

70 883 115 915 tis
143 885 345 926 perpetuae.
394 882 588 929 Virginitas
605 884 641 927 2)
665 892 767 916 soror
791 886 845 916 est
871 881 1087 927 angelorum,
1114 888 1294 928 possessio
1311 889 1458 921 omnium

69 948 250 989 bonorum,
279 949 426 982 victoria
451 948 643 990 libidinum,
670 947 749 982 fidei
777 947 995 992 trophaeum,
1023 952 1238 995 expugnatio
1255 951 1457 986 daemonum

70 1017 104 1047 et
137 1018 356 1048 aeternorum
390 1015 560 1049 securitas
597 1014 813 1060 gaudiorum
887 1013 937 1048 De
968 1013 1111 1049 libidine
1143 1020 1255 1050 autem
1281 1021 1457 1063 corruptio

69 1080 240 1125 gignitur,
267 1078 308 1114 de
333 1081 556 1124 corruptione
582 1080 728 1124 pollutio
754 1081 927 1121 nascitur,
952 1079 995 1115 de
1021 1080 1211 1124 pollutione
1238 1087 1350 1117 autem
1378 1094 1452 1118 rea-

68 1149 123 1178 tus
153 1146 281 1181 oritur,
332 1144 374 1180 de
412 1149 510 1180 reatu
536 1145 695 1179 confusio
720 1150 922 1190 generatur.
989 1146 1080 1180 Haec
1107 1147 1166 1181 illo
1192 1148 1364 1183 referente
1390 1149 1456 1183 duo

69 1211 188 1256 angeli
213 1215 451 1256 apparuerunt
476 1210 632 1245 dicentes
659 1212 719 1244 iis:
767 1221 830 1245 nos
859 1221 976 1246 sumus
1003 1212 1122 1257 angeli
1143 1212 1243 1246 vobis
1269 1213 1312 1246 ad
1339 1218 1455 1248 custo-

67 1275 159 1310 diam
183 1275 361 1321 deputati‚
387 1278 467 1321 qui,
504 1278 533 1310 si
558 1276 710 1321 apostoli
739 1276 827 1311 bene
852 1279 1077 1312 servaveritis
1103 1279 1252 1319 monita,
1281 1280 1455 1314 offerimus

67 1341 140 1375 Deo
163 1343 279 1376 omnia
301 1347 382 1377 vota
405 1347 535 1377 vestra.
606 1341 680 1376 Eos
706 1342 814 1387 igitur
837 1341 1019 1385 apostolus
1044 1341 1235 1386 baptisavit
1262 1348 1295 1377 et
1321 1343 1363 1378 de
1390 1344 1456 1378 lide

68 1405 256 1452 diligenter
283 1407 433 1442 edocuit.
496 1407 581 1442 Post
604 1407 744 1440 multum
773 1417 854 1440 vero
881 1409 1047 1451 temporis
1073 1418 1203 1452 sponsa
1229 1411 1365 1444 nomine
1390 1409 1454 1444 Pe-

68 1472 165 1518 lagia
189 1482 291 1506 sacro
324 1473 495 1507 velamine
527 1477 732 1507 consecrata
766 1473 956 1506 martirium
993 1474 1123 1517 patitur
1150 1478 1184 1508 et
1218 1485 1368 1518 sponsus
1393 1485 1450 1509 no

67 1539 157 1572 mine
190 1537 376 1581 Dyonisius
409 1537 460 1571 illi
496 1539 627 1572 civitati
657 1540 690 1571 in
716 1539 917 1582 episcopum
943 1537 1135 1574 ordinatur.
1162 1559 1206 1564 -—
1231 1559 1276 1565 —-
1301 1543 1343 1576 3.
1372 1539 1453 1574 Post

66 1602 153 1637 haec
177 1607 292 1637 autem
315 1603 496 1648 apostolus
524 1607 559 1638 et
581 1602 747 1637 Abbanes
774 1602 818 1636 ad
838 1613 955 1648 regem
969 1602 1088 1637 Indiae
1103 1609 1346 1648 pervenerunt.
1384 1605 1450 1639 De-

66 1669 206 1714 signato
242 1679 324 1703 vero
356 1668 400 1703 ab
433 1669 595 1714 apostolo
633 1668 783 1702 mirabili
812 1668 943 1713 palatio
970 1673 1003 1703 et
1028 1671 1173 1714 copioso
1199 1669 1366 1705 thesauro
1396 1680 1450 1705 ac>

64 1737 165 1778 cepto
199 1744 259 1768 rex
287 1735 320 1768 in
348 1735 451 1769 aliam
484 1736 696 1779 provinciam
734 1735 966 1779 proficiscitur
990 1739 1024 1769 et
1049 1735 1231 1780 apostolus
1256 1738 1452 1771 universum

65 1799 264 1834 thesaurum
290 1801 420 1845 populo
447 1800 629 1847 elargitur.
703 1800 768 1835 Per
793 1805 900 1834 totum
925 1804 1038 1835 autem
1063 1800 1258 1843 biennium,
1297 1813 1364 1847 quo
1390 1804 1433 1837 ab

66 1865 130 1898 suit
154 1875 237 1907 rex,
280 1866 463 1911 apostolus
486 1865 739 1911 praedicationi
769 1868 895 1900 institit
918 1870 951 1900 et
977 1866 1261 1902 innumerabilem
1287 1868 1450 1912 populum

65 1930 109 1964 ad
134 1931 234 1966 fidem
257 1933 439 1966 convertit.
510 1931 659 1966 Rediens
696 1937 808 1966 autem
845 1942 905 1967 rex
940 1936 974 1966 et
1008 1941 1097 1977 quae
1124 1931 1277 1966 Thomas
1305 1933 1447 1974 fecerat,

63 1995 221 2040 discens,
250 1999 361 2042 ipsum
386 2007 461 2031 eum
487 1996 633 2032 Abbane
657 1998 691 2031 iu
715 1999 782 2032 ima
808 1998 955 2032 retrudit
981 2001 1154 2040 carceris,
1208 2003 1244 2033 ut
1267 1999 1451 2044 postmodo

63 2064 163 2096 vivos
188 2064 385 2097 excoriatos
410 2062 592 2096 ultricibus
617 2063 717 2098 daret
741 2064 896 2098 flammis.
955 2064 1092 2099 Interea
1117 2063 1191 2099 Gad
1219 2063 1329 2098 frater
1354 2067 1450 2110 regis

63 2129 208 2162 moritur
234 2132 269 2163 et
292 2130 324 2163 ei
351 2128 569 2173 sepulchrum
595 2138 669 2163 cum
695 2128 882 2164 ambitione
907 2131 1011 2164 nimia
1036 2134 1282 2175 praeparatur.
1319 2130 1450 2170 Quarta

63 2197 177 2227 autem
203 2193 259 2228 die
284 2203 386 2239 quam
411 2200 567 2229 mortuus
594 2195 728 2237 fuerat‚
778 2198 970 2230 resurrexit
995 2200 1029 2230 et
1057 2196 1265 2240 stupefactis
1291 2195 1448 2229 omnibus

62 2259 264 2303 cunctisque
291 2259 504 2305 fugientibus
530 2260 617 2295 dixit
642 2261 741 2295 fratri
768 2271 850 2295 suo:
884 2260 939 2295 hic
964 2261 1085 2303 homo,
1114 2261 1235 2302 frater⁷
1263 2271 1363 2305 quem
1388 2270 1447 2294 ex<-

62 2323 198 2357 coriare
230 2328 265 2358 et
296 2325 482 2361 incendere
517 2326 751 2371 disponebas,
803 2329 935 2361 amicus
958 2326 1023 2362 Dei
1047 2330 1101 2361 est
1129 2330 1162 2360 et
1188 2335 1305 2359 omnes
1331 2324 1447 2369 angeli

63 2387 273 2421 famulantur
296 2390 341 2424 ei.
389 2389 453 2429 Qui
478 2401 531 2425 me
558 2393 593 2425 in
619 2392 820 2436 paradisum
845 2392 1010 2426 ducentes
1036 2391 1208 2435 quoddam
1234 2388 1446 2423 mihiosten-

61 2451 185 2486 derunt
208 2452 375 2497 palatium
402 2463 445 2488 ex
468 2464 554 2489 auro
579 2460 615 2490 et
638 2461 785 2502 argento
822 2461 857 2492 et
883 2455 1060 2501 lapidibus
1085 2456 1251 2499 pretiosis
1276 2453 1445 2488 mirabili·

59 2521 114 2551 ter
137 2516 356 2560 fabricatum,
384 2522 418 2553 et
443 2528 517 2553 eum
534 2520 610 2564 ejus
630 2520 921 2565 pulchritudinem
937 2519 1142 2561 admirarer,
1169 2519 1330 2554 dixerunt
1346 2517 1445 2552 mihi·

61 2581 124 2616 hoc
150 2587 202 2617 est
228 2583 416 2627 palatium,
445 2584 536 2629 quod
562 2584 715 2619 Thomas
743 2586 841 2620 fratri
871 2590 928 2619 tuo
955 2589 1196 2620 exstruxerat.
1223 2595 1367 2630 (umque
1394 2584 1425 2618 di

126 2682 153 2714 1)
172 2681 363 2707 nocentiore„
384 2681 497 2707 addunt
525 2682 534 2707 l
547 2691 557 2707 1·
568 2692 582 2707 ιι
594 2691 609 2707 c
620 2687 627 2708 t
639 2682 647 2707 i
658 2683 681 2708 l'a'
692 2692 706 2707 o
715 2693 729 2708 a
741 2694 776 2709 ιιι.
899 2684 926 2715 2)
954 2682 1160 2715 Antiquiores:
1190 2681 1443 2714 virginitatis

60 2723 156 2755 legunt
180 2730 204 2750 el
229 2725 355 2751 rusorum
379 2736 430 2760 per
451 2727 669 2760 oppositionum
694 2727 726 2752 'ul
752 2736 851 2754 vvir-<m
874 2737 909 2753 sa
924 2727 1014 2752 lutis

1118 2782 1169 2815 3&
