1742 3005
234 139 314 176 228
550 139 647 189 Cap.
678 137 775 174 Llll.
834 138 891 174 De
925 138 1103 188 passione
1134 137 1291 175 domini.

235 249 301 277 tem
329 241 556 282 commendat,
583 239 818 275 obedientiam
845 241 976 287 implet,
1004 243 1182 276 caritatem
1207 241 1352 287 perficit.
1395 239 1431 274 ln
1452 240 1505 273 his
1525 249 1619 274 uem-

234 321 277 354 pe.
302 311 463 342 virtutum
496 308 640 352 gemmis
669 311 819 352 quatuor
850 307 964 340 erucis
1000 316 1132 340 cornua
1158 312 1325 341 ornantur
1360 311 1394 340 et
1427 305 1620 350 superemi-

235 376 371 407 nentior
396 374 545 415 caritas,
585 382 604 406 a
640 372 774 406 dextris
813 371 1036 408 obedientia,
1072 382 1093 405 a
1119 373 1270 405 sinistris
1302 373 1487 416 patientia,
1524 370 1623 404 radix

235 440 383 474 omnium
406 440 570 472 virtutum
594 437 771 471 humilitas
798 440 832 471 in
857 437 1042 482 profundo.
1077 436 1170 471 Haec
1196 439 1321 476 omnia,
1349 446 1437 481 quae
1466 435 1624 469 Christus

235 515 361 550 passus
388 508 452 546 est,
476 503 678 538 Bernardus
702 503 857 538 breviter
885 503 1063 549 recolligit
1088 502 1228 536 diceus:
1254 513 1384 536 memor
1404 512 1476 542 ero,
1504 510 1623 546 quam-

236 571 295 605 diu
319 572 460 612 vixero,
487 570 664 610 laborum,
695 580 781 614 quos
808 569 951 613 pertulit
978 571 1011 602 in
1035 567 1293 613 praedicando,
1321 567 1563 613 fatigationum
1591 567 1624 599 in

234 635 476 677 discurrendo,
503 635 699 680 vigiliarum
719 636 751 668 in
770 634 914 676 orando,
938 636 1165 668 tentationum
1186 634 1218 666 in
1231 632 1438 678 jejunando,
1457 633 1625 677 laeryma-

236 713 308 737 rum
331 704 364 736 in
391 700 655 746 compatiendo.
682 699 885 733 insidiarum
911 701 945 733 in
972 698 1216 744 colloquendo,
1243 703 1420 743 postremo
1448 698 1623 732 convicio-

236 779 319 809 rum,
348 771 538 811 sputorum,
565 764 802 808 colaphorum,
828 764 1148 799 subsannationum.
1171 764 1359 805 clavorum,
1379 763 1624 808 exprobratio-

235 843 324 866 num.
361 831 485 865 Tertio
497 830 619 874 passio
636 830 712 874 ejus
732 829 797 862 fuit
822 830 975 863 utilitate
1001 827 1186 872 multiplici
1213 828 1404 869 fructuosa,
1432 830 1531 872 cujus
1557 830 1625 861 uti-

235 898 315 932 litas
338 900 456 942 potest
482 905 561 930 esse
587 894 726 939 triplex,
751 893 885 929 scilicet
909 899 1129 939 peceatorum
1154 896 1328 931 remissio,
1354 895 1491 939 gratiae
1517 893 1625 927 eolla-

233 964 284 997 tio
312 967 346 996 et
375 962 512 1007 gloriae
538 959 724 1001 exhibitio,
753 964 787 994 et
813 959 899 994 haee
924 961 994 994 tria
1018 965 1182 995 notantur
1208 962 1243 995 in
1266 960 1367 994 titulo
1395 961 1521 1001 erucis,
1547 960 1630 1004 quia

233 1028 337 1064 ,tosus
363 1038 430 1072 quo
456 1026 500 1060 ad
524 1027 682 1070 primum,
708 1024 910 1059 Nazarenus
937 1037 1003 1071 quo
1031 1026 1076 1060 ad
1095 1025 1296 1069 secundum,
1326 1037 1387 1060 rex
1405 1025 1627 1065 Judaeorum,

235 1104 303 1139 quo
329 1093 373 1127 ad
397 1093 548 1132 tertium,
576 1092 657 1135 quia
681 1089 728 1123 ibi
756 1092 883 1125 erimus
909 1101 1027 1125 omnes
1055 1101 1170 1135 reges.
1219 1091 1271 1126 De
1295 1092 1371 1136 ejus
1396 1091 1547 1125 utilitate
1573 1089 1626 1123 di-

234 1160 282 1193 cit
312 1157 550 1204 Augustinus:
587 1155 722 1200 eulpam
765 1155 895 1189 delevit
931 1156 1089 1190 Christus
1120 1161 1363 1201 praesentem,
1401 1157 1626 1201 praeteritam

237 1229 271 1259 et
291 1223 453 1265 futuram,
473 1222 666 1267 praeterita
688 1225 834 1265 peccata.
858 1221 939 1255 tulit
963 1232 1004 1256 ea
1030 1222 1258 1260 remittendo,
1283 1224 1486 1267 praesentia
1515 1221 1628 1255 homi-

235 1300 297 1323 nes
324 1288 367 1322 ab
385 1290 428 1322 iis
446 1287 671 1327 retrahendo,
697 1287 815 1322 sutura
831 1289 990 1331 gratiam,
1017 1298 1085 1333 qua
1100 1290 1301 1331 vitarentur,
1324 1287 1548 1323 conserendo.
1575 1285 1627 1320 De

236 1356 312 1400 eJus
330 1355 433 1388 etiam
447 1353 599 1388 utilitate
615 1353 700 1387 dicit
712 1352 952 1398 Augustinus:
981 1352 1201 1396 admiremur,
1223 1355 1447 1400 gratulemur,
1463 1363 1627 1393 amemus,

234 1419 427 1461 laudemus,
454 1418 652 1459 adoremus,
673 1420 913 1463 quoniamper
929 1418 1138 1452 redemtoris
1156 1422 1267 1453 nostri
1291 1424 1434 1454 mortem
1460 1418 1504 1453 de
1527 1423 1627 1452 tene—

235 1486 309 1520 bris
336 1484 380 1519 ad
405 1484 535 1526 lucem,
563 1484 606 1519 de
633 1488 744 1518 morte
769 1483 814 1517 ad
839 1485 968 1525 vitam,
1004 1484 1046 1518 de
1072 1487 1296 1530 corruptione,
1323 1485 1366 1519 ad
1392 1485 1627 1528 incorruptio-

235 1561 334 1587 nem,
370 1550 413 1585 de
442 1550 568 1584 exsilio
596 1549 640 1584 ad
667 1551 836 1594 patriam,
883 1548 927 1583 de
959 1549 1053 1583 luctu
1085 1549 1128 1584 ad
1163 1551 1329 1595 gaudium
1355 1552 1471 1585 vocati
1498 1559 1626 1584 sumus.

237 1615 345 1656 Quam
373 1615 469 1649 utilis
495 1620 608 1650 autem
635 1614 757 1649 modus
783 1619 926 1649 nostrae
955 1615 1180 1649 redemtionis
1209 1615 1326 1654 suerit,
1351 1620 1447 1661 patet
1472 1626 1514 1650 ex
1541 1624 1627 1660 qua-

234 1686 315 1716 tuor
352 1680 566 1720 ratiouibus,
617 1680 785 1715 videlieet
817 1682 900 1726 quia
938 1680 1003 1715 suit
1038 1682 1306 1725 acceptissimus
1342 1681 1387 1715 ad
1423 1665 1627 1725 pla'candum

234 1746 365 1784 Deum.
404 1748 740 1792 congruentissimus
775 1746 819 1780 ad
855 1745 1043 1780 curandum
1076 1746 1249 1789 morbum,
1283 1747 1548 1781 efficacissimus
1585 1746 1629 1780 ad

236 1812 478 1847 attrahendum
505 1823 616 1857 genus
643 1811 847 1853 humanum,
885 1811 1176 1856 prudentissimus
1204 1812 1249 1845 ad
1276 1812 1541 1857 expugnandum
1563 1812 1628 1846 hu—

235 1879 327 1911 mani
352 1879 493 1923 generis
522 1878 704 1910 inimicum.
764 1875 878 1910 Primo
906 1887 991 1921 ergo
1017 1876 1081 1910 suit
1106 1879 1371 1921 acceptissimus
1407 1877 1450 1911 ad
1484 1877 1627 1921 placan-

236 1943 315 1977 dum
342 1947 376 1977 et
401 1941 692 1976 reconciliandum
719 1941 848 1983 Deum,
898 1944 979 1986 quia
1004 1943 1094 1975 sicut
1128 1941 1210 1976 dicit
1235 1943 1420 1977 Auselmus
1456 1945 1490 1976 iu
1516 1942 1628 1976 libro:

235 2018 297 2041 our
320 2008 414 2042 Deus
440 2007 565 2048 homo,
608 2006 693 2040 nihil
732 2008 893 2051 asperius
922 2011 955 2041 et
995 2006 1172 2041 difficilius
1210 2012 1326 2052 potest
1350 2008 1452 2042 homo
1485 2011 1557 2053 pati
1584 2008 1629 2043 ad

236 2071 402 2107 honorem
433 2073 497 2107 nei
523 2077 647 2117 sponte
674 2076 707 2106 et
733 2083 801 2106 non
828 2083 869 2106 ex
895 2071 1014 2106 debito
1042 2083 1142 2118 quam
1169 2078 1324 2115 mortem,
1354 2078 1387 2108 et
1412 2084 1629 2119 nequaquam

236 2140 349 2183 magis
385 2137 487 2172 homo
524 2142 643 2183 potest
676 2148 714 2171 so
746 2137 830 2172 dare
851 2126 957 2183 'quam
993 2148 1066 2171 cum
1103 2149 1141 2173 se
1176 2140 1276 2172 morti
1304 2138 1409 2173 tradit
1436 2139 1479 2173 ad
1516 2139 1628 2174 hono-

236 2213 308 2237 rem
334 2204 457 2247 ipsius.
519 2202 562 2237 Et
594 2203 660 2237 hoc
697 2207 768 2245 est,
807 2203 899 2248 quod
935 2203 1063 2237 dieitur
1094 2202 1222 2247 EpheS.
1258 2203 1304 2237 V:
1340 2204 1487 2238 tradidit
1520 2209 1629 2239 semet

237 2269 349 2312 ipsum
385 2267 597 2301 oblationem
639 2273 673 2302 et
706 2268 855 2302 hostiam
883 2269 956 2303 Deo
988 2270 1021 2301 in
1049 2268 1191 2302 odorem
1229 2271 1423 2303 suavitatis.
1474 2270 1630 2309 Qualiter

239 2337 352 2367 autem
380 2332 444 2366 suit
469 2332 675 2366 sacrificium
703 2343 766 2366 nos
792 2334 865 2367 Deo
892 2334 1036 2378 placans
1063 2338 1096 2367 et
1122 2335 1371 2375 reconcilians,
1400 2335 1484 2368 dicit
1508 2334 1629 2379 Augu·

239 2399 350 2432 stinus
377 2399 410 2431 iu
435 2398 525 2431 libro
553 2397 595 2432 de
620 2400 796 2432 trinitate:
837 2399 918 2444 quid
954 2404 1020 2432 tam
1048 2404 1149 2443 grate
1186 2401 1315 2444 suscipi
1351 2405 1494 2444 posset,
1529 2410 1629 2445 quam

242 2474 322 2498 caro
350 2462 513 2497 sacrificii
540 2466 648 2498 nostri
675 2474 801 2508 corpus
828 2464 985 2498 effectum
1016 2465 1214 2499 sacerdotis
1240 2466 1378 2499 nostri?
1402 2465 1443 2500 Ut
1467 2468 1629 2511 quoniam

242 2533 391 2574 quatuor
415 2529 682 2563 considerautur
708 2531 741 2563 iu
767 2531 857 2563 omui
884 2529 1079 2564 sacrificio:
1107 2532 1160 2564 eui
1186 2531 1364 2571 offeratur,
1392 2531 1474 2577 quid
1499 2531 1627 2564 offera-

241 2597 314 2634 tur,
351 2605 414 2638 pro
441 2594 565 2640 quibus
594 2594 777 2636 offeratur,
816 2599 849 2629 et
876 2596 953 2640 quis
981 2595 1124 2637 offerat,
1166 2596 1255 2630 idem
1282 2598 1357 2640 ipse
1383 2606 1468 2629 uuus
1497 2597 1627 2629 utrius-

243 2668 309 2702 que
337 2659 508 2693 mediator
533 2670 596 2704 per
629 2659 835 2694 sacrificium
863 2662 961 2705 paris
995 2662 1228 2695 reconcilians
1255 2671 1318 2694 nos
1343 2660 1416 2694 Deo
1451 2671 1523 2694 eum
1550 2662 1628 2705 ipso

242 2724 417 2763 maneret,
454 2725 508 2756 cui
536 2725 726 2763 offerebat,
760 2737 860 2760 uuum
887 2727 921 2759 iu
948 2736 986 2760 se
1015 2725 1165 2759 saec—rot.
1206 2735 1267 2768 pro
1295 2725 1420 2769 quibus
1446 2725 1628 2767 offerebat,
