1742 3005
285 122 363 161 722
586 121 679 169 Cap.
711 117 857 155 CLXss.
916 117 974 155 De
1005 117 1180 155 omnibus
1212 121 1364 157 sanetis.

283 225 497 260 alabastrum
525 220 720 265 spiritualis
742 222 923 267 unguenti,
950 219 1039 255 unde
1062 221 1130 254 ait:
1159 225 1368 267 unguentum
1392 223 1472 256 boni
1489 221 1609 256 odoris
1629 232 1671 257 ex

282 300 321 324 se
340 297 483 321 manans
504 290 702 320 sanctorum
730 285 902 330 reliquiae
920 285 1130 328 tribuentes,
1159 290 1194 321 et
1213 286 1327 321 nullus
1349 287 1414 321 boe
1441 287 1669 332 ¹)‹liseredat.

281 354 318 387 Si
339 354 427 387 enim
450 362 490 386 ex
510 362 596 396 rupe
613 355 648 386 et
668 350 763 398 firma
779 354 878 395 petra
896 361 988 396 aqua
1006 352 1040 385 in
1063 362 1178 386 eremo
1199 353 1373 386 emanavit
1399 356 1432 387 et
1458 363 1500 387 ex
1526 353 1669 387 maxilla

280 418 369 452 asini
385 416 546 451 Samsoni
564 418 695 452 sitienti
713 427 805 462 aqua
823 421 980 459 venerat,
1000 417 1105 451 multo
1121 419 1238 462 potius
1255 428 1297 452 ex
1318 419 1492 451 martirum
1508 418 1667 463 reliquiis

280 486 492 529 unguentum
511 482 600 516 bene
620 482 718 516 olens
738 492 901 517 emanare
921 472 1127 517 incredibile
1148 492 1364 528 nequaquam
1387 486 1440 517 est
1467 482 1667 517 sitientibus

280 549 432 583 divinam
450 547 514 583 Dei
535 549 693 582 virtutem
713 550 969 590 ²)sanctorum‚
997 547 1114 594 quial)
1133 550 1210 593 ipso
1231 553 1294 591 est,
1321 548 1499 584 honorem.
1537 548 1669 588 Quarto

280 614 397 648 sontes
425 613 554 655 divi11i3
591 612 682 648 unde
707 614 773 647 ait:
812 615 870 647 isti
900 615 1054 648 viventes
1084 615 1116 647 in
1153 615 1297 649 veritate
1325 624 1398 648 cum
1425 613 1538 648 libera
1566 621 1669 656 prae-

283 680 398 713 sentia
433 679 507 712 Deo
544 679 726 712 assistunt.
774 678 902 713 Fontes
936 678 1037 713 nobis
1071 679 1246 714 salutares
1281 680 1479 714 dominator
1512 678 1671 714 Christus

283 747 483 777 sanctorum
510 753 649 777 suorum
667 743 830 787 praebuit
849 743 1016 788 reliquias
1037 744 1262 778 multiformia
1280 744 1448 779 beneficia
1468 745 1668 789 irrigantes

283 809 410 848 Quinto
447 818 615 853 organum
651 810 795 854 spiritus
830 809 952 842 sancti.
1002 808 1095 842 Hanc
1121 811 1289 843 rationem
1315 811 1477 855 assignat
1502 810 1670 854 Augusti-

282 884 346 907 nus
383 874 415 907 in
448 873 539 907 libro
573 874 615 909 de
649 875 792 909 civitate
823 873 889 909 Dei
923 873 1061 908 dicens:
1099 883 1168 907 uon
1199 878 1280 908 sunt
1303 862 1574 916 contemnenda,
1607 873 1670 908 sed

283 940 465 984 plurimum
494 940 685 974 reverenda
712 944 909 974 sanctorum
936 949 1107 984 corpora,
1145 940 1290 985 quihus,
1326 940 1402 973 dum
1436 939 1551 973 adbuc
1577 940 1670 974 vive-

284 1009 380 1046 rent,
407 1006 552 1049 spiritus
578 1010 720 1039 sanctus
747 1006 848 1050 quasi
868 1005 1074 1050 quibusdam
1093 1007 1238 1051 organis
1259 1005 1303 1039 ad
1320 1016 1419 1040 omne
1437 1015 1525 1050 opus
1545 1004 1669 1038 bonum

283 1080 366 1104 usus
390 1074 455 1104 est.
503 1069 600 1105 Unde
625 1071 827 1115 apostolus:
860 1081 904 1105 au
928 1072 1199 1116 experimentum
1226 1073 1395 1116 quaeritis
1421 1072 1518 1116 ejus,
1552 1071 1610 1115 qui
1637 1071 1670 1103 iu

284 1146 336 1169 me
359 1135 515 1180 loquitur
540 1135 729 1171 Christus?
778 1135 822 1170 Et
846 1135 889 1170 de
916 1136 1095 1180 Stephano
1121 1136 1268 1178 dicitur,
1295 1137 1388 1181 quod
1414 1147 1481 1170 non
1509 1139 1671 1181 poterant

284 1202 450 1235 resistere
469 1201 665 1245 sapientiae
685 1205 718 1235 et
733 1202 885 1246 spiritui,
912 1203 970 1246 qui
987 1201 1199 1246 loquebatur
1218 1207 1283 1237 etc.
1313 1202 1395 1236 Item
1411 1201 1618 1236 Ambrosius
1636 1201 1668 1233 in

282 1266 540 1302 llexaiimeron:
576 1265 643 1300 hoc
669 1269 722 1300 est
748 1267 1057 1311 pretiosissimum,
1087 1267 1180 1312 quod
1209 1267 1312 1301 homo
1338 1268 1477 1301 divinae
1504 1267 1598 1300 vocis
1624 1266 1670 1299 sit

283 1343 450 1378 organum
478 1337 512 1367 et
537 1333 784 1377 corporalibus
811 1333 916 1367 labiis
942 1334 1105 1377 exprimit
1130 1332 1285 1367 coeleste
1308 1332 1495 1366 orac-ulum.
1545 1331 1668 1366 Tertio

281 1400 442 1434 instituta
455 1403 509 1434 est
525 1404 670 1444 propter
695 1400 989 1445 negligentiarum
1018 1400 1300 1443 ³)expiationem.
1350 1397 1451 1431 Licet
1471 1398 1560 1431 enim
1582 1406 1667 1441 pau-

283 1474 399 1500 corum
428 1471 626 1500 sanctorum
656 1465 748 1499 festa
771 1474 936 1511 agamus,
965 1463 1078 1498 adhue
1102 1469 1216 1499 tamen
1236 1464 1297 1498 illa
1314 1472 1426 1509 panea
1447 1463 1669 1507 negligenter

281 1540 389 1576 saepe
399 1534 534 1577 agimus
547 1536 581 1566 et
598 1531 704 1565 multa
721 1530 849 1565 ibidem
866 1541 930 1576 per
944 1532 1178 1577 ignorantiam
1199 1530 1253 1564 vel
1271 1529 1523 1574 negligentiam
1540 1528 1667 1561 omitti-

282 1607 368 1633 mus,
402 1596 438 1631 Si
465 1596 549 1641 quid
574 1598 683 1641 igitur
707 1598 740 1630 in
759 1597 840 1630 aliis
861 1597 1154 1631 sollemnitatibus
1177 1600 1388 1637 sanctorum,
1417 1604 1503 1639 quas
1520 1595 1667 1639 egimus,

280 1662 519 1707 negleximus,
556 1663 591 1695 in
622 1660 688 1695 bac
722 1662 881 1706 generali
915 1662 1108 1696 festivitate
1144 1662 1308 1706 supplere
1344 1670 1528 1705 possumus
1564 1663 1599 1694 et
1622 1659 1666 1693 de

280 1728 500 1773 negligentia
524 1737 589 1761 nos
615 1737 767 1773 purgare
794 1727 958 1761 valemus.
1008 1727 1102 1762 llaec
1129 1729 1218 1761 ratio
1245 1728 1343 1772 tangi
1371 1726 1509 1760 videtur
1533 1727 1565 1759 in
1590 1735 1665 1760 ser-

280 1803 399 1834 mone,
424 1795 483 1838 qui
509 1792 572 1827 bac
599 1792 655 1827 die
681 1803 743 1837 per
768 1792 938 1827 ecclesias
967 1795 1154 1835 recitatur,
1189 1794 1223 1827 in
1248 1803 1316 1838 quo
1345 1794 1398 1826 sic
1424 1791 1570 1825 dicitur:
1603 1790 1663 1825 de-

277 1863 407 1893 cretum
433 1863 508 1899 est,
544 1863 580 1892 ut
614 1857 678 1892 bac
711 1858 769 1893 die
794 1862 991 1892 sauctorum
1021 1859 1169 1892 omnium
1195 1859 1361 1892 memoria
1387 1856 1578 1895 habeatur,
1615 1858 1661 1897 ut,

278 1923 450 1969 quidquid
476 1923 624 1957 humana
650 1923 825 1969 fragilitas
849 1934 913 1968 per
940 1924 1216 1968 ⁴)ignorantiam
1242 1922 1296 1957 vel
1325 1933 1387 1967 per
1412 1922 1662 1967 negligentiam

275 1999 337 2024 seu
366 2000 428 2033 per
453 1990 803 2034 praeoccupationem
838 1990 888 2023 rei
915 1989 1106 2033 singularis
1133 1990 1166 2021 in
1199 1987 1494 2021 sollemnitatibus
1519 1991 1661 2021 sancto-

274 2066 346 2090 rum
375 2057 485 2089 minus
512 2055 612 2099 plene
639 2055 856 2100 peregisset,
892 2056 926 2088 in
956 2054 1021 2088 hac
1054 2058 1177 2087 sancta
1212 2053 1462 2088 observatione
1489 2053 1659 2089 solvatur.

272 2120 468 2155 Notandum
504 2125 637 2163 autem,
671 2120 763 2165 quod
802 2119 1019 2164 quadruplex
1054 2123 1108 2154 est
1131 2118 1330 2153 dill'erentia
1355 2123 1553 2153 sanctorum
1580 2119 1659 2153 novi

271 2187 488 2224 testamenti,
524 2197 612 2231 quos
646 2196 709 2230 per
743 2187 823 2219 anni
860 2185 1025 2219 circulum
1060 2185 1206 2218 colimus
1233 2188 1267 2218 ct
1293 2194 1380 2229 quos
1407 2183 1578 2218 hodierna
1602 2185 1659 2219 die

271 2252 408 2287 insimul
435 2251 693 2296 recolligimus,
721 2256 759 2286 ut
781 2261 841 2294 ea,
869 2260 957 2296 quae
983 2252 1206 2296 negligenter
1232 2250 1396 2292 fecimus,
1422 2250 1658 2294 suppleamus,

270 2318 405 2353 seilicet
428 2317 602 2361 apostoli,
631 2317 791 2351 martires
819 2321 851 2352 et
876 2317 1101 2351 consessores
1128 2321 1162 2351 et
1188 2317 1365 2360 virgines,
1400 2320 1433 2350 et
1465 2314 1499 2350 bi
1534 2325 1657 2350 secun-

269 2385 346 2419 dum
373 2383 551 2419 Rabanum
578 2393 641 2427 per
666 2386 816 2427 quatuor
841 2383 956 2416 mundi
985 2387 1102 2427 partes
1122 2380 1375 2427 significantur,
1402 2392 1464 2425 per
1489 2382 1655 2416 orientem

267 2451 445 2496 apostoli,
484 2461 546 2495 per
580 2448 758 2483 meridiem
787 2449 964 2491 martires,
1000 2458 1062 2493 per
1093 2447 1290 2492 aquilonem
1315 2448 1562 2489 consessores,
1594 2456 1657 2491 per

267 2517 481 2552 occidentem
509 2516 675 2560 virgines.
726 2513 841 2548 Prima
865 2515 973 2560 igitur
997 2513 1196 2548 differentia
1215 2517 1268 2548 est
1290 2514 1541 2558 apostolorum,
1567 2522 1653 2556 quo-

336 2637 362 2668 1)
381 2636 433 2663 Ed.
453 2640 496 2664 l’r.
516 2635 702 2662 doen-edat
725 2634 804 2667 logii.
926 2635 955 2667 2)
976 2637 1044 2661 Hoc.
1064 2633 1105 2659 nd
1132 2633 1309 2667 ipsorum
1335 2635 1559 2660 sanctorum
1587 2631 1650 2657 bo<

265 2689 281 2706 n
293 2688 403 2706 orent.
473 2682 500 2713 3)
522 2680 574 2707 Ed.
596 2684 637 2707 l'r,
658 2678 965 2713 expositionem.
1035 2679 1065 2712 4)
1084 2677 1135 2705 Ed.
1157 2682 1198 2706 l'r.
1219 2677 1328 2704 omittit
1353 2677 1441 2702 verb-’¹
1465 2675 1525 2704 iau
1538 2685 1555 2700 0
1567 2685 1602 2701 ra
1618 2685 1652 2701 n-

265 2725 314 2750 tia
326 2734 352 2750 ιιι
374 2738 404 2744 --
424 2724 479 2749 rei
499 2727 526 2749 el
548 2723 612 2749 loeo
633 2724 690 2756 mlj.
712 2722 904 2756 singulari
919 2732 931 2750 s
953 2723 1020 2754 tegit
1043 2721 1241 2749 «ocularis.
