1742 3005
290 86 388 136 Cap.
421 84 591 122 CXLIV.
650 85 706 122 De
737 92 870 122 sancto
902 85 1045 123 Fon-seo
1076 85 1270 137 episcopm
1393 84 1474 124 639

89 191 235 227 cosmae
260 193 294 226 et
318 190 477 225 Damiani
502 190 634 236 adjiiva
660 201 732 233 me3
769 190 868 224 vobis
901 192 990 225 enim
1022 191 1156 227 credidi
1193 194 1228 226 et
1254 195 1377 226 secuta
1399 202 1474 227 sum

85 267 174 293 eum.
223 255 416 291 Confestim
441 261 554 292 autem
581 258 695 291 sancti
722 267 796 291 cum
823 256 1041 291 multitudine
1075 256 1317 292 dealbatorum
1343 257 1473 293 ibidem

84 322 260 358 affuerunt
288 326 322 357 et
350 331 424 357 eam
449 321 706 364 liberaverunt,
743 321 913 367 dyabolus
947 326 1062 357 autem
1095 325 1212 357 statim
1246 325 1408 367 evanuit,
1439 328 1474 359 et

84 389 248 423 dixerunt
271 389 323 424 ei:
359 398 424 423 nos
458 398 574 422 sumus
609 388 752 423 Cosmas
785 392 820 422 et
853 387 1064 430 Damianus‚
1101 399 1245 433 quorum
1274 390 1472 433 juramento

85 454 286 496 credidisti,
322 454 474 499 ideoque
512 454 751 488 festinavimus
784 453 903 486 venire
939 453 971 485 in
999 453 1164 486 auxilium
1188 454 1266 488 tibi.
1290 475 1335 480 —-
1362 474 1406 481 -
1429 474 1474 481 —

83 523 133 557 4.
166 518 265 554 Felix
300 529 394 564 papa
435 521 620 562 ¹)attavus
661 519 772 552 sancti
814 516 978 562 Gregorii
1022 519 1057 551 in
1098 517 1234 554 honore
1274 525 1472 555 sanctorum

85 584 233 620 cosmae
265 590 300 620 et
333 583 493 618 Damiani
526 584 677 619 nobilem
717 583 902 617 eeclesiam
930 582 1060 618 Romae
1085 586 1294 619 construxit.
1332 584 1377 619 ,In
1407 584 1472 619 hac

83 651 233 686 ecclesia
257 648 394 695 quidam
421 650 475 683 vir
498 651 628 684 sanctis
661 649 863 683 martiribus
895 649 1088 691 serviebat,
1125 651 1181 684 eui
1212 660 1340 686 cancer
1369 662 1471 686 unum

84 726 164 751 crus
197 719 305 750 totum
339 720 591 750 consumserat.
640 714 683 750 Et
712 725 792 750 ecce
823 714 1016 750 dormiente
1042 715 1102 749 illo
1128 718 1239 750 sancti
1266 717 1412 751 Cosmas
1438 721 1473 752 et

83 781 272 816 Damianus
307 781 435 816 devoto
472 792 536 816 suo
572 786 812 826 apparuerunt
840 786 1019 827 unguenta
1056 786 1089 816 ct
1115 781 1327 817 ferramenta
1353 788 1470 818 secum

83 851 285 892 portantes;
326 858 470 893 quorum
502 858 589 881 unus
623 846 727 881 alteri
763 846 867 880 dixit:
910 846 970 880 ubi
1003 857 1127 882 carnes
1160 850 1390 892 accipiemus,
1434 854 1472 883 ut

82 911 225 947 absc-isa
256 922 361 948 carne
389 913 530 957 putrida
563 913 676 947 locum
707 922 852 947 vacuum
882 913 1108 956 repleamus?
1156 913 1257 947 Tunc
1283 915 1332 948 ait
1357 915 1468 950 alter:

84 979 119 1012 in
148 979 319 1014 cimiterio
347 980 458 1013 sancti
483 978 576 1013 Petri
604 978 649 1012 ad
675 978 812 1012 vincula
836 977 941 1012 hodie
965 978 1138 1023 Aethiops
1166 989 1289 1014 recens
1310 980 1469 1025 sepultus

83 1049 157 1086 est,
195 1044 237 1080 de
262 1044 323 1079 illo
350 1048 463 1079 autem
489 1044 594 1086 affer,
629 1047 666 1078 ut
696 1043 778 1078 huic
813 1043 1049 1088 suppleamus.
1099 1044 1142 1079 Et
1175 1055 1254 1080 ecce
1291 1046 1336 1080 ad
1372 1048 1470 1081 cimi-

80 1111 204 1146 terium
230 1111 433 1155 properavit
458 1115 493 1145 et
522 1120 642 1144 coxam
677 1109 793 1144 Mauri
819 1109 957 1151 attulit,
994 1110 1311 1156 praecidentesque
1346 1122 1469 1147 coxam

82 1174 206 1210 infirmi
245 1175 323 1210 loco
359 1177 437 1221 eJus
475 1186 596 1210 coxam
630 1175 746 1210 Mauri
779 1177 1001 1210 inseruerunt
1034 1180 1068 1210 et
1101 1176 1242 1222 plagam
1280 1176 1470 1224 diligenter

80 1246 251 1288 ungentes
269 1251 391 1276 coxam
415 1241 538 1276 infirmi
559 1242 606 1277 ad
627 1252 753 1286 corpus
768 1240 883 1275 Mauri
899 1243 1026 1275 mortui
1041 1241 1249 1277 detulerunt.
1278 1242 1466 1290 Evigilans

80 1311 196 1342 autem
223 1318 297 1343 cum
321 1317 360 1342 se
385 1309 460 1342 sine
488 1307 611 1342 dolore
637 1309 827 1349 sensisset,
864 1311 999 1341 manum
1025 1308 1069 1341 ad
1097 1318 1218 1344 coxam
1244 1314 1411 1356 apposuit
1436 1316 1470 1347 et

80 1373 129 1407 nil
152 1373 322 1408 laesionis
348 1374 500 1415 invenit,
533 1382 784 1418 apponensque
818 1373 999 1407 candelam
1031 1384 1104 1408 cum
1131 1377 1163 1409 in
1189 1387 1289 1412 crure
1315 1378 1362 1412 nil
1388 1378 1469 1412 mali

82 1438 228 1480 videret,
256 1438 450 1483 cogitabat,
477 1448 603 1472 annon
630 1440 719 1483 ipse,
750 1441 851 1484 ²)qui
877 1444 965 1481 erat,
992 1440 1054 1474 sed
1082 1441 1171 1475 alius
1201 1443 1337 1487 ³)alter
1361 1448 1466 1480 esset.

80 1503 231 1538 Rediens
266 1509 380 1539 autem
413 1504 457 1538 ad
495 1514 533 1538 se
566 1515 651 1549 prae
685 1505 815 1551 gaudio
849 1505 892 1539 de
927 1505 1056 1539 lectulo
1082 1507 1236 1551 prosiliit
1262 1513 1295 1542 et
1323 1509 1406 1554 quid
1432 1511 1467 1543 in

79 1571 211 1604 somnis
237 1569 374 1604 viderat
399 1575 433 1604 et
458 1570 608 1615 qualiter
634 1576 777 1605 sanatus
806 1572 936 1612 suerat,
973 1573 1133 1606 omnibus
1162 1575 1351 1608 enarravit.
1402 1575 1467 1615 Qui

78 1637 207 1670 conciti
239 1635 284 1670 ad
316 1636 480 1670 tumulum
514 1636 629 1671 Mauri
664 1638 831 1672 miserunt
862 1642 895 1671 et
919 1647 1039 1672 coxam
1066 1638 1180 1672 Mauri
1207 1642 1403 1684 praecisam
1434 1645 1468 1676 et

78 1710 199 1735 coxam
235 1701 405 1747 praedicti
441 1703 507 1738 viri
541 1702 618 1737 loco
651 1702 744 1736 illius
778 1704 812 1737 in
843 1703 972 1738 tumulo
1006 1704 1154 1749 positam
1182 1710 1398 1750 repererunt.

502 2021 628 2081 GAP.
664 2021 842 2080 cxliv.
887 2022 1041 2084 (139.)

257 2116 359 2170 De
397 2119 618 2162 sancto
652 2118 937 2163 ⁴)Forseo
966 2119 1282 2175 episcopo.

166 2221 318 2257 Forseus
344 2224 554 2268 episcopus,
592 2224 691 2269 cujus
728 2224 918 2270 hystoriam
951 2225 1051 2261 Beda
1082 2228 1272 2273 scripsisse
1296 2226 1461 2269 creditur,

76 2287 154 2322 dum
183 2289 277 2322 omni
306 2289 431 2323 virtute
458 2292 492 2324 et
514 2288 671 2326 bonitate
696 2293 866 2336 polleret,
904 2292 948 2327 ad
974 2297 1165 2327 extremum
1190 2294 1332 2328 veniens
1357 2294 1462 2338 spiri-

73 2357 143 2387 tum
179 2354 305 2387 emisit.
353 2353 450 2388 Vidit
476 2365 614 2400 quoque
647 2356 735 2392 duos
761 2358 909 2405 angelos
935 2359 980 2393 ad
1011 2369 1050 2393 se
1075 2360 1276 2402 venientes,
1311 2363 1349 2393 ut
1384 2359 1461 2403 ejus

73 2420 222 2453 animam
255 2418 455 2462 deferrent,
489 2422 630 2456 tertium
665 2433 746 2458 vero
778 2429 947 2459 armatum
981 2428 1080 2459 scuto
1104 2424 1253 2459 candido
1279 2428 1314 2460 et
1337 2423 1460 2470 gladio

73 2484 235 2531 fulgureo
268 2495 308 2520 se
343 2485 611 2530 praecedentem
646 2492 850 2534 conspexi13
892 2490 1018 2526 deinde
1048 2490 1237 2526 daemones
1268 2490 1459 2525 clamantes

71 2550 224 2585 audivit:
267 2551 517 2596 praecedamus
565 2556 600 2588 et
640 2540 720 2590 ante
767 2555 891 2590 faciem
933 2557 1010 2601 ejus
1043 2556 1140 2591 bella
1167 2566 1456 2592 commoveamus.

137 2648 165 2680 Ι)
189 2648 268 2676 Male
293 2649 346 2684 Ed.
373 2653 417 2678 Pr.
444 2655 473 2677 et
498 2660 554 2680 ree.
580 2651 651 2678 libri
670 2651 786 2683 legunt:
811 2657 986 2681 octavus.
1097 2656 1128 2688 2)
1145 2654 1198 2684 Ed.
1219 2658 1264 2682 Pr.
1283 2654 1371 2690 ipse
1389 2654 1455 2682 sed

69 2691 171 2723 :ilius
191 2693 254 2726 qui
275 2703 312 2721 er
326 2699 361 2721 nt
382 2695 461 2728 logii.
516 2698 543 2728 3)
565 2698 632 2724 noe.
653 2707 666 2721 a
681 2697 722 2723 lit
736 2706 774 2723 er
795 2697 976 2732 praeferunt.
1025 2699 1053 2731 4)
1073 2699 1131 2727 Alii
1151 2703 1324 2728 Foroseo
1344 2700 1455 2733 legunt.
