1742 3005
270 123 353 163 910
583 122 677 169 Cap.
708 120 825 157 CCX.
884 119 942 157 De
977 125 1108 156 sancta
1136 120 1342 158 Dorotliea.

271 228 369 256 missis
395 233 448 259 per
477 223 581 250 orbem
607 223 755 258 apostolis
779 233 860 250 aram
883 222 921 250 de
940 231 994 250 suo
1014 231 1140 258 corpore
1157 222 1225 250 fuso
1245 223 1388 255 sanguine
1406 222 1582 250 fabricatam
1603 231 1654 249 no-

271 272 383 298 vellam
401 267 665 302 superaedificaret
693 268 866 301 ecclesiam,
902 276 978 301 quae
1005 271 1125 294 sanctae
1148 266 1291 294 trinitatis
1309 266 1371 293 fide
1389 266 1504 294 imbuta
1522 272 1551 294 et
1569 277 1654 294 mun-

271 317 341 342 data
359 312 503 348 baptismi
523 312 616 344 gratia
634 312 780 345 martires,
799 311 988 339 confessores
1007 317 1036 339 et
1053 312 1164 339 infirmi
1182 320 1270 339 sexus
1288 311 1420 343 virgines
1438 311 1536 338 animo
1554 316 1655 338 tamen

270 363 441 388 constantes
465 357 614 392 primitias
639 357 766 390 obtulit,
799 357 877 384 inter
901 365 975 390 quas
1001 357 1092 384 beata
1117 355 1314 389 Kunegnndjs
1345 355 1401 382 flos
1426 354 1654 387 Bambergensis

269 404 414 432 ecclesiae
442 411 508 429 cum
535 406 639 429 saneto
666 402 809 434 Henrico,
843 401 894 434 qni
919 403 1087 428 Romanum
1111 401 1207 429 tenuit
1232 400 1408 435 imperium,
1443 400 1498 426 sub
1527 399 1655 431 coniugii

269 449 369 484 specie
393 446 555 474 immortali
581 454 693 480 sponso
721 451 819 473 castae
845 445 1027 478 virginitatis
1054 447 1168 473 honore
1192 445 1370 473 deservivit.
1404 444 1489 471 Unde
1514 445 1573 477 jam
1592 444 1654 477 ejus

270 492 436 521 sanctitatis
454 491 559 518 merita
578 500 633 524 per
652 491 756 518 orbem
774 490 935 517 manilesta
954 491 1156 518 declaratione
1176 495 1339 526 apparent,
1363 489 1433 523 quia
1451 489 1482 516 in
1502 489 1584 520 loco,
1603 488 1656 514 ubi

269 542 405 565 sanctum
425 545 532 570 corpus
552 537 614 568 ejus
634 535 774 568 quiescit,
799 535 910 562 infirmi
935 544 1121 568 quacumque
1147 535 1319 562 laborantes
1340 533 1525 566 aegritudine
1544 532 1656 559 sanita-

267 588 329 610 tem
348 581 505 616 recipiunt.
542 584 579 608 L't
598 585 697 607 autem
716 581 755 607 ad
774 579 872 607 omnia
892 579 1057 606 cautissimi
1078 585 1169 607 testes
1189 580 1296 612 simus,
1315 578 1452 606 veritatis
1471 577 1655 604 amatoribus

268 627 361 654 aetati
378 631 499 652 nostrae
519 625 748 652 succedentibus
769 626 806 651 de
825 624 887 657 his,
914 633 989 656 quae
1009 624 1182 657 scribimus,
1210 624 1326 651 curiose
1345 623 1572 655 indagantibus,
1598 621 1656 648 sci-

268 672 339 698 licet
358 679 416 703 quo
435 675 571 704 tempore
591 670 778 697 curationum
797 669 989 703 operationes
1008 668 1122 696 meritis
1142 668 1294 704 praefatae
1320 667 1519 702 imperatricis
1537 666 1656 693 initium

267 716 451 746 habuerunt,
476 714 620 746 largiente
645 714 785 746 domino,
811 718 899 748 prout
925 722 1099 747 possumus,
1128 714 1278 748 explicare
1302 712 1453 740 volumus.
1488 705 1574 738 Anno
1601 709 1656 736 do-

267 760 394 787 minicae
421 759 634 786 incarnationis
659 761 867 786 MCLXXXIX
893 757 1059 784 indictione
1085 760 1113 783 11
1138 757 1304 785 Tliiemone
1329 761 1400 784 XIII
1426 755 1655 788 Bambergensis

269 805 412 832 ecclesiae
433 804 577 839 episcopo
597 809 702 838 quarto
722 802 914 838 pontificatus
939 801 986 829 sui
1012 809 1089 828 anno
1118 801 1157 827 ad.
1182 801 1303 828 vincula
1329 801 1424 828 sancti
1442 801 1535 833 Petri,
1561 810 1598 826 ne
1618 799 1655 826 de

270 850 429 877 sanctitate
449 849 621 884 praedictae
638 848 764 880 virginis
783 847 1017 879 ambigeremus,
1045 846 1196 878 signorum
1221 846 1403 880 experientia
1428 845 1581 872 certificati
1607 853 1656 872 su-

269 905 343 923 mus.
379 898 451 922 Nam
470 894 541 921 dum
561 893 650 921 solito
670 901 751 920 more
771 892 902 926 populus
923 891 962 918 ad
980 891 1168 926 praedictum
1186 891 1286 918 locum
1305 890 1473 917 orationum
1491 894 1520 916 et
1536 889 1656 921 vigilia-

269 950 332 967 rum
352 947 439 966 causa
460 938 665 969 convenisset,
693 936 777 963 affuit
797 936 887 963 etiam
906 936 1028 969 quidam
1047 936 1259 963 daemoniacus
1279 936 1317 962 de
1336 935 1426 967 villa,
1454 943 1529 967 quae
1549 933 1656 960 dicitur

268 985 432 1016 Bairreutt,
459 983 511 1016 qni
536 992 591 1009 nec
617 982 761 1016 pietatem
786 989 951 1013 agnoscens
978 990 1032 1007 nec
1057 980 1154 1007 scelus
1182 980 1345 1007 abhorrens
1369 979 1465 1006 filium
1484 987 1571 1006 suum
1588 977 1655 1010 igue

269 1032 463 1056 cremaverat.
507 1027 561 1053 Hic
586 1026 668 1053 duris
694 1025 818 1052 funibus
842 1025 1002 1052 adstrictus
1027 1025 1066 1051 ad
1092 1025 1284 1059 sepulchrum
1314 1028 1435 1052 sauctae
1458 1022 1656 1055 kunegundis

269 1074 309 1100 ita
328 1080 536 1099 mansuescere
557 1070 673 1105 coepit,
700 1074 732 1096 nt
750 1069 852 1096 furiali
871 1070 976 1096 morbo
1003 1069 1161 1096 absolutus
1180 1072 1275 1096 Deum
1295 1070 1532 1104 omnipotentem
1550 1068 1656 1094 lauda-

269 1121 312 1144 ret
331 1116 434 1149 eique,
455 1117 538 1149 cujus
558 1115 772 1149 patrocinantis
791 1114 904 1141 meritis
924 1115 980 1140 hoc
998 1114 1144 1140 accidisse
1164 1115 1319 1147 cognovit,
1340 1124 1406 1141 cnm
1426 1118 1560 1146 caterva,
1581 1121 1656 1146 quae

268 1170 410 1197 praesens
430 1160 601 1192 exstiterat,
625 1159 744 1186 debitas
770 1159 875 1186 laudes
895 1159 1086 1186 declamaret.
1121 1158 1212 1190 Igitur
1231 1158 1302 1185 dum
1320 1159 1394 1186 liaeo
1413 1168 1479 1185 cum
1502 1157 1656 1185 sollemni-

268 1212 330 1233 tate
359 1205 442 1233 chori
467 1210 497 1232 et
520 1205 627 1240 populi
654 1204 817 1231 devotione
844 1207 1014 1236 agerentur,
1048 1202 1170 1236 quidam
1195 1208 1364 1230 contractus
1390 1203 1422 1229 in
1446 1202 1590 1230 suburbio
1618 1202 1655 1228 de

269 1251 414 1286 hospitali
440 1250 537 1278 sancti
562 1249 681 1282 Aegidii
707 1249 855 1276 adductus
882 1247 1041 1275 sanitatem
1066 1247 1242 1281 postulabat
1268 1252 1297 1274 et
1315 1247 1547 1274 misericorditer
1565 1256 1656 1274 exau-

269 1298 368 1329 ditus,
394 1296 475 1330 quod
499 1295 692 1331 precabatur,
720 1293 859 1321 obtinuit.
896 1296 972 1319 Dum
998 1292 1150 1324 signorum
1175 1291 1256 1318 sama
1283 1296 1379 1319 totum
1404 1293 1655 1324 Bambergensem

268 1342 369 1369 locmn
394 1341 603 1375 respersisset,
636 1343 805 1366 contractus
831 1338 868 1364 de
895 1337 985 1364 domo
1012 1337 1139 1365 conradi
1162 1337 1329 1373 praepositi
1360 1337 1481 1370 majoris
1512 1337 1655 1364 ecciesiae

269 1386 428 1413 sanitatem
448 1384 601 1417 affectans,
622 1388 650 1411 et
670 1382 807 1417 quamvis
827 1387 930 1409 natura
950 1382 980 1408 in
1001 1381 1142 1409 membris
1161 1385 1224 1417 ejus
1244 1383 1424 1414 oborn-isset,
1442 1386 1548 1415 tamen,
1568 1387 1656 1416 prout

268 1431 380 1466 potuit,
399 1429 535 1457 velocius
555 1433 676 1464 reptans
695 1427 864 1459 venerabili
884 1428 1041 1462 sepulchro
1061 1437 1093 1454 se
1113 1427 1251 1459 ingessit,
1278 1427 1331 1453 ubi
1349 1437 1366 1453 a
1385 1426 1507 1454 domino
1528 1426 1655 1454 salutem

269 1480 404 1510 optatam
429 1474 554 1502 invenit.
591 1473 724 1500 Audiens
751 1473 808 1499 hoc
835 1472 925 1499 etiam
952 1477 1121 1499 contractus
1149 1472 1187 1499 de
1221 1472 1312 1499 domo
1340 1472 1460 1499 Ottonis
1489 1472 1519 1498 iu
1551 1472 1657 1499 eadem

268 1520 396 1547 ecclesia
415 1519 549 1546 canonici
576 1518 660 1545 venit
680 1517 857 1551 quantocius
885 1517 922 1543 ad
948 1516 1045 1544 locum
1065 1516 1215 1551 sepulchri
1234 1526 1356 1551 sperans
1377 1516 1436 1544 sibi
1455 1526 1490 1543 ex
1509 1516 1657 1544 beneficio

269 1564 379 1598 gratiae
394 1564 470 1591 sicut
485 1563 609 1591 caeteris
626 1561 795 1594 subveniri,
822 1561 870 1590 cui
882 1561 946 1589 sine
960 1570 1042 1589 mora
1051 1562 1231 1589 subventum
1243 1570 1309 1589 esse
1328 1561 1359 1588 in
1370 1561 1484 1590 Christo
1505 1566 1656 1590 testamur.

719 1888 844 1948 GAP.
881 1887 1002 1947 CCX.
1046 1886 1207 1948 (207.)

460 1990 576 2032 De
634 1987 942 2031 sancta
998 1986 1456 2030 Dorotliea.

370 2094 505 2121 Gloriosa
531 2095 616 2126 virgo
641 2099 669 2121 et
697 2094 798 2121 martir
816 2094 967 2121 Dorotlwa
986 2104 1023 2121 ex
1041 2099 1126 2129 patre
1146 2098 1224 2121 Doro
1245 2099 1273 2121 et
1293 2099 1386 2121 matre
1406 2096 1488 2122 Thea
1507 2094 1565 2123 suit
1584 2106 1653 2132 pro-

269 2139 366 2171 genita
385 2150 421 2166 ex
439 2139 535 2166 nobili
555 2139 698 2171 sanguiue
717 2143 898 2166 senatorum.
934 2139 997 2166 lllis
1017 2139 1203 2174 temporibus
1218 2139 1314 2171 viguit
1330 2140 1500 2174 persecutio
1519 2141 1655 2169 christia-

268 2193 374 2211 norum
392 2184 422 2210 in
443 2189 519 2211 terra
539 2188 748 2212 Romanorum.
785 2183 868 2210 Unde
896 2183 960 2218 ipse
988 2187 1082 2211 Dorus
1110 2194 1253 2219 spernens
1278 2184 1382 2218 ydola,
1410 2187 1543 2212 Romana
1569 2185 1654 2213 dere-

268 2229 406 2262 linquens
425 2229 546 2264 praedia
567 2239 633 2255 cum
651 2227 911 2263 possessionibus,
940 2228 1034 2261 agris,
1060 2229 1173 2261 vineis,
1201 2229 1306 2256 castris
1331 2239 1365 2256 ac
1391 2229 1530 2256 domibus
1558 2235 1653 2258 transv

267 2273 389 2300 [rotavit
417 2283 483 2300 cum
509 2283 600 2300 uxore
627 2283 679 2300 sua
707 2277 735 2299 ot
763 2272 879 2299 duabus
906 2273 1026 2300 filiabus
1051 2274 1186 2301 christon
1219 2278 1248 2300 et
1283 2273 1429 2305 Caliston,
1464 2274 1593 2308 perrexit
1621 2275 1653 2302 in

268 2328 390 2350 regnum
417 2318 625 2353 Cappadociae
650 2317 793 2350 venitque
818 2315 848 2342 iu
876 2317 1030 2344 civitatem
1057 2321 1229 2345 Caesaream
1256 2318 1358 2351 ibique
1384 2317 1521 2346 babitans
1553 2319 1653 2352 gennit

268 2363 378 2394 filiam,
404 2363 442 2389 de
466 2364 549 2396 cujus
575 2362 638 2389 vita
662 2371 739 2389 nunc
765 2361 948 2389 intendimus
973 2362 1065 2396 loqui.
1102 2366 1136 2389 Et
1156 2362 1221 2397 ipsa
1241 2363 1338 2395 genita
1358 2364 1521 2391 secundum
1540 2373 1652 2392 morem

269 2407 498 2434 christianorum
525 2407 641 2434 occulte
667 2407 821 2441 baptizata
848 2411 893 2433 est
919 2417 935 2433 a
961 2408 1091 2441 quodam
1116 2408 1260 2443 episeopo
1280 2413 1400 2441 sanctu,
1427 2408 1477 2442 qui
1497 2418 1606 2436 nomen
1624 2408 1651 2436 ei

268 2452 412 2487 imposuit
438 2461 474 2478 ex
499 2456 584 2486 patre
666 2457 758 2479 matre
785 2451 996 2486 compositum.
1031 2453 1182 2479 Dorothea
1208 2457 1307 2479 autem
1334 2452 1399 2487 ipsa
1418 2453 1518 2487 puella
1538 2453 1651 2488 repleta

269 2503 314 2525 cst
341 2497 448 2533 spiritu
475 2501 594 2529 saneto,
620 2497 783 2524 virtutibus
811 2501 839 2523 et
864 2497 944 2523 omni
972 2496 1054 2531 pacis
1074 2496 1234 2532 disciplina
1254 2497 1386 2529 imbuta,
1411 2496 1543 2524 formosa
1561 2497 1649 2524 valde

269 2552 358 2577 snper
383 2552 486 2570 omnes
510 2542 627 2578 puellas
654 2541 784 2574 rogiouis
808 2540 898 2569 illius.
936 2541 1023 2576 Quod
1051 2541 1170 2569 invidus
1197 2550 1320 2577 serpeus
1344 2541 1481 2569 iuimicus
1505 2541 1649 2569 castitatis

269 2587 416 2619 dyabolus
435 2597 495 2614 nou
514 2587 664 2614 sustinens
683 2586 849 2613 Fabricium
869 2590 964 2613 terrae
985 2585 1171 2621 praesectum
1196 2585 1227 2613 in
1252 2596 1384 2614 :tutiorem
1408 2585 1531 2618 vii-ginis
1554 2589 1649 2612 Doro-

269 2631 354 2655 thu-a-
371 2632 539 2665 stimulans,
558 2636 590 2658 ut
609 2632 705 2667 ipsam
724 2631 835 2659 carnali
854 2630 1096 2666 concupiscentia
1116 2636 1282 2666 appeteret.
1318 2631 1376 2668 Qui
1394 2631 1513 2658 mittens
1532 2639 1586 2664 pro
1607 2641 1649 2664 cu,

270 2674 421 2708 spondens
449 2677 620 2704 thesaurum
644 2681 674 2704 et
699 2685 745 2704 res
772 2677 886 2710 absque
912 2676 1045 2711 compoti
1071 2676 1321 2704 determinatione
1347 2684 1402 2711 pro
1427 2675 1497 2702 dote
1524 2675 1651 2709 prodere

269 2717 364 2752 ipsam
392 2718 523 2751 inanimo
549 2726 613 2749 toro
641 2721 874 2756 producendam.
919 2721 1051 2750 Audiens
1079 2721 1135 2750 boc
1161 2721 1258 2749 dulcis
1283 2720 1432 2749 Dorothei:
1453 2720 1537 2753 quusi
1557 2720 1650 2749 lutum
