1742 3005
373 94 470 144 Cap.
503 93 551 130 ll.
609 93 667 130 De
699 99 828 129 sancto
860 91 1009 129 Andrea
1040 92 1228 142 apostolo.
1449 93 1495 131 13

111 199 203 232 illum
232 198 287 233 die
317 198 388 232 illo.
438 197 691 243 Inveniensque
717 197 876 232 Andreas
902 197 1045 232 fratrem
1069 207 1169 232 suum
1193 196 1386 242 Symoueni,
1435 199 1497 232 ad-

112 264 210 298 duxit
233 275 308 299 enm
339 263 383 298 ad
410 263 542 300 Jesnm.
591 262 757 308 Sequenti
783 267 896 297 antem
929 263 984 297 die
1010 262 1054 296 ad
1080 264 1283 307 piscationis
1309 273 1418 308 opera
1442 275 1496 298 re⁴

112 329 261 369 dierunt,
290 329 507 374 postmodum
532 329 683 377 secundo
710 331 849 363 vocavit
873 338 933 363 eos
959 327 1002 362 ad
1030 330 1082 362 sui
1109 328 1391 363 familiaritatem.
1442 330 1498 363 Si*

111 400 168 428 eut
203 407 277 429 euin
314 396 369 430 (lie
405 395 552 441 quadam
590 395 701 428 turbis
736 393 947 427 irruentibus
982 393 1026 427 ad
1054 393 1170 428 Jesum
1199 394 1303 438 juxta
1337 399 1498 439 stagnum

113 460 348 504 Genesar-eth,
387 461 478 506 quod
508 460 633 494 dicitur
658 470 752 493 mare
780 457 993 500 Galilaeum,
1036 460 1147 492 navim
1175 461 1315 493 intravit
1340 461 1499 505 =<ymonis

113 532 145 561 et
172 527 334 561 Ainlreae
364 532 397 561 et
422 530 525 570 capta
562 525 778 559 multitudine
810 534 937 567 magna
968 525 1112 568 piscium
1137 526 1340 569 vocatisque
1365 526 1498 560 Jac-obo

113 596 145 625 et
169 591 347 627 Johanne.
398 593 455 636 qui
481 595 580 625 erant
605 592 635 623 in
665 590 733 623 alia
761 591 857 627 navi«
904 591 1012 624 secuti
1039 594 1118 623 sunt
1142 600 1216 623 eum
1245 594 1277 624 ct
1305 592 1424 625 iterum
1455 592 1497 626 ad

112 658 255 700 propria
290 657 477 691 redierunt.
535 656 603 689 Sed
633 660 759 700 postea
793 657 894 689 tertio
922 660 955 689 et
983 655 1099 689 ultimo
1128 657 1265 689 vocavit
1289 667 1349 690 eos
1375 657 1419 690 ad
1447 660 1500 691 sui

113 722 377 766 discipulatum,
427 723 515 755 sicut
541 721 679 766 quando
706 720 902 755 ambulante
925 721 1008 755 Jesu
1029 723 1131 765 juxta
1159 721 1247 755 idem
1272 721 1369 755 littus
1397 734 1499 757 voca-

114 789 163 820 vit
190 798 250 821 eos
278 787 319 822 de
347 789 537 832 piscatione
565 788 704 822 ‹lit-ens:
747 787 869 821 Venite
897 791 976 831 post
1001 798 1053 821 me
1079 788 1202 821 l'aciam
1230 799 1292 821 vos
1321 793 1385 822 etc.
1435 790 1500 829 Qui

114 853 243 887 relictis
269 855 426 887 erunibus
465 855 573 887 secuti
607 858 683 887 sunt
719 864 792 887 enm
828 855 929 897 eique
963 864 1100 897 semper
1126 854 1341 897 postmodiun
1369 855 1482 889 adhao

115 923 233 952 serunt
260 929 321 953 nee
347 919 437 952 ultra
462 919 505 952 ad
531 921 673 964 propria
705 919 891 953 redieruut.
962 918 1190 952 Nihilominus
1226 923 1339 953 tamen
1364 924 1501 955 vocavit

115 983 286 1018 Andream
313 988 345 1018 et
370 984 537 1029 quosdam
572 984 613 1017 de
641 986 712 1018 suis
739 984 904 1029 discipuis
927 984 971 1018 ad
999 984 1245 1028 apostolatuim
1275 985 1317 1019 (le
1345 997 1413 1031 qua
1438 998 1500 1027 vo-

113 1051 250 1083 catione
275 1049 400 1083 dicitur
425 1050 536 1084 Mare.
564 1050 617 1084 Ill.
666 1050 813 1084 Yocavit
845 1050 888 1083 ad
917 1061 954 1084 se
982 1061 1069 1095 qnos
1097 1050 1205 1083 voluit
1231 1053 1307 1096 ipse
1336 1057 1368 1085 et
1395 1063 1499 1089 vene-

115 1119 194 1149 runt
217 1114 261 1148 ad
291 1126 366 1149 euni
392 1119 426 1150 et
451 1116 532 1150 secit
557 1120 593 1150 ut
619 1122 737 1150 esseut
763 1115 942 1150 duodecim
970 1127 1043 1150 cuni
1070 1127 1122 1150 eo.
1160 1116 1241 1151 Post
1262 1119 1499 1152 ascensionem

114 1180 241 1214 domini
268 1181 390 1215 divisis
429 1182 600 1226 apostolis
639 1181 798 1216 Andreas
825 1182 917 1226 apud
945 1181 1138 1227 Sejthiam,
1188 1183 1390 1217 Matthaeus
1418 1195 1501 1218 vero

113 1247 206 1291 apud
232 1246 478 1293 Margundiam
504 1248 733 1292 praedicavit.
782 1248 855 1282 Viri
882 1253 995 1282 autem
1023 1249 1070 1281 illi
1096 1249 1389 1292 praedicationem
1407 1250 1500 1284 Mat-

113 1311 208 1346 thaei
234 1314 371 1356 penitus
406 1318 610 1358 respuentes
638 1316 669 1347 ei
696 1313 815 1347 oeulos
841 1317 1004 1347 eruerunt
1029 1318 1062 1347 et
1087 1315 1233 1347 vinctum
1260 1316 1500 1350 incarcerave-

116 1380 193 1410 runt
219 1381 299 1421 post
323 1388 453 1422 paucos
480 1379 554 1413 dies
590 1378 748 1412 occidere
779 1389 854 1413 eum
882 1378 1118 1423 disponentes.
1192 1379 1328 1413 Interea
1353 1381 1500 1427 angelus

116 1443 242 1476 domini
270 1443 397 1477 Sancto
421 1444 583 1479 Andreae
618 1446 781 1488 apparuit
816 1449 849 1477 et
878 1444 1122 1490 Mnrgundiam
1149 1445 1192 1479 ad
1224 1450 1379 1480 sanctum
1407 1446 1500 1481 Mat-

116 1508 251 1543 thaeum
277 1510 327 1543 ire
352 1511 551 1553 praecepit3
579 1520 645 1553 quo
674 1509 919 1553 respondente,
950 1519 987 1543 se
1003 1512 1089 1543 viam
1106 1512 1252 1552 nescire,
1274 1512 1381 1555 jussit
1407 1516 1442 1545 ut
1457 1513 1500 1546 ad

115 1575 225 1618 ripam
244 1575 349 1607 maris
374 1575 441 1608 iret
466 1579 499 1608 et
526 1574 569 1608 ad
596 1576 738 1618 primam
763 1585 897 1615 navem,
926 1585 1026 1619 qnam
1042 1577 1224 1617 inveniret,
1250 1577 1406 1612 intraret.
1437 1579 1501 1618 Qui

117 1622 178 1674 vel„
196 1641 291 1673 ocius
309 1640 414 1685 jussa
436 1640 612 1685 complens
638 1640 682 1674 ad
707 1639 825 1674 urbem
851 1640 1065 1685 praedictam
1093 1643 1187 1676 venit
1212 1642 1338 1688 angelo
1367 1643 1452 1677 duce
1469 1648 1501 1678 et

117 1715 287 1750 prospero
322 1709 424 1739 vento
452 1705 575 1739 llante:
628 1710 662 1740 et
697 1707 836 1741 invento
864 1711 986 1751 aperto
1016 1716 1156 1741 carcere
1183 1707 1300 1741 Sancti
1329 1709 1499 1743 Matthaei

117 1781 230 1816 eoque
257 1772 331 1804 viso
356 1771 451 1806 flevit
477 1771 656 1816 plurimum
684 1777 718 1806 et
743 1773 868 1806 oravit.
918 1771 1015 1806 Tune
1041 1772 1198 1806 dominus
1212 1772 1394 1808 Matthaeo
1423 1775 1501 1809 red-

118 1836 206 1870 didit
227 1836 429 1871 benefieium
455 1836 598 1872 duorum
623 1838 808 1879 luminum,
859 1838 984 1883 quibus
1014 1849 1088 1873 euin
1115 1840 1316 1883 privaverat
1345 1842 1502 1885 nequitia

117 1906 348 1947 peecatorum.
392 1902 595 1938 Matthaeus
620 1909 733 1939 autem
759 1906 802 1940 ab
830 1904 908 1939 inde
934 1906 1079 1939 recessit
1104 1904 1368 1939 ctAntioehiam
1397 1908 1499 1941 venit.

117 1967 260 2002 Andrea
291 1978 372 2003 vero
417 1968 631 2014 Margnndia
664 1975 861 2005 remanente
902 1972 983 2005 irati
1016 1970 1066 2004 illi
1101 1964 1142 2004 de
1178 1972 1343 2005 evasione
1382 1972 1499 2005 Sancti

117 2032 292 2068 Matthaei
321 2034 497 2069 Andream
537 2035 804 2080 apprehendunt
835 2041 869 2072 et
905 2047 968 2081 per
1002 2036 1139 2081 plateas
1179 2036 1300 2081 ligatis
1343 2037 1500 2071 manibus

116 2099 339 2143 pertrahunt:
391 2109 536 2146 eumque
571 2102 647 2147 ejus
683 2104 827 2147 sanguis
862 2102 1043 2144 efflueret,
1094 2112 1157 2147 pro
1191 2103 1232 2135 iis
1259 2104 1373 2136 oravit
1398 2108 1431 2137 et
1457 2103 1499 2137 ad

117 2163 290 2199 Christum
325 2175 386 2199 eos
425 2177 489 2200 sua
525 2169 683 2202 oratione
714 2170 905 2210 convertit,
957 2168 1036 2202 inde
1073 2170 1108 2202 in
1140 2167 1317 2212 Aelia-yam
1345 2170 1501 2213 proticis-

117 2238 198 2262 cens
229 2231 274 2272 ¹).
346 2230 417 2265 Hoc
443 2236 556 2266 autem
593 2233 684 2278 quod
720 2234 845 2268 dicitnr
878 2234 920 2269 de
946 2234 1144 2279 hujusmodi
1169 2234 1377 2268 liberatione
1407 2234 1500 2269 Mat-

116 2292 210 2327 thaei
237 2298 271 2328 et
290 2298 508 2332 restitutione
534 2298 676 2333 duorum
705 2299 867 2334 luminum
893 2301 1142 2345 perAndream
1168 2311 1236 2334 non
1264 2304 1346 2344 puto
1361 2300 1501 2345 dignum

118 2358 217 2401 lidei,
254 2370 295 2394 ne
321 2362 356 2394 in
380 2365 476 2395 tanto
502 2365 723 2410 evangelista
745 2367 930 2399 minoratio
958 2367 1073 2400 inlima
1101 2368 1135 2409 2)
1163 2366 1363 2406 denotetur,
1401 2366 1501 2409 quasi

116 2423 184 2457 sibi
208 2435 278 2458 non
301 2426 454 2470 potuerit
480 2427 658 2472 obtinere,
703 2431 794 2475 qnod
823 2431 982 2465 Andreas
1011 2432 1042 2464 ei
1067 2435 1135 2464 tani
1162 2429 1265 2464 saeile
1291 2431 1500 2474 impetravit.

119 2509 158 2516 -
183 2510 225 2514 -
261 2493 302 2526 2.
335 2490 479 2530 Quidam
512 2493 654 2536 juvenis
690 2495 819 2530 nobilis
850 2495 928 2529 duni
958 2496 1078 2529 invitis
1109 2494 1313 2540 parentibus
1338 2495 1499 2540 apostolo

1040 2576 1057 2590 Ι

216 2614 244 2645 1)
267 2612 322 2641 Ed.
341 2613 447 2641 nresd.
466 2624 491 2640 a.
512 2617 589 2642 1472.
616 2615 725 2641 omittit
751 2620 895 2650 punctum
921 2621 989 2651 post
1009 2626 1129 2643 vocent:
1165 2622 1418 2652 peccatorum
1445 2628 1499 2654 po-

115 2656 204 2683 situm
224 2657 382 2691 omniaque
401 2659 494 2684 verba
515 2660 671 2692 sequentia
691 2666 818 2695 excepto
837 2660 902 2688 solo
922 2661 1088 2688 vocabulo:
1109 2661 1387 2696 proficiscens.

214 2703 243 2735 2)
262 2702 453 2729 Recentiores
475 2703 564 2730 inale:
585 2704 752 2734 infirma.
