1742 3005
363 129 458 178 Cap.
492 127 662 166 CXLlX.
722 128 781 165 De
819 134 948 164 sancto
981 126 1193 163 Francis-eo.
1390 123 1470 162 667

87 234 168 279 qnia
206 243 327 269 maneo
368 235 402 268 ln
436 235 542 269 curiis
580 237 795 279 magna-tum,
849 232 945 278 quod
991 232 1137 266 forsitan
1179 229 1346 265 tratribus
1387 231 1472 274 meis

87 299 309 344 pauperculis
337 301 462 335 bonam
489 301 722 344 suspicionem
750 310 818 334 non
842 302 1008 345 generat,
1048 299 1130 343 quia
1157 297 1245 332 forte
1272 307 1323 331 me
1350 296 1472 331 existi-

86 369 179 398 mant
211 364 346 400 deliciis
380 365 575 403 abundare.
623 365 665 400 Et
697 376 846 411 surgens
879 376 1010 400 summo
1043 374 1142 398 mane
1187 363 1267 397 inde
1312 362 1470 397 recessit.

84 429 286 466 Exsistente
320 431 510 477 aliquando
546 442 587 467 eo
621 434 656 466 in
679 434 839 466 oratione
865 431 962 465 audit
986 441 1092 474 super
1118 429 1238 463 (lomus
1266 432 1390 462 tectum
1415 438 1473 461 ca-

86 500 202 530 tervas
247 497 450 532 daemonum
492 497 728 531 discurrentes
765 507 839 530 eum
875 497 1035 539 strepitu.
1095 494 1161 534 Qui
1194 495 1349 528 concitus
1387 494 1472 527 soris

87 563 207 596 exiens
234 567 268 597 et
291 565 402 597 crucis
426 565 561 607 signum
587 561 655 596 sibi
682 563 878 606 imprimens
905 561 1011 595 dixit:
1038 571 1079 596 ex
1108 564 1206 605 parte
1227 560 1473 602 omnipotentis

88 628 150 663 Dei
177 628 277 662 vobis
305 628 403 670 dico,
439 628 645 671 daemones,
680 632 734 670 ut,
770 627 940 673 quidquid
970 627 1070 662 vobis
1097 627 1302 671 permiSsum
1328 627 1403 666 est,
1441 624 1473 657 in

86 703 162 727 meo
193 703 342 738 corpore
379 693 537 736 saciati83
570 693 721 728 libenter
753 695 841 728 enim
868 696 983 728 omnia
1016 692 1217 734 sustinebo,
1264 692 1358 737 quia,
1396 700 1469 724 cum

86 759 251 803 majorem
286 760 457 793 inimicum
493 770 561 793 non
597 759 743 794 habeam
778 770 946 804 corpore,
990 758 1214 794 vindicabitis
1246 768 1298 792 me
1330 757 1372 791 de
1407 756 1472 791 ad-

85 826 242 859 versario
269 836 363 868 meo,
393 824 471 859 dum
498 826 531 858 in
554 826 631 870 ipso
660 827 734 860 vice
759 835 835 860 mea
860 825 1072 860 exercebitis
1100 824 1277 858 ultionem.
1328 822 1473 857 Conlusi

86 891 194 936 igitur
226 891 414 926 daemones
451 895 673 927 evanescunt.
728 891 851 925 Frater
893 891 1032 936 quidam
1077 891 1194 923 socius
1231 891 1297 923 viri
1335 889 1398 923 Dei
1441 890 1473 921 in

86 959 217 991 exstasi
251 956 363 992 faetus
397 959 487 992 inter
518 960 678 991 caeteras
713 956 803 991 coeli
838 956 941 990 sedes
974 955 1061 989 vidit
1095 965 1195 989 uitam
1231 953 1473 1000 dignissimam

86 1026 120 1057 et
151 1023 260 1057 nobili
295 1023 414 1069 gloria
444 1023 734 1068 praefulgentem.
786 1022 851 1061 Qui
886 1033 959 1056 cum
988 1024 1193 1063 miraretur,
1239 1022 1373 1055 cuinam
1406 1024 1474 1054 tam

86 1089 271 1132 praeclara
296 1089 400 1124 sedes
427 1093 648 1131 servaretur,
683 1087 834 1123 audivit:
871 1088 974 1123 sedes
1000 1091 1069 1123 ista
1095 1090 1197 1123 unius
1225 1088 1268 1122 de
1294 1086 1474 1121 ruentibus

87 1154 302 1199 principibus
338 1154 403 1189 snit
436 1159 470 1189 et
501 1164 589 1189 nunc
625 1154 745 1188 humili
777 1153 964 1189 Franciseo
1002 1158 1155 1199 paratur.
1203 1153 1247 1188 Et
1281 1154 1402 1187 exiens
1428 1152 1472 1185 ab

84 1221 245 1254 oratione
270 1222 378 1255 virum
405 1221 469 1256 Dei
494 1222 727 1266 interrogavit
752 1220 893 1255 dicens:
920 1221 1002 1266 quid
1028 1220 1070 1255 de
1097 1224 1130 1255 te
1149 1221 1318 1264 opinaris,
1347 1219 1476 1263 pater?

85 1283 127 1320 Et
153 1285 230 1321 ille:
257 1286 380 1322 videor
404 1286 488 1321 mihi
514 1288 682 1321 maximus
709 1291 885 1332 peccator.
935 1287 1129 1331 Statimque
1157 1287 1190 1320 in
1225 1285 1329 1320 corde
1357 1285 1475 1319 fratris

85 1353 231 1397 spiritus
257 1352 366 1388 dixit:
398 1363 596 1399 cognosce,
634 1357 779 1398 ³)quam
809 1363 892 1388 vera
920 1353 1025 1387 fuerit
1058 1353 1166 1394 visin,
1206 1362 1307 1397 quam
1335 1350 1474 1391 vidisti3

86 1419 250 1463 quoniam
282 1418 326 1452 ad
358 1418 477 1453 sedem
515 1428 578 1463 per
611 1419 811 1463 superbiam
847 1419 1018 1464 perditam
1047 1418 1224 1452 humilitas
1251 1416 1384 1452 levabit
1410 1415 1474 1450 hu-

88 1483 276 1520 millimum.
324 1483 362 1519 In
392 1484 528 1519 visione
554 1494 677 1520 servus
703 1484 768 1519 Dei
793 1494 900 1530 supra
926 1496 963 1520 se
991 1484 1156 1529 seraphin
1184 1482 1384 1517 crucifixum
1411 1481 1474 1515 ad-

89 1551 225 1594 spexit,
260 1551 318 1596 qui
350 1549 586 1585 crucifixionis
620 1560 704 1585 suae
731 1552 834 1597 signa
859 1553 910 1586 sic
936 1552 967 1585 ei
995 1549 1176 1585 evidenter
1210 1549 1406 1593 impressit,
1440 1551 1476 1581 nt

87 1614 272 1650 crucilixus
296 1615 475 1652 videretlu·
500 1619 534 1651 et
559 1617 647 1661 ipse.
697 1617 958 1663 Cousignantur
982 1626 1102 1650 manus
1130 1619 1163 1650 et
1189 1614 1298 1660 pedes
1326 1618 1361 1649 et
1385 1613 1476 1647 latus

88 1682 204 1715 crucis
233 1681 449 1725 charactere,
475 1681 538 1716 sed
566 1682 728 1728 diligenti
753 1682 869 1717 studio
896 1683 939 1716 ab
968 1683 1116 1716 omnium
1142 1681 1254 1715 oeulis
1282 1682 1359 1725 ipsa
1385 1680 1475 1724 stig-

89 1751 183 1782 mata.
219 1746 474 1782 abscondebat.
532 1747 678 1788 Quidam
720 1752 836 1783 tamen
876 1748 965 1783 haec
1009 1749 1042 1782 iu
1076 1749 1147 1781 vita
1189 1746 1370 1787 viderunt,
1413 1744 1475 1780 sed

89 1815 122 1848 in
148 1817 259 1847 morte
292 1813 433 1858 plurimi
466 1818 736 1858 conspexerunt.
795 1814 894 1854 Quod
934 1818 1047 1849 antem
1088 1814 1177 1848 haec
1214 1815 1380 1858 stigmata
1416 1822 1478 1856 per

89 1880 205 1914 omnia
231 1888 316 1913 vera
341 1880 553 1922 exstiterint,
581 1880 696 1914 multis
723 1880 902 1914 miraculis
929 1885 1105 1915 ostensum
1132 1883 1197 1922 est,
1225 1888 1369 1924 quorum
1396 1877 1476 1917 duo,

89 1955 178 1991 quae
214 1948 296 1990 post
326 1947 402 1989 ejus
442 1944 574 1979 obitum
608 1947 851 1991 contigerunt,
898 1946 955 1980 hic
997 1947 1191 1980 inseruisse
1226 1944 1392 1979 sufficiat.
1441 1942 1478 1977 ln

91 2011 220 2056 Apulia
245 2013 299 2045 vir
324 2010 462 2056 quidam
487 2012 625 2046 nomine
650 2011 811 2057 Roget-us
845 2016 926 2046 aute
952 2012 1137 2057 imaginem
1163 2011 1274 2045 sancti
1300 2009 1477 2044 Francisci

91 2081 188 2111 stans
215 2077 332 2121 coepit
357 2077 516 2121 cogitare
541 2076 682 2118 dicens,
712 2081 851 2111 essetne
876 2076 945 2110 hoc
971 2087 1107 2118 verum,
1140 2081 1179 2110 ut
1202 2076 1264 2110 tali
1290 2075 1479 2108 claruisset

90 2142 258 2176 miraculo
283 2151 326 2175 an
360 2141 421 2186 pia
446 2140 572 2175 suisset
598 2141 714 2175 illusio
740 2143 816 2176 sive
842 2152 981 2176 suorum
1010 2141 1152 2175 fratrum
1177 2139 1341 2174 simulata
1363 2140 1476 2172 inten*

89 2209 153 2244 tio,
209 2206 308 2248 Quod
343 2206 422 2241 dum
459 2211 572 2241 mente
608 2208 828 2250 revolveret,
874 2207 990 2242 subito
1026 2207 1160 2241 audivit
1194 2216 1335 2247 sonum,
1377 2205 1479 2250 quasi

90 2273 260 2320 spiculum
286 2273 476 2318 prosiliens
511 2273 553 2308 de
586 2273 730 2308 ballista
764 2275 945 2319 sensitque
977 2284 1015 2309 se
1042 2275 1076 2307 in
1100 2274 1245 2307 sinistra
1269 2281 1370 2305 manu
1395 2280 1478 2316 gra-

93 2341 183 2376 viter
205 2340 444 2382 vulneratum,
481 2340 545 2375 sed
577 2350 650 2374 cum
679 2342 710 2374 in
738 2339 942 2375 chirotheca
965 2339 1053 2374 nihil
1078 2339 1248 2374 laesionis
1276 2339 1477 2382 appareret,

74 2405 331 2440 Nehirothecam
362 2405 405 2440 de
439 2416 541 2441 manu
575 2408 728 2442 extraxit
763 2410 797 2441 et
829 2416 939 2452 grave
972 2405 1095 2441 vulnus
1130 2405 1233 2450 quasi
1264 2403 1420 2448 sagittae
1445 2401 1479 2434 in

94 2471 210 2518 palma
235 2473 438 2516 conspexit,
463 2482 506 2506 cx
531 2483 597 2517 quo
625 2476 723 2507 tauta
748 2474 799 2507 vis
825 2472 1040 2517 procedebat
1064 2470 1223 2513 ardor-Is,
1254 2472 1291 2503 ut
1314 2471 1409 2502 totus
1436 2476 1480 2501 ex

95 2537 219 2573 dolore
248 2541 283 2572 et
307 2537 434 2572 ardore
461 2536 611 2572 deiicere
635 2538 835 2581 videretur,
868 2547 1014 2583 cumque
1039 2538 1236 2581 poeniteret
1263 2538 1297 2569 et
1321 2543 1359 2568 se
1385 2533 1480 2566 beati

95 2601 276 2638 Francisci
308 2605 474 2650 stigmata
507 2603 652 2637 credere
685 2604 860 2639 veraciter
890 2606 1102 2646 testaretur,
1144 2604 1226 2647 post
1266 2599 1355 2634 dnos
1389 2597 1478 2639 dies,

166 2702 194 2735 1)
212 2703 265 2730 Ed.
290 2706 334 2732 I'r.
358 2703 437 2730 male
465 2703 539 2729 haec
565 2702 605 2729 ita
632 2702 770 2729 exhibe-l:
805 2711 992 2735 quaenam
1018 2700 1158 2733 suerit,
1184 2710 1294 2735 quam
1322 2695 1479 2727 vidist1'3

96 2755 206 2779 quem
233 2747 278 2775 ad
303 2762 332 2769 -·
353 2747 509 2775 levaiit
537 2747 810 2775 humillimum.
848 2751 888 2774 In
912 2746 1067 2775 visione
1087 2746 1153 2774 Dei
1179 2753 1316 2774 servus
1335 2744 1414 2772 Dei.
