1742 3005
201 96 282 135 492
397 100 492 146 Cap.
525 97 676 133 cxvii.
737 96 797 132 De
829 104 959 133 sancto
990 97 1197 134 Laurentio
1230 100 1394 136 martire.

202 212 255 236 me
281 206 394 235 autem
421 199 589 233 deludere
615 199 674 232 diu
707 210 775 235 non
810 201 957 235 valebis.
1007 201 1139 236 Testor
1162 203 1256 238 Deos
1282 203 1462 247 Deasque,
1496 202 1589 246 quia,

203 269 269 300 nisi
295 265 570 306 sac1·ificaveriS‚
605 265 757 300 diversis
790 266 975 312 suppliciis
1004 269 1198 311 perimet-is.
1247 268 1345 302 Tunc
1372 269 1480 313 jussit
1515 277 1590 301 eum

203 330 390 376 plumbatis
418 330 613 365 diutissime
638 330 751 374 caedi,
778 331 989 367 Laurentius
1016 338 1130 367 autem
1152 335 1267 368 oravit
1290 334 1427 367 dicens:
1455 333 1592 366 domiue

201 397 286 432 Jesu
313 396 469 438 Christe,
506 398 625 441 accipe
651 399 809 442 spiritum
837 409 958 432 meum.
1007 398 1105 433 Tunc
1129 398 1293 433 audiente
1321 397 1429 432 Decio
1456 409 1521 432 vox
1549 398 1592 432 de

201 463 300 497 coelo
325 464 498 496 insonuit:
534 462 648 496 adhuc
672 463 736 497 tibi
763 464 870 498 multa
896 465 1086 498 certamina
1112 464 1291 498 debentur.
1342 463 1439 498 Tunc
1465 463 1593 497 Decius

204 530 322 563 surore
349 528 504 572 repletus
532 528 636 562 dixit:
662 530 728 563 viri
756 529 922 572 Romani,
961 528 1111 563 audistis
1139 529 1326 564 (laemones
1352 531 1452 563 istum
1483 530 1593 562 sacri-

202 595 316 640 legum
345 593 589 637 consolantes,
617 596 676 640 qui
699 600 841 630 nostros
867 595 961 630 Deos
986 605 1056 629 non
1079 595 1162 629 colit
1187 606 1248 630 nec
1272 599 1444 630 tormenta
1475 596 1595 630 metuit

201 671 265 695 nec
297 663 407 694 iratos
442 662 616 705 principes
651 662 865 705 expavescit.
913 660 1026 696 Jussit
1060 671 1145 706 ergo
1180 671 1255 695 eum
1282 662 1405 696 iterum
1432 663 1593 706 scorpio-

201 727 303 760 nibus
338 725 461 768 caedi,
498 726 683 760 subridens
721 730 835 760 autem
866 725 1077 760 Laurentius
1112 728 1247 772 gratias
1274 728 1347 772 egit
1380 731 1414 762 et
1439 738 1501 772 pro
1529 727 1590 762 ad-

202 791 376 826 stantibus
410 793 582 827 exoravit.
630 790 762 826 Eadem
805 791 894 826 hora
929 791 1028 826 miles
1073 791 1211 836 quidam
1246 795 1384 828 nomine
1419 793 1593 828 Romanus

203 857 355 893 credidit
380 861 413 892 et
438 857 544 893 beato
572 856 764 892 Laurentio
792 857 898 892 dixit:
928 857 1030 892 video
1055 861 1136 891 aute
1160 862 1195 892 te
1215 858 1379 902 juvenem
1400 860 1593 903 pulcherri-

203 935 289 958 mum
315 928 464 958 stantem
492 928 526 958 et
550 922 703 957 membra
728 928 789 958 tua
817 935 889 958 cum
917 923 1024 958 linteo
1053 927 1270 969 tergentem,
1309 923 1434 970 adJuro
1472 929 1505 960 te
1532 937 1595 970 per

203 990 332 1033 Deum,
368 1000 411 1024 ne
448 1000 502 1024 me
535 989 779 1035 derelinquas,
823 989 886 1024 sed
921 989 1049 1024 festina
1091 1000 1143 1024 me
1176 989 1371 1034 baptizare.
1430 990 1595 1036 Dixitque

201 1056 328 1091 Decius
356 1055 564 1090 valeriano:
592 1059 696 1099 puto,
725 1055 817 1100 quod
839 1057 911 1100 Jam
939 1066 1001 1100 per
1026 1060 1134 1090 artem
1160 1057 1330 1101 magicam
1357 1057 1439 1091 victi
1464 1068 1593 1092 sumus.

200 1124 311 1159 ,lussit
338 1131 423 1166 ergo
451 1132 525 1155 eum
552 1121 594 1155 de
622 1121 783 1155 cathasta
812 1122 902 1156 solvi
930 1126 964 1156 et
990 1123 1023 1156 in
1055 1120 1217 1156 custodia
1241 1121 1418 1166 {lyppoliti
1447 1122 1594 1166 recludi,

201 1189 376 1224 Romanus
402 1191 515 1222 autem
543 1187 694 1221 afferens
720 1197 859 1222 urceum
886 1198 960 1221 cum
990 1197 1081 1232 aqua
1105 1187 1149 1221 ad
1177 1187 1286 1232 pedes
1306 1187 1486 1222 Laurentii
1512 1200 1593 1233 pro-

203 1255 288 1290 cidit
322 1259 355 1289 et
388 1264 522 1288 sacrum
559 1253 603 1287 ab
636 1263 677 1288 eo
716 1253 891 1298 baptisma
917 1254 1082 1298 suscepit.
1131 1253 1230 1293 Quod
1257 1253 1315 1287 ubi
1344 1253 1472 1288 Decius
1498 1265 1592 1288 com-

202 1324 304 1367 perit,
329 1320 518 1355 Romanum
541 1320 692 1354 fustibus
716 1320 816 1354 caedi
835 1321 954 1365 jussit,
982 1321 1039 1364 qui
1064 1330 1137 1353 cum
1165 1318 1277 1353 libere
1304 1329 1341 1353 se
1367 1319 1591 1354 christianum

201 1388 437 1433 profiteretur,
464 1387 569 1432 jussu
588 1386 686 1421 Decii
712 1386 909 1421 decollatus
931 1389 995 1421 est.
1045 1384 1174 1419 Eadem
1193 1389 1295 1419 nocte
1318 1383 1528 1419 Laurentius
1551 1386 1594 1419 ad

201 1454 345 1489 Decium
373 1453 570 1487 adducitur.
622 1453 705 1487 Cum
728 1456 843 1490 autem
869 1450 1077 1497 Hyppolitus
1106 1451 1204 1486 {leret
1233 1456 1267 1485 et
1302 1462 1340 1486 se
1368 1451 1593 1486 christianum

202 1530 282 1554 esse
312 1519 499 1561 clamaret,
530 1519 616 1552 dixit
637 1518 682 1552 ad
710 1529 785 1553 eum
808 1518 1038 1553 Laurentius:
1070 1519 1102 1551 in
1127 1519 1287 1552 interiori
1315 1518 1452 1553 homine
1481 1520 1594 1564 magis

204 1584 377 1620 Christum
403 1584 579 1618 absconde
605 1588 650 1626 et,
681 1583 759 1618 dum
784 1584 994 1625 clamavero,
1022 1583 1103 1617 audi
1131 1588 1166 1617 et
1194 1584 1282 1618 veni.
1332 1584 1456 1619 Omnia
1488 1585 1595 1629 igitur

202 1655 450 1685 tormentorum
490 1660 623 1696 genera
656 1650 859 1684 afferuntur.
908 1649 1006 1684 Dixit
1030 1659 1116 1695 ergo
1143 1649 1269 1684 Decius
1294 1650 1507 1685 Laurentio:
1537 1655 1595 1684 aut

202 1717 276 1751 Diis
304 1715 519 1751 sacrificabis
544 1720 603 1750 aut
627 1727 694 1750 nox
730 1718 799 1749 ista
824 1717 857 1748 in
886 1720 920 1749 te
945 1726 1019 1749 cum
1047 1715 1230 1760 suppliciis
1257 1715 1482 1760 expendetur.
1533 1716 1593 1749 (lui

200 1782 431 1816 Laurentius:
466 1792 542 1816 mea
568 1792 635 1815 uox
662 1781 846 1815 obscurum
873 1791 941 1814 nou
968 1767 1103 1821 habet,¹
1133 1780 1195 1814 sed
1221 1783 1336 1814 omnia
1362 1783 1395 1814 iu
1420 1783 1496 1815 luce
1522 1781 1593 1814 cla-

203 1852 354 1882 rescunt.
403 1847 567 1892 Dixitque
580 1848 728 1882 Decius:
747 1847 915 1881 afferatur
931 1846 1044 1880 lectus
1063 1846 1209 1888 rei-reus,
1230 1850 1264 1879 ut
1283 1847 1483 1890 requiescat
1501 1847 1592 1880 ineo

202 1918 386 1948 contumax
407 1913 629 1948 Laurentius.
678 1913 832 1948 Ministri
860 1922 945 1957 ergo
967 1922 1042 1945 eum
1071 1917 1241 1946 exuerunt
1267 1916 1299 1946 et
1328 1922 1434 1955 super
1465 1916 1591 1946 cratem

204 1979 353 2014 ferream
375 1979 605 2014 extenderunt
632 1983 665 2012 et
692 1980 811 2023 prunis
830 1978 1023 2022 suppositis
1042 1987 1116 2010 eum
1134 1987 1207 2011 eum
1230 1977 1335 2011 l'ureis
1356 1977 1480 2011 ferreis
1499 1988 1591 2011 com-

202 2050 419 2090 presserunt,
441 2045 597 2091 dixitque
610 2045 822 2079 Laurentius
834 2043 1043 2078 Valeriano:
1066 2042 1174 2085 disce,
1195 2045 1314 2086 miser,
1332 2042 1594 2088 quiacarboues

202 2112 252 2145 tui
286 2110 368 2144 mihi
404 2110 649 2156 refrigerium,
696 2110 761 2144 tibi
799 2102 913 2144 autem
947 2113 1124 2142 aeternum
1159 2109 1364 2153 supplicium
1401 2112 1593 2153 praestant.

203 2178 287 2223 quia
315 2178 390 2220 ipsc
417 2176 575 2210 dominus
609 2178 727 2218 novit⁷
763 2175 856 2222 quod
893 2178 1080 2209 accusatus
1114 2185 1181 2208 nou
1208 2176 1336 2221 negavi
1362 2186 1448 2217 cittii,
1486 2176 1591 2208 inter-

204 2247 350 2288 rogatus
384 2242 557 2276 Christum
594 2242 779 2276 consessus
816 2252 911 2283 sum,
955 2244 1094 2274 assatus
1130 2241 1266 2285 gratias
1300 2251 1381 2287 ago.
1430 2240 1593 2285 Dixitque

204 2309 309 2342 hilari
337 2308 433 2342 vultu
459 2309 502 2342 ad
537 2308 698 2343 Decium:
734 2318 835 2349 ecce,
869 2308 994 2348 miser,
1033 2308 1161 2340 assasti
1198 2316 1298 2340 uuam
1332 2311 1485 2351 partem,
1515 2307 1594 2351 gira

203 2375 307 2409 aliam
336 2378 370 2409 et
396 2375 575 2408 manduca.
626 2373 668 2408 Et
691 2376 827 2419 gratias
854 2383 964 2418 agens
998 2372 1104 2405 dixit:
1137 2374 1272 2416 gratias
1302 2373 1365 2407 tibi
1403 2383 1493 2418 ago,
1529 2370 1591 2404 do-

203 2442 314 2483 mine,
357 2442 437 2486 quia
467 2441 596 2486 januas
630 2444 709 2474 tuas
750 2438 887 2485 ingredi
921 2439 1053 2479 merui,
1097 2442 1131 2472 et
1175 2440 1227 2472 sic
1269 2439 1428 2483 spiritum
1467 2437 1590 2472 emisit.

206 2506 378 2541 (loususus
414 2507 542 2541 Decius
579 2517 651 2540 eum
687 2505 875 2540 Valeriano
911 2504 999 2538 abiit
1035 2505 1068 2538 iu
1102 2504 1268 2549 palatium
1295 2503 1437 2549 T3berii
1470 2501 1590 2535 relicto

205 2583 352 2616 corpore
378 2584 485 2618 super
509 2574 622 2619 ignem
639 2600 646 2614 ,
681 2571 773 2616 quod
800 2570 1006 2615 llxppolitus
1032 2580 1130 2603 nume
1157 2571 1271 2614 rapuit
1295 2573 1328 2603 et
1355 2578 1426 2601 cum
1453 2566 1591 2601 Justino

205 2636 404 2680 presbitero
434 2639 466 2671 iu
494 2649 582 2683 agro
610 2637 746 2672 Veranio
772 2636 945 2670 conditum
966 2635 1179 2670 aromatibus
1202 2634 1373 2678 sepelivit.
1403 2631 1591 2665 Christiani

207 2703 315 2747 igitur
337 2702 540 2746 jejunantes
567 2702 684 2737 triduo
713 2703 856 2749 xigitias
882 2702 1114 2737 celebrarunt.
1151 2700 1301 2745 mugitus
1325 2698 1447 2733 ‹lautcs
1474 2703 1505 2734 et
1541 2699 1590 2732 la⁴
