1742 3005
217 128 297 166 230
529 128 624 176 Cap.
660 125 760 161 Llll.
819 125 877 160 De
909 124 1086 174 passione
1117 124 1274 161 domini.

217 236 303 274 stus,
330 240 422 265 mors
447 240 510 274 per
537 227 718 270 arborem,
743 228 816 261 vita
839 237 902 272 per
925 236 1070 270 crucem,
1096 229 1131 262 in
1156 227 1297 263 deserto
1322 225 1453 269 Adam,
1478 227 1513 261 in
1541 226 1584 261 de

217 301 311 332 serto
347 294 518 329 Christus.
574 292 642 328 Per
674 294 870 335 contraria,
909 294 1072 338 quoniam
1107 294 1238 337 primus
1278 292 1381 327 homo
1418 292 1606 328 seeundum

219 361 423 406 Gregorium
448 363 657 404 peccaverat
675 369 738 403 per
761 358 974 403 superbiam,
998 358 1270 393 inobedientiam
1286 363 1320 393 et
1339 359 1466 404 gulam,
1496 358 1607 392 voluit

220 428 307 462 enim
338 425 526 459 assimilari
552 425 626 459 Deo
661 436 725 469 per
757 425 926 459 scientiae
960 423 1228 465 sublimitatem,
1267 424 1471 469 transgredi
1502 434 1606 468 prae-

219 493 311 536 cepti
342 491 409 525 Dei
443 490 587 525 limitem
625 496 658 526 et
685 495 830 537 gustare
861 490 954 534 ponii
980 491 1205 531 suavitatcm3
1250 494 1284 524 et
1309 491 1471 534 quoniam
1505 499 1607 523 cura-

218 560 268 592 tio
294 557 401 591 habet
431 556 506 590 fieri
540 567 602 601 per
627 557 860 597 contrarium,
904 554 983 589 ideo
1009 556 1078 590 iste
1102 555 1224 590 modus
1257 554 1500 590 satisfaciendi
1525 565 1607 589 con-

221 624 488 670 gruentissimus
515 622 593 663 suit,
639 624 721 668 quia
745 621 811 656 suit
834 632 898 666 per
922 620 1195 656 humiliationem
1211 649 1218 662 ‚
1257 621 1395 655 divinae
1419 620 1608 655 voluntatis

220 689 457 734 impletionem
479 691 513 722 et
538 688 772 722 afflictionem.
812 687 863 721 De
889 687 943 721 his
967 686 1079 721 trihus
1099 686 1142 720 ad
1168 686 1319 731 Philipp.
1334 686 1383 720 II:
1416 686 1612 720 humiliavit

222 758 333 788 semet
356 755 467 797 ipsum
495 763 562 797 quo
598 753 644 786 ad
677 754 843 797 primum,
881 752 995 786 sactus
1030 751 1201 785 obediens
1229 762 1297 796 quo
1331 752 1375 786 ad
1409 752 1610 793 secundum,

222 829 333 863 usque
363 818 406 851 ad
433 821 577 851 mortem
605 828 673 862 quo
700 817 744 851 ad
771 819 923 851 tertium.
957 816 1080 850 Tertio
1106 816 1172 850 suit
1193 816 1455 851 efficacissimus
1481 817 1525 851 ad
1557 822 1611 851 at-

223 883 429 918 trahendum
455 894 566 928 genus
591 883 795 923 humanum,
850 892 1023 927 nunquam
1044 883 1133 915 enim
1147 881 1244 916 salvo
1270 882 1447 916 libertatis
1464 882 1612 917 arbitrio

222 951 337 995 magis
362 949 407 982 ad
434 959 585 983 amorem
612 959 709 982 suum
737 953 770 983 et
797 948 956 982 fiduciam
989 957 1102 992 genus
1127 947 1309 982 humanum
1344 948 1522 983 attrahere
1547 960 1612 993 po-

221 1016 298 1050 tuit.
338 1014 496 1054 Qualiter
519 1019 633 1049 autem
657 1025 721 1059 per
745 1014 811 1048 hoe
835 1014 878 1047 ad
903 1024 1055 1047 amorem
1079 1024 1143 1047 nos
1165 1013 1331 1055 attrahat,
1356 1014 1440 1048 dicit
1459 1014 1612 1048 Bernar-

225 1082 309 1116 dus:
348 1091 454 1125 super
481 1082 597 1114 omnia
621 1080 738 1114 reddit
760 1085 796 1115 te
823 1079 1019 1114 amabilem.
1045 1079 1137 1114 bone
1161 1079 1256 1118 Jesu,
1292 1079 1404 1121 calix,
1434 1091 1533 1125 quem
1559 1079 1613 1114 bi-

224 1148 330 1189 bisti,
365 1157 452 1192 opus
481 1145 707 1180 redemtionis
730 1150 887 1191 nostrae.
928 1144 999 1178 lloe
1026 1146 1164 1179 omnino
1201 1155 1351 1179 amorem
1376 1150 1530 1179 nostrum
1559 1146 1612 1179 sa-

224 1214 290 1248 ciie
315 1212 470 1246 vindicat
494 1216 602 1245 totum
628 1212 709 1253 tibi,
746 1211 812 1245 hoe
848 1214 921 1246 est.
958 1209 1051 1255 quod
1085 1207 1240 1244 nostrum
1267 1221 1418 1245 amorem
1453 1216 1486 1245 et
1512 1211 1612 1245 blan-

225 1280 302 1313 dius
328 1278 440 1312 allicit
462 1282 495 1311 et
518 1278 650 1322 justius
677 1278 787 1322 exigit
817 1280 852 1310 et
879 1276 981 1309 citius
1008 1276 1148 1319 stringit
1175 1280 1208 1310 et
1227 1277 1465 1311 vehementius
1492 1277 1612 1312 afficit.

224 1344 361 1379 Etenim
396 1342 457 1376 ubi
489 1347 525 1376 te
559 1344 768 1385 exinanisti,
804 1341 864 1376 ubi
895 1345 930 1375 te
971 1340 1191 1375 naturalibus
1238 1341 1347 1376 radiis
1383 1345 1529 1385 exuisti,
1567 1343 1615 1377 ibi

225 1411 340 1454 pietas
367 1409 480 1454 magis
507 1409 664 1450 emicuit,
705 1408 756 1441 ibi
780 1408 911 1442 caritas
943 1405 1022 1450 plus
1055 1406 1206 1449 effulsit,
1242 1407 1290 1441 ibi
1320 1409 1437 1453 gratia
1468 1409 1615 1453 amplius

227 1475 385 1508 radiavit.
447 1474 605 1514 Qualiter
637 1478 752 1508 autem
791 1473 835 1507 ad
872 1473 1050 1514 fiduciam,
1090 1473 1217 1507 dicitur
1249 1473 1390 1508 Roman.
1428 1474 1520 1509 vill:
1560 1477 1618 1520 qui

227 1542 330 1574 etiam
356 1542 498 1584 proprio
526 1539 597 1572 tilio
625 1550 687 1573 suo
715 1551 783 1574 non
808 1541 977 1584 pepercit,
1015 1538 1078 1572 sed
1104 1550 1167 1583 pro
1194 1540 1296 1573 nobis
1324 1541 1483 1574 omuibus
1506 1540 1617 1574 tradi-

227 1606 278 1639 dit
306 1605 420 1645 illum,
460 1604 632 1649 quomodo
661 1616 729 1639 non
763 1607 865 1640 etiam
892 1605 1007 1638 omnia
1031 1614 1106 1638 cum
1132 1604 1192 1638 illo
1217 1604 1319 1639 uobis
1348 1605 1520 1640 donavit?
1569 1605 1619 1640 Do

228 1672 293 1705 hoe
319 1672 421 1705 etiam
447 1669 669 1703 Bernardus:
709 1672 786 1715 quis
822 1682 891 1704 non
917 1671 1073 1714 rapiatur
1097 1670 1141 1704 ad
1170 1681 1267 1715 spem
1294 1671 1502 1716 impetrandi
1532 1671 1619 1705 fidu-

229 1738 336 1777 ciam,
373 1737 430 1782 qui
457 1736 533 1780 ejus
559 1735 707 1769 attendit
742 1736 901 1780 corporis
929 1735 1213 1778 dispositionem,
1249 1737 1414 1771 videlicet
1437 1742 1540 1783 caput
1567 1739 1619 1771 in—

230 1802 392 1835 clinatum
418 1801 462 1834 ad
490 1801 657 1841 osculum,
677 1800 825 1834 brachia
851 1804 995 1835 extensa
1022 1800 1065 1834 ad
1082 1801 1288 1845 amplexum⁷
1313 1813 1432 1836 mauus
1459 1803 1619 1847 persora-

227 1873 283 1901 tas
312 1866 356 1900 ad
383 1866 611 1911 largiendum,
640 1867 730 1900 latus
756 1871 912 1911 apertum
938 1865 982 1899 ad
1008 1866 1244 1911 diligendum,
1272 1868 1395 1911 pedum
1422 1867 1620 1901 affixionem

229 1934 273 1967 ad
298 1933 478 1967 nobiscum
504 1932 807 1973 commanendum,
849 1933 1007 1975 corporis
1030 1934 1266 1966 extensionem
1294 1933 1337 1967 ad
1359 1943 1398 1967 se
1422 1936 1531 1967 totum
1557 1944 1620 1966 no-

230 1999 283 2032 his
310 1998 583 2042 impcmlendum.
635 1998 764 2037 Quarto
793 1998 855 2032 suit
883 1997 1172 2042 prudentissimus
1199 1997 1241 2031 ad
1263 1998 1530 2043 expugnandum
1557 1998 1620 2032 hu-

229 2066 320 2098 mani
346 2065 488 2109 generis
517 2065 712 2104 inimicum,
756 2063 834 2097 Job.
868 2063 985 2097 XXV:
1026 2062 1213 2107 prudentia
1247 2064 1325 2108 ejus
1357 2065 1531 2108 percussit
1562 2075 1621 2098 su-

231 2130 385 2173 perbum,
413 2133 446 2163 et
471 2129 609 2163 ultimo:
638 2128 807 2173 >munquid
834 2124 966 2173 poteris
991 2138 1118 2172 capere
1143 2128 1337 2163 Leviathan
1364 2129 1494 2164 hamo?
1521 2129 1622 2163 Chri-

231 2199 306 2228 stus
333 2195 421 2228 enim
449 2195 582 2228 hamum
620 2204 706 2228 suae
743 2194 884 2229 deitatis
912 2194 1146 2229 absconderat
1181 2193 1245 2227 sub
1281 2204 1363 2227 esca
1397 2195 1622 2228 humanitatis

233 2265 266 2295 et
292 2259 464 2304 dyabolus
491 2270 617 2303 capere
644 2260 763 2293 volens
791 2270 904 2294 escam
934 2261 1060 2299 carnis,
1087 2263 1209 2302 captus
1232 2263 1285 2292 est
1311 2259 1354 2293 ab
1380 2259 1481 2293 hamo
1509 2260 1622 2295 deita-

232 2327 288 2359 tis.
337 2325 388 2359 De
417 2324 481 2358 hac
507 2324 668 2368 prudenti
699 2326 860 2368 raptione
887 2325 969 2358 dicit
999 2324 1239 2367 Augustinus:
1270 2326 1365 2359 venit
1390 2325 1566 2360 redemtor
1591 2330 1625 2361 et

232 2392 343 2424 xit-tus
371 2394 423 2423 est
445 2389 631 2433 deceptor3
658 2389 790 2434 etquid
810 2390 891 2423 feeit
906 2389 1083 2423 redemtor
1106 2391 1316 2434 captivatori
1332 2392 1483 2425 nostro?
1507 2395 1622 2425 teten—
1647 2395 1652 2397 “

232 2456 281 2490 dit
306 2456 530 2499 muscipulam
555 2465 690 2488 crucem
716 2465 812 2488 suum
828 2482 835 2496 ,
872 2456 989 2499 posuit
1016 2456 1047 2488 in
1076 2466 1118 2489 ea
1145 2466 1258 2490 escam
1284 2457 1488 2500 sanguinem
1514 2466 1620 2490 suum.

233 2521 308 2564 lpse
334 2525 447 2555 autem
472 2520 582 2554 voluit
600 2519 745 2554 sundere
765 2522 970 2564 sanguinem
994 2531 1062 2554 uon
1082 2520 1264 2558 debitoris,
1290 2526 1435 2566 propter
1452 2520 1544 2565 quod
1566 2531 1619 2554 re-

234 2587 341 2619 cessit
369 2596 389 2619 a
410 2584 648 2620 debitoribus:
676 2584 875 2630 hujusmodi
903 2585 1056 2619 debitum
1091 2586 1274 2630 apostolus
1311 2589 1413 2619 vocat
1437 2584 1621 2629 chirogra-

231 2649 357 2693 phum,
395 2650 487 2693 quod
518 2650 653 2695 quidem
683 2650 843 2684 Christus
871 2651 949 2684 tulit
981 2655 1016 2684 et
1040 2653 1132 2685 cruci
1159 2651 1281 2684 ai'lixit.
1336 2649 1384 2683 De
1410 2660 1478 2694 quo
1503 2650 1621 2683 chiro-

231 2713 368 2758 grapho
388 2713 467 2746 dicit
489 2714 723 2759 Augustinus:
744 2715 815 2749 Ena
831 2721 1007 2759 peecatum
1029 2726 1049 2749 a
1064 2715 1213 2760 dyabolo
1235 2715 1414 2756 nuntiavit,
1438 2714 1623 2760 chirogra-
