1742 3005
416 92 512 142 Cap.
544 91 682 129 LVlll.
741 93 799 130 De
830 99 960 130 sancto
992 94 1173 143 Georgio.
1411 94 1493 132 259

102 200 157 232 cet
183 195 292 239 fides,
320 197 380 242 qui
405 197 597 241 scriptores
623 199 715 231 inter
742 197 872 231 latinos
898 198 963 233 flos
985 198 1123 244 quidam
1147 200 1297 233 emicuit.
1346 197 1389 233 Et
1408 199 1493 233 sub-

100 263 151 298 dit
165 262 401 307 Augustinus:
428 264 529 307 enjus
547 262 648 297 fidem
667 267 700 297 et
718 264 940 307 purissimum
957 266 990 298 in
1006 265 1189 309 scripturis
1212 274 1351 298 sensum
1369 275 1412 298 ne
1426 266 1492 298 ini-

99 329 209 362 micus
238 327 378 372 quidem
403 338 509 361 ausus
538 332 591 361 est
617 328 888 372 reprehendere.
927 329 1094 374 Magnam
1119 332 1383 371 auctoritatem,
1413 332 1493 375 quia

99 395 233 438 antiqui
261 394 454 437 scriptores
481 395 573 426 sicut
596 394 813 439 Augustinus
840 393 949 428 verba
984 404 1049 427 sua
1080 405 1143 438 pro
1178 405 1305 440 inagna.
1339 397 1493 430 auctori-

97 463 171 494 tate
195 458 382 493 habehant.
433 458 528 493 Unde
555 458 663 492 refert
690 458 908 503 Augustinus
936 459 981 492 ad
1009 459 1234 494 ι111111101111111,
1277 462 1390 504 quod,
1420 472 1494 495 eum

97 529 209 558 mater
234 525 310 569 eJus
335 525 460 557 mirata
486 523 631 563 suisset,
663 533 723 556 cur
754 523 950 557 Mediolani
976 524 1124 558 sabbato
1160 535 1228 558 11011
1258 526 1493 569 jejunaretur.

98 595 133 624 et
168 589 210 624 de
244 589 311 623 1100
348 590 566 633 Augustinus
597 587 821 621 Ambrosium
856 589 1135 634 interrogasset,
1185 591 1233 622 ait
1267 590 1494 625 Ambrosius:

97 667 173 690 cum
198 656 300 689 venio
325 653 479 694 Romam,
501 654 625 698 jejuno
653 652 813 687 sabbato.
865 655 924 687 Sic
952 660 985 689 et
1010 660 1057 690 tu.
1084 655 1248 700 adquam
1268 656 1359 689 sorte
1379 657 1492 690 00010-

96 723 181 755 siam
209 721 367 760 veneris‚
395 719 472 763 ejus
499 729 629 752 morem
655 729 778 761 serva,
810 721 839 752 si
868 721 1025 764 (nuquam
1052 731 1120 753 non
1148 720 1228 753 inde
1262 722 1313 754 vis
1341 722 1491 756 scanda-

94 787 164 820 lum
194 795 362 820 esse·nee
387 794 592 829 quemquam
619 784 693 818 tibi.
744 783 784 818 Et
818 784 935 818 subdit
970 785 1209 829 Augustinus:
1246 796 1313 829 ego
1350 786 1393 819 de
1427 787 1493 820 hae

95 853 272 886 sententia
299 852 404 885 etiam
429 854 534 894 atque
560 851 662 883 etiam
689 851 869 894 cogitans,
909 851 957 883 ita
993 860 1131 894 semper
1156 850 1283 887 habui,
1317 855 1489 895 tamquam

96 917 243 951 coelesti
270 915 412 950 oraculo
441 916 646 959 acceperim.

185 981 266 1016 Vita
299 985 334 1015 et
366 982 486 1025 passio
513 980 670 1014 Tibul-cii
706 985 740 1013 et
764 980 942 1014 Valeriani
975 981 1007 1013 in
1034 980 1202 1023 passione
1227 985 1370 1015 sant-tae
1401 981 1489 1015 Caev

94 1047 197 1081 ciliae
223 1048 426 1080 continetur.

551 1368 677 1430 GAP.
712 1367 863 1429 Lvlll.
899 1367 1030 1430 (56.)

447 1480 546 1523 De
585 1480 806 1523 sancto
837 1475 1135 1533 Georgio.

129 1616 137 1621 .
181 1585 356 1631 Georgius
392 1587 521 1622 dicitur
554 1598 575 1622 a
599 1588 836 1635 geoffirquod
865 1592 918 1622 est
946 1591 1062 1627 terra,
1102 1589 1136 1619 et
1169 1594 1276 1629 orge,
1314 1585 1407 1630 quod
1434 1592 1485 1621 051

92 1651 232 1693 colere,
259 1653 360 1697 quasi
387 1653 506 1688 colens
530 1657 679 1694 terram,
716 1653 753 1686 id
775 1657 829 1687 est
854 1662 992 1686 carnem
1018 1661 1125 1685 suam.
1176 1650 1395 1695 Augustinus
1424 1661 1484 1684 au-

89 1721 159 1751 tem
187 1718 221 1750 111
247 1717 338 1752 libro
367 1717 410 1752 de
434 1719 611 1760 trinitate,
647 1717 741 1764 quod
773 1717 867 1752 hona
894 1723 991 1752 terra
1016 1717 1070 1751 ‹fst
1096 1716 1280 1751 altitudine
1306 1717 1483 1757 montium,

88 1786 360 1827 temperamento
387 1783 539 1826 collium,
564 1784 710 1829 planitie
738 1793 934 1828 corporum.
984 1782 1099 1817 Prima
1125 1783 1214 1816 enim
1243 1785 1297 1815 est
1320 1781 1413 1815 hona
1439 1781 1485 1815 ad

89 1849 241 1893 virentes
269 1848 420 1891 herhas,
456 1849 611 1893 5001111ᾀῆ
636 1849 682 1883 ad
707 1851 848 1891 vineas,
883 1850 991 1883 tertia
1017 1848 1062 1882 ad
1087 1848 1220 1894 fruges.
1270 1845 1330 1880 Sic
1360 1838 1484 1881 beatus

89 1911 265 1959 Georgius
295 1914 362 1949 fuit
394 1914 485 1949 altus
519 1914 747 1959 despiciendo
786 1915 956 1949 inferiora
992 1918 1026 1948 et
1060 1913 1142 1947 ideo
1180 1912 1303 1947 habuit
1335 1914 1482 1947 virorem

89 1979 275 2022 puritatis,
311 1983 526 2024 temperatus
553 1991 618 2025 per
644 1980 892 2015 discretionem
920 1983 953 2013 et
978 1978 1058 2013 ideo
1088 1978 1211 2012 habuit
1235 1978 1350 2011 vinum
1367 1980 1398 2019 ¹)
1423 1987 1483 2011 ae.-

87 2048 211 2077 ternae
231 2043 483 2089 jucunditatis,
519 2045 644 2089 planus
675 2056 739 2090 per
763 2045 993 2079 humilitatem
1019 2048 1054 2078 et
1074 2043 1155 2077 ideo
1181 2042 1327 2087 protulit
1362 2041 1482 2086 fruges

89 2109 204 2143 honae
229 2111 460 2153 operationis.
508 2109 572 2144 Vel
600 2109 728 2144 dicitur
751 2120 772 2144 a
796 2120 915 2155 gei-ar,
944 2108 1037 2154 quod
1063 2112 1117 2142 est
1142 2116 1291 2142 sacrum.
1319 2111 1353 2142 et
1378 2118 1481 2152 gyon.

90 2173 184 2218 quod
209 2165 263 2208 est
287 2184 416 2218 arena,
453 2176 555 2221 quasi
588 2185 691 2209 saera
725 2185 842 2210 arena.
894 2174 972 2208 Fuit
999 2175 1088 2207 enim
1113 2182 1239 2213 arena,
1279 2174 1361 2217 quia
1394 2184 1480 2217 pon-

91 2239 239 2273 derosus
271 2250 403 2275 morum
439 2242 636 2287 gravitate,
674 2242 825 2275 minutus
852 2239 1068 2281 humilitate,
1103 2242 1138 2273 et
1162 2239 1276 2271 siccus
1304 2248 1323 2272 a
1351 2239 1482 2272 carnali

89 2304 281 2349 voluptate.
329 2304 393 2340 Vel
418 2305 545 2340 dieitur
571 2316 593 2340 a
617 2316 741 2352 gerar,
778 2306 871 2352 quod
898 2309 952 2340 est
982 2314 1139 2345 sacrum,
1175 2307 1209 2337 et
1237 2314 1350 2348 gyon,
1388 2303 1479 2347 quod

92 2375 146 2406 est
170 2370 337 2411 luc-tatio,
376 2371 477 2414 quasi
509 2380 610 2405 sacer
644 2372 814 2413 luctator,
851 2373 934 2416 quia
965 2370 1118 2403 luctatus
1151 2372 1303 2402 osteum
1330 2367 1481 2401 draconc¹

92 2441 127 2471 et
151 2435 333 2475 carnifice3
358 2433 415 2468 vel
441 2432 615 2480 Georgius
643 2435 771 2470 dicitur
799 2446 819 2470 a
845 2446 930 2481 gero
946 2462 954 2475 ,
983 2433 1156 2478 (111011ψο51
1182 2433 1411 2475 peregrinus,
1448 2437 1482 2466 et

89 2502 148 2548 gir
181 2500 358 2546 praecisio
393 2503 427 2532 et
459 2509 498 2543 ys
523 2500 738 2536 consiliator.
786 2500 866 2545 Ipse
891 2500 979 2533 enim
1006 2498 1069 2531 suit
1095 2497 1303 2542 peregrinus
1333 2498 1367 2530 in
1396 2507 1478 2531 con-

89 2570 196 2601 temtu
227 2565 363 2607 mundi,
401 2565 580 2608 praecisus
619 2566 650 2597 in
679 2576 809 2599 corona.
837 2563 990 2606 martyrii
1018 2566 1052 2596 et
1077 2560 1284 2595 consiliator
1316 2563 1348 2594 in
1374 2572 1477 2605 pran-

161 2689 186 2714 11
206 2688 262 2716 Alii
283 2688 396 2720 lugunt:
416 2687 424 2713 ι’
436 2698 451 2713 n
464 2692 470 2711 1
483 2697 518 2712 01·
528 2698 544 2713 11
556 2697 569 2711 a
581 2698 606 2712 ι’.
