1742 3005
312 73 409 122 Cap.
443 73 649 109 CLXXXI.
707 73 763 110 De
801 80 933 110 salicto
965 73 1122 122 Pelagio
1156 84 1268 123 papa.
1402 71 1484 110 825

101 178 309 223 pullularet,
336 179 450 212 unitas
480 178 739 222 ¹)substantiae
767 181 867 212 trimn
895 188 1119 222 personarum
1142 177 1294 212 evidenti
1317 179 1483 212 miraculo

54 260 61 264 -
101 244 377 285 demonstratur,
412 249 449 277 ut
483 246 532 278 ait
568 244 825 289 ²)Sigiberlus.
876 244 959 278 Dum
996 246 1083 278 enirn
1118 246 1151 278 in
1179 243 1264 278 urbe
1288 243 1484 277 Vasacensi

101 310 238 343 missam
268 310 453 354 episcopus
480 310 695 351 celebraret,
737 310 821 343 vidit
846 314 916 344 tres
942 315 1060 355 guttas
1086 309 1299 343 clarissimas
1327 309 1485 354 aequalis

101 374 350 420 magnitudinis
375 385 482 419 super
506 376 616 410 altare
643 377 812 416 emissas,
851 385 939 419 quae
971 375 1071 409 simul
1105 374 1297 409 defluentes
1325 376 1359 408 in
1382 385 1483 408 unum

101 442 306 485 conjunctae
331 451 498 486 gemmam
527 441 790 484 pulcherrimam
825 440 1026 474 effecerunt.
1077 440 1184 479 Quam
1210 449 1282 472 eum
1311 441 1343 472 in
1369 439 1484 474 medio

103 505 282 550 cujusdam
315 507 426 540 crucis
461 516 589 539 aureae
624 507 818 549 posuisset,
856 505 947 538 aliae
972 514 1147 549 gemmae,
1186 515 1274 549 quae
1301 504 1348 537 ibi
1376 508 1485 544 erant,

102 571 144 605 de
171 572 248 616 ips-a
273 573 431 615 protinus
456 571 665 604 ceciderunt.
715 570 861 604 Addidit
887 580 1046 614 quoqne,
1076 570 1166 615 quod
1194 571 1309 614 impiis
1336 570 1487 603 obscura

102 642 136 671 et
161 636 295 670 nnmdis
321 636 417 669 clara
445 635 640 677 videbatur,
668 639 701 669 et
728 635 819 680 quod
851 635 992 669 inlirmis
1020 636 1128 670 dabat
1154 637 1336 670 sanitatem
1365 639 1398 670 et
1424 634 1487 669 ad-

100 702 282 736 orantibus
307 711 440 736 crnc-em
463 701 617 747 angebat
635 701 867 736 devotionem.
917 701 1000 735 Post
1018 701 1083 735 hoc
1102 706 1213 736 autem
1236 701 1486 747 Longobardis

100 767 154 802 his
179 767 318 813 quidam
352 778 414 801 rex
445 771 631 811 praeerat,
668 768 805 801 nomine
833 766 1022 808 Albanius,
1057 769 1109 801 vir
1143 767 1279 813 quidem
1316 766 1418 801 sortis
1454 770 1488 801 et

100 837 284 875 strenuus,
322 834 380 878 qui
413 842 487 867 cum
521 844 606 878 rege
633 832 904 867 Gebidaniorum
935 832 1103 876 proelium
1130 844 1257 877 gerens
1284 834 1359 877 ejus
1386 844 1486 867 exer-

100 900 204 934 citum
248 900 412 933 contrivit
453 904 487 933 et
533 909 648 943 regem
692 898 876 932 interfecit.
935 898 1156 941 Quapropter
1191 899 1281 931 lilius
1317 898 1487 942 praedicti

79 950 198 1011 *regis
233 966 359 1006 occisi,
397 967 456 1010 qui
489 964 556 998 sibi
594 965 627 997 in
663 973 803 1007 regnum
841 969 1083 1004 successerat,
1120 964 1153 996 in
1184 963 1349 998 ultionem
1376 964 1487 1007 patris

101 1032 155 1065 sui
181 1034 303 1064 contra
327 1030 511 1065 Albuinuin
541 1040 643 1063 manu
667 1034 801 1063 armata
835 1029 973 1063 sortiter
999 1030 1183 1073 processit.
1234 1030 1363 1063 Contra
1388 1040 1487 1074 quem

101 1095 272 1130 Albuinus
299 1097 484 1130 exercitum
511 1106 608 1129 snum
635 1096 739 1128 movit
765 1098 798 1128 et
830 1096 939 1138 ipsum
966 1105 1137 1138 superans
1166 1095 1341 1129 interfecit
1367 1094 1488 1128 liliam-

101 1172 169 1207 que
195 1171 315 1202 suam,
366 1163 503 1196 nomine
530 1160 798 1201 Rosimundam,
837 1162 1010 1204 captivam
1039 1159 1167 1194 ducens
1196 1162 1229 1193 in
1256 1170 1397 1194 uxorem
1427 1170 1486 1194 ae>-

100 1228 206 1272 cepit‚
233 1226 296 1262 sed
316 1231 350 1262 et
367 1227 408 1262 de
428 1230 541 1272 capite
563 1229 672 1271 ipsius
692 1228 787 1272 regis
806 1226 873 1260 sibi
899 1236 1019 1270 cupam
1040 1227 1190 1270 paravit,
1220 1236 1320 1270 quam
1341 1230 1488 1271 argento

103 1293 363 1328 circumducens
394 1293 474 1327 inde
496 1293 653 1328 bibebat.
701 1291 736 1326 In
757 1293 826 1326 illis
845 1297 959 1326 autem
979 1292 1103 1326 diebus
1120 1291 1278 1327 Justinus
1294 1293 1405 1325 minor
1426 1293 1488 1325 im-

103 1360 234 1403 perium
257 1358 493 1404 gubernabat,
513 1360 572 1403 qui
591 1358 760 1404 quendam
781 1357 1014 1401 ³)eunnclinni
1037 1359 1225 1402 principem
1247 1357 1414 1400 habebat,
1431 1360 1490 1403 qui

102 1424 284 1458 dicebatur
307 1423 459 1465 Narses,
494 1426 601 1458 virum
630 1424 800 1469 (piendam
828 1424 978 1458 nobilem
1004 1428 1037 1458 et
1064 1428 1261 1465 strenuuin,
1285 1425 1343 1468 qui
1367 1427 1489 1457 contra

104 1489 256 1531 Gothos,
288 1491 345 1534 qni
379 1493 486 1523 totam
520 1490 654 1524 ltaliam
690 1492 911 1532 invaserant,
948 1489 1142 1534 procedens
1175 1491 1273 1533 ipsos
1311 1490 1491 1533 superavit

103 1559 138 1590 et
160 1566 276 1601 regem
299 1557 333 1597 ⁴)
346 1553 537 1589 Gothorum
558 1556 684 1590 occidit
703 1560 736 1590 et
755 1558 951 1590 universam
977 1555 1111 1589 Italiam
1139 1559 1297 1599 pacatam
1326 1554 1490 1596 reddidit,

104 1623 162 1667 qui
195 1632 258 1665 pro
294 1622 429 1665 magnis
464 1621 646 1655 beneliciis
681 1632 839 1667 magnam
881 1621 1044 1655 invidiam
1080 1620 1223 1665 pertulit
1257 1631 1277 1655 a
1312 1620 1492 1657 Romanis,

105 1687 328 1730 Quapropter
347 1685 437 1729 apud
459 1687 703 1730 imperatorem
726 1687 816 1721 l'also
839 1692 1025 1721 aecusatus
1046 1697 1066 1720 a
1092 1686 1252 1730 praefato
1281 1687 1491 1730 imperatore

105 1751 285 1796 depositus
319 1756 382 1786 est.
432 1750 526 1785 Uxor
560 1763 698 1797 quoque
734 1755 977 1797 imperatoris,
1005 1754 1141 1786 nomine
1167 1752 1365 1796 ³)Sophia‚
1402 1752 1493 1786 hane

103 1817 345 1853 contumeliam
378 1817 446 1850 sibi
481 1818 594 1858 misit,
630 1819 723 1863 quod
755 1830 830 1854 euin
863 1830 937 1853 cum
965 1819 1103 1852 ancillis
1129 1820 1203 1852 suis
1240 1818 1371 1852 faceret
1395 1818 1493 1852 lilare

105 1888 140 1919 et
173 1884 327 1918 lanarum
362 1892 472 1928 pensa
505 1883 675 1919 dividere.
723 1884 779 1919 Ad
813 1884 899 1919 haec
935 1884 1041 1919 verba
1066 1883 1197 1918 Narses
1224 1883 1426 1928 respondit:
1461 1889 1494 1918 et

105 1959 172 1995 ego
197 1948 301 1984 talem
325 1949 427 1983 telam
453 1949 518 1983 tibi
544 1949 652 1984 ordiri
679 1951 897 1994 procurabo,
935 1961 1056 1995 quam,
1092 1950 1204 1984 donee
1241 1951 1392 1991 vixeris,
1432 1949 1494 1984 de-

107 2025 236 2059 ponere
261 2024 330 2048 non
356 2014 504 2050 valebis,
551 2014 733 2059 Neapolim
759 2018 868 2061 igitur
893 2016 1023 2050 Nat-ses
1052 2015 1220 2050 secedens
1245 2014 1494 2059 Longobardis

107 2078 301 2120 mandavit,
339 2083 376 2112 nt
407 2080 630 2122 pauperrima
663 2079 864 2114 Pannoniae
900 2091 981 2115 rura
1012 2080 1219 2114 desererent
1244 2083 1278 2113 et
1303 2079 1348 2112 ad
1371 2078 1495 2114 Italiae

98 2145 224 2179 ‘fertile
269 2144 380 2178 solnm
421 2145 670 2189 possidendum
712 2146 938 2180 confluerent.
1007 2144 1108 2184 Quod
1143 2144 1315 2179 Albninus
1349 2144 1495 2178 audiens

107 2210 320 2245 Pannoniam
351 2209 508 2245 deseruit
535 2215 568 2245 et
599 2221 689 2245 anno
722 2212 764 2245 ab
793 2213 1033 2246 incarnatione
1059 2211 1189 2244 domini
1215 2211 1495 2255 quingentesimo

107 2277 329 2320 sexagesimo
347 2280 471 2310 octavo
492 2276 829 2322 cumLongobardis
850 2276 984 2311 ltaliam
1005 2278 1156 2311 intravit.
1182 2275 1267 2310 Erat
1281 2280 1394 2310 autem
1414 2286 1496 2310 con-

109 2340 257 2375 suetudo
277 2351 395 2375 eorum
416 2341 543 2388 longas
561 2342 661 2377 valde
678 2342 810 2376 barbas
833 2346 986 2387 portare.
1029 2341 1126 2377 Unde
1150 2352 1223 2376 cum
1244 2341 1391 2386 quadam
1410 2342 1496 2383 viee,

109 2409 148 2440 ut
171 2406 287 2450 aJunt,
314 2406 557 2450 exploratores
584 2408 628 2442 ad
655 2418 716 2443 eos
743 2410 860 2443 venire
883 2408 1072 2450 deberent,
1104 2408 1285 2452 praecepit
1311 2405 1496 2448 Albuinus,

110 2474 147 2505 ut
171 2480 290 2505 omnes
316 2471 478 2506 mulieres
511 2472 646 2507 solutos
681 2475 796 2508 crines
821 2475 915 2508 cirea
940 2477 1088 2508 mentum
1112 2471 1429 2514 circumducerent,
1461 2475 1498 2506 nt

180 2594 208 2626 1)
228 2592 281 2621 Ed,
300 2596 343 2619 Pr.
364 2600 417 2627 pro
437 2600 527 2619 voce.
548 2592 801 2619 substantiae
820 2591 904 2619 offert
925 2592 1070 2627 specie.
1166 2594 1195 2625 2)
1215 2591 1266 2620 Ed.
1289 2596 1330 2619 Fr.
1351 2591 1497 2624 sigilli-

112 2637 259 2665 bertus.
378 2638 407 2670 3)
425 2640 553 2664 Vocem:
575 2646 671 2663 ennu
683 2637 786 2663 chum
806 2636 916 2664 omittit
937 2637 988 2664 Ed.
1009 2641 1051 2665 Pr.
1156 2638 1184 2670 4)
1203 2637 1262 2664 Alii
1283 2636 1400 2670 legunt:
1429 2645 1497 2664 eo—

114 2691 191 2709 rum
210 2681 386 2712 Attilam.
489 2680 610 2715 matii:
638 2681 817 2716 Saplrina.
