1742 3005
184 74 259 111 104
508 76 602 123 Cap.
636 74 737 112 XXI.
807 74 865 112 De
897 80 1027 112 sancto
1058 73 1235 111 Antonio.

736 302 859 365 cAP.
911 302 1028 365 xxl.

525 404 624 448 De
665 404 885 448 sancto
926 402 1228 448 Antonio.

276 510 447 545 Antonius
473 510 599 546 dicitur
621 511 665 546 ab
691 521 771 553 ana,
799 511 890 557 quod
919 515 972 546 est
997 521 1146 554 sursum,
1174 514 1208 546 et
1232 514 1365 552 tenens,
1394 511 1495 555 quasi
1517 520 1573 544 su-

188 585 296 619 perna
321 578 442 612 tenens
466 580 500 611 et
525 576 697 611 mundana
721 576 929 622 despiciens.
962 576 1131 622 Despexit
1156 579 1268 611 autem
1295 574 1467 617 mundum,
1495 575 1576 620 quia

188 640 393 685 immundus,
419 643 606 688 inquietus,
635 644 872 684 transitorius,
900 641 1116 687 deceptivus,
1143 651 1293 676 amarus,
1341 640 1391 675 De
1416 639 1470 675 his
1496 640 1577 674 dicit

192 705 428 751 Augustinus:
451 719 470 741 o
498 707 622 742 munde
649 706 832 750 immunde,
858 707 940 752 quid
965 708 1187 752 perstrepis?
1214 705 1303 747 Quid
1331 709 1491 740 avertere
1518 715 1577 738 (το-τ

191 772 315 806 naris?
361 770 434 806 Nos
458 776 578 808 tenere
603 774 656 806 vis
684 771 849 817 fugiens?
897 771 987 812 Quid
1013 770 1161 813 sacereS,
1189 772 1217 805 si
1243 772 1431 805 maneres?
1471 770 1577 810 Quem

190 845 259 869 non
284 835 465 881 deciperes
491 837 622 880 dulcis,
671 838 730 883 qui
755 846 892 872 amarus
927 836 1042 871 dulcia
1067 835 1232 870 alimenta
1256 835 1439 870 mentiris?
1494 833 1579 879 Ejus

192 902 295 935 vitam
322 901 533 938 Anastasius
558 904 711 948 scripsit.

304 970 342 1004 1.
376 967 549 1003 Antonius
585 978 659 1003 cum
694 968 759 1003 XX
797 972 891 1003 esset
924 978 1090 1003 annorum
1122 970 1157 1002 et
1191 965 1328 1000 audiret
1361 965 1432 1012 legi
1465 967 1498 1000 in
1524 975 1581 1001 ec—

193 1033 320 1067 clesia:
367 1034 398 1067 si
424 1034 475 1067 vis
507 1034 684 1078 perfectus
717 1044 816 1076 esse,
870 1033 959 1069 vade
987 1038 1021 1068 et
1055 1032 1165 1068 vende
1202 1032 1339 1074 omnia,
1392 1041 1482 1077 quae
1518 1031 1581 1065 ha-

193 1098 255 1132 bes
291 1101 327 1133 et
361 1097 407 1132 da
440 1099 673 1144 pauperihus,
724 1100 839 1134 omnia
870 1108 935 1133 sua
973 1098 1127 1133 vendens
1168 1095 1382 1141 pauperibus
1423 1098 1583 1142 erogavit

195 1167 230 1198 et
264 1165 474 1198 eremiticam
512 1166 617 1199 vitam
651 1164 760 1199 duxit.
832 1164 894 1200 Vir
926 1162 1194 1197 innumerabilia
1224 1161 1427 1196 daemonum
1468 1166 1582 1197 teuta-

196 1233 313 1265 menta
342 1231 516 1264 sustinuit.
590 1229 748 1270 Quadam
779 1232 854 1264 vice
886 1229 964 1263 dum
997 1229 1155 1273 spiritum
1191 1227 1432 1262 fornicationis
1456 1229 1584 1262 virtute

196 1295 277 1330 fidei
302 1299 527 1340 superasset,
576 1294 746 1340 dyabolus
772 1297 805 1329 in
832 1295 949 1340 specie
973 1294 1073 1339 pueri
1098 1293 1191 1339 nigri
1218 1296 1298 1327 ante
1325 1302 1400 1326 eum
1426 1296 1584 1337 prostra-

198 1364 253 1396 tus
297 1362 464 1406 apparuit
496 1364 531 1396 et
563 1370 601 1395 se
637 1360 681 1394 ab
717 1371 759 1395 eo
801 1361 925 1395 victum
970 1359 1154 1395 confessus
1195 1361 1261 1393 est.
1331 1357 1416 1392 Nam
1453 1362 1487 1393 et
1519 1357 1584 1393 hoc

199 1426 362 1472 precibus
394 1427 616 1471 impetravit,
667 1429 704 1460 ut
737 1425 873 1461 videret
906 1425 1148 1459 fornicationis
1174 1423 1375 1458 daemonem
1397 1422 1586 1470 juvenibus

199 1492 440 1527 insidiantem:
466 1502 566 1537 quem
592 1501 665 1526 cuin
691 1492 725 1525 in
750 1490 933 1536 praedicta
957 1490 1070 1524 forma
1093 1489 1253 1532 vidisset,
1280 1488 1387 1523 dixit:
1419 1489 1588 1541 vilissima

201 1557 283 1592 mihi
310 1558 507 1603 apparuisti
531 1558 661 1601 specie,
685 1560 720 1592 te
748 1556 840 1591 ultra
865 1567 933 1590 non
958 1555 1098 1590 timebo.
1147 1554 1229 1589 Alia
1249 1555 1325 1589 vice
1351 1554 1429 1588 dum
1449 1555 1587 1600 inquo-

201 1623 279 1658 dam
304 1623 435 1657 tumulo
457 1622 627 1663 latitaret,
652 1620 834 1655 multitudo
849 1620 1052 1656 daemonum
1077 1631 1153 1656 eum
1179 1619 1268 1655 adeo
1283 1619 1466 1662 laceravit,
1495 1619 1588 1665 quod

200 1691 358 1723 minister
381 1690 457 1735 eJus
484 1688 586 1733 quasi
611 1690 780 1721 mortuum
805 1698 880 1722 eum
905 1688 1058 1732 propriis
1084 1686 1235 1721 humeris
1259 1688 1472 1730 asportaret,
1496 1695 1588 1719 cum-

203 1765 269 1801 que
295 1764 370 1789 eum
396 1763 536 1795 omneS,
571 1753 629 1798 qui
655 1756 910 1794 convenerant,
950 1753 1051 1798 quasi
1076 1755 1245 1786 mortuum
1270 1751 1491 1796 plorassent,
1525 1749 1587 1784 do-

203 1819 352 1855 lentibus
384 1821 516 1854 eunctis
549 1818 665 1853 subito
700 1818 873 1853 Antonius
909 1819 1087 1853 reviviscit
1120 1822 1155 1852 et
1180 1827 1202 1852 a
1227 1818 1385 1851 ministro
1418 1815 1463 1850 ad
1487 1826 1588 1861 prae-

203 1885 329 1920 dictum
359 1885 523 1919 tumulum
557 1894 595 1919 se
631 1886 753 1918 iterum
788 1885 923 1929 portari
959 1884 1052 1918 secit.
1126 1883 1190 1924 Qui
1224 1893 1299 1917 cuni
1323 1881 1372 1915 ibi
1399 1891 1442 1916 ex
1469 1881 1590 1916 dolore

205 1951 382 1985 vulnerum
410 1954 608 1996 prostratus
629 1950 786 1994 jaceret,
815 1959 857 1983 ex
884 1951 1012 1984 virtute
1033 1950 1137 1984 animi
1162 1948 1207 1983 ad
1230 1948 1424 1982 conflictum
1449 1947 1589 1982 daemo-

205 2027 266 2051 nes
295 2016 483 2051 excitabat.
555 2015 652 2050 Tunc
681 2015 730 2049 illi
756 2016 789 2048 in
822 2014 942 2049 formis
977 2015 1085 2049 variis
1122 2014 1273 2049 serarum
1298 2016 1536 2058 apparuerunt
1558 2016 1593 2047 et

205 2093 280 2116 eum
306 2083 429 2117 iterum
463 2081 645 2124 dentibus,
693 2079 857 2115 cornibus
884 2083 919 2115 et
951 2079 1124 2126 unguibus
1149 2079 1387 2114 crudelissime
1413 2079 1591 2113 lacerave-

207 2150 295 2181 runt.
367 2147 465 2182 Tunc
500 2147 616 2181 subito
653 2146 821 2191 splendor
855 2145 1025 2180 mirabilis
1059 2145 1107 2179 ibi
1141 2145 1305 2189 apparuit
1339 2147 1373 2178 et
1406 2143 1593 2178 daemones

205 2216 347 2246 cunctos
371 2212 519 2257 fugavit,
543 2213 715 2246 Antonius
736 2215 851 2245 autem
877 2212 1040 2244 continuo
1068 2213 1212 2244 sanatus
1237 2212 1301 2244 est.
1345 2207 1466 2254 Ibique
1494 2207 1587 2242 Chri-

207 2281 295 2311 stum
322 2276 447 2312 adesse
472 2276 673 2321 intelligens
700 2277 767 2309 ait:
803 2274 860 2309 ubi
887 2284 988 2317 eras,
1013 2274 1104 2309 bone
1128 2274 1243 2310 Jesu‘?
1268 2273 1327 2308 ubi
1353 2274 1461 2309 eras?
1487 2283 1595 2318 quare

209 2354 276 2377 non
302 2353 323 2377 a
347 2343 520 2387 principio
546 2341 642 2375 suisti
671 2339 738 2382 hic,
766 2343 803 2374 ut
826 2351 878 2374 me
903 2340 1092 2385 adjuvares
1118 2342 1153 2374 et
1177 2338 1324 2374 vulnera
1347 2349 1423 2374 mea
1437 2348 1594 2373 sanares.

210 2410 271 2443 (lui
297 2407 474 2442 dominus:
515 2407 664 2448 Antoni,
692 2404 746 2439 hic
771 2415 886 2447 eram,
921 2404 982 2440 sed
1008 2403 1255 2449 exspectabam
1281 2404 1400 2439 videre
1423 2407 1594 2439 certamen

212 2478 321 2507 tuum:
359 2482 446 2507 nunc
471 2475 584 2506 autem
600 2499 608 2513 ,
634 2472 716 2516 quia
741 2470 889 2505 viriliter
916 2470 1110 2512 dimicasti,
1142 2471 1175 2503 in
1202 2473 1276 2503 toto
1301 2468 1386 2503 orbe
1409 2472 1444 2504 te
1472 2468 1595 2502 faciam

212 2539 391 2572 nominari.
441 2536 545 2571 Tanti
574 2519 687 2571 autem
718 2535 868 2571 fervoris
893 2539 989 2578 erat,
1028 2534 1141 2581 quod,
1176 2544 1248 2569 eum
1278 2533 1510 2569 Maximianus
1537 2533 1597 2566 im-

211 2605 352 2646 perator
377 2601 587 2636 christianos
614 2601 808 2643 occideret,
845 2602 921 2645 ipse
946 2601 1106 2635 martires
1133 2599 1367 2644 sequebatur,
1394 2601 1431 2631 ut
1454 2608 1529 2631 cum
1557 2598 1600 2631 iis

213 2668 330 2701 martir
357 2667 428 2701 lieri
459 2671 662 2704 mereretur,
692 2670 723 2700 et
754 2666 974 2702 veliementer
999 2663 1215 2700 tristabatur.
1244 2673 1284 2697 eo
1313 2662 1405 2707 quod
1428 2663 1494 2697 sibi
1512 2672 1598 2697 mar-
