1742 3005
81 68 176 116 Cap.
201 66 349 104 CXXV.
405 66 464 102 De
494 65 748 103 decollatione
775 67 895 103 saneti
916 66 1101 104 Johannis
1127 67 1325 118 baptistae.
1383 66 1460 105 571

80 169 292 214 expelleret,
325 179 412 214 opus
445 169 672 215 philosophi,
707 180 775 203 non
808 170 1030 214 imperatoris
1065 171 1157 215 egit,
1194 173 1230 203 ut
1256 173 1368 204 autem
1404 168 1466 202 dee

80 235 236 270 traheret
264 239 369 280 atque
400 235 580 277 laudaret,
613 245 727 280 neque
759 234 962 279 philosophi
995 246 1107 280 neque
1140 236 1361 279 imperatoris
1389 234 1463 268 suit.

81 300 165 334 Dum
198 299 388 345 aliquando
420 299 579 335 Julianus
609 300 724 345 ydolis
759 300 988 342 sacrificaret,
1023 302 1058 335 in
1090 301 1285 335 visceribus
1320 300 1465 345 pecudis

82 365 279 401 immolatae
314 366 532 412 signaculum
568 367 680 400 crucis
713 376 844 400 corona
880 366 1124 400 circumdatum
1152 367 1264 400 eidem
1291 371 1465 400 ostensum

82 435 147 465 est.
197 430 296 470 Quod
319 432 466 465 ministri
487 431 643 465 videntes
661 432 859 471 timuerunt,
886 432 1158 474 interpretantes
1178 433 1291 465 crucis
1317 431 1466 464 suturam

82 497 259 538 unitatem,
285 498 465 531 victoriam
492 500 525 530 et
550 495 916 529 interminabilitatem.
967 494 1060 534 Quos
1080 494 1238 530 Julianus
1264 495 1467 529 confortans

82 562 151 604 ait,
177 561 245 596 hoc
271 572 350 596 esse
374 563 510 607 signum
540 561 722 595 christiani
756 560 930 606 dogmatis
964 561 1147 595 coercendi
1187 571 1251 595 nec
1286 560 1377 594 ultra
1399 561 1468 593 cir-

81 627 192 661 culum
229 626 411 661 dilatandi.
461 626 546 661 Dum
583 626 921 671 Constantinopolim
950 626 1127 661 Fortunae
1160 626 1321 661 Julianus
1354 626 1467 659 sacri-

83 692 220 734 ficaret,
252 691 364 726 Maris
397 694 585 737 episcopus
619 692 899 734 Chalcedoniae,
936 695 994 737 qui
1031 702 1115 737 prae
1149 696 1329 726 senectute
1353 691 1467 725 lumen

81 760 266 800 amiserat,
301 758 344 792 ad
379 769 454 793 eum
480 758 652 792 accedens
679 759 789 802 ipsum
816 760 953 802 impium
981 763 1015 793 et
1039 762 1236 803 apostatam
1263 756 1467 801 appellavit.

82 824 318 860 GuiJulianus
341 826 407 859 ait:
434 835 546 869 neque
562 822 740 859 Galilaeus
765 827 844 857 tuus
871 825 984 868 potuit
1008 828 1042 858 te
1070 834 1203 857 curare.
1252 822 1295 856 Et
1320 822 1397 856 ille:
1425 822 1468 856 de

81 889 147 924 hoc
178 892 314 935 gratias
349 900 417 936 ago
450 890 524 924 Deo
559 899 657 931 meo,
693 891 775 934 quia
809 889 888 923 ideo
922 890 1050 922 lumine
1078 900 1130 923 nie
1158 889 1331 933 privavit,
1366 890 1468 921 nete

82 955 217 991 videam
257 957 390 1001 pietate
430 955 605 989 nudatum.
666 954 825 989 Julianus
870 959 985 989 autem
1026 954 1074 988 nil
1114 953 1209 989 aliud
1248 953 1467 998 respondens

80 1022 269 1056 abscessit.
317 1021 420 1066 Apud
445 1020 662 1055 Antiochiam
699 1030 785 1054 vasa
811 1025 934 1054 sancta
968 1025 1001 1055 et
1027 1021 1136 1065 pallia
1165 1021 1338 1065 colligens
1369 1023 1402 1053 et
1434 1021 1468 1052 in

80 1092 175 1122 terra
199 1089 408 1132 projicienS,
442 1097 549 1131 super
583 1096 625 1121 ea
655 1086 748 1121 sedit
785 1091 818 1120 et
846 1087 1069 1132 ignominiam
1097 1086 1230 1120 addidit
1256 1096 1406 1130 moxque
1435 1087 1469 1119 in

80 1154 167 1188 locis
203 1145 273 1187 illis
306 1152 395 1187 adeo
431 1157 485 1188 est
510 1162 723 1198 percussus,
757 1157 793 1186 ut
828 1152 908 1187 inde
938 1162 1072 1186 vermes
1099 1153 1308 1186 scaturirent
1334 1156 1367 1186 et
1390 1162 1467 1185 car-

81 1229 142 1259 nes
168 1218 413 1261 corroderent3
438 1229 458 1253 a
484 1229 552 1264 qua
578 1220 764 1263 passione,
801 1229 982 1263 quousque
1010 1220 1113 1260 vixit,
1139 1218 1283 1253 liberari
1310 1229 1377 1252 non
1403 1229 1467 1262 po-

80 1286 158 1321 tuit.
205 1283 365 1320 Julianus
393 1296 531 1331 quoque
559 1285 778 1330 praefectus,
814 1284 892 1318 dum
919 1284 962 1318 ad
990 1288 1215 1329 praeceptum
1245 1285 1469 1329 imperatoris

81 1351 308 1386 ecclesiarum
341 1360 428 1385 vasa
455 1350 673 1392 abstulisset,
700 1360 807 1394 super
826 1360 868 1385 ea
888 1351 1045 1395 mingens
1065 1351 1133 1384 ait:
1163 1361 1258 1393 eece,
1283 1352 1316 1384 in
1344 1350 1469 1395 quibus

84 1418 178 1450 vasis
202 1415 340 1450 Mariae
365 1414 436 1449 filio
462 1417 690 1450 ministratur.
741 1415 803 1449 Cui
828 1420 971 1460 repente
996 1426 1035 1450 os
1062 1427 1198 1451 versum
1225 1421 1279 1451 est
1307 1418 1341 1449 in
1369 1426 1468 1449 anum

85 1486 119 1516 et
153 1482 348 1527 egestionis
383 1491 551 1527 organum
586 1486 640 1516 est
672 1481 811 1516 sactum.
859 1482 945 1516 Dum
983 1487 1148 1526 apostata
1185 1482 1345 1518 Julianus
1383 1480 1470 1514 For-

83 1552 189 1581 tunae
222 1547 386 1592 templum
422 1549 569 1583 intraret
602 1552 635 1583 et
668 1550 815 1582 ministri
847 1548 968 1593 templi
993 1559 1103 1593 aqua,
1138 1552 1175 1583 ut
1211 1547 1469 1588 inundarentur,

85 1613 324 1658 ingredientes
355 1613 628 1659 adspergerent,
663 1614 929 1649 Valentinianus
963 1615 1181 1658 aspersionis
1215 1617 1349 1659 guttam
1385 1612 1472 1647 vidit

86 1679 121 1712 in
157 1678 336 1724 chlamyde
369 1683 404 1714 et
436 1678 640 1725 indignatus
673 1690 790 1725 pugno
826 1681 1001 1724 percussit
1037 1681 1229 1714 ministrum
1256 1679 1395 1721 dicens,
1433 1688 1471 1712 se

85 1744 293 1779 maculatum
325 1746 441 1789 potius
475 1755 576 1790 quam
608 1749 807 1792 purgatum.
856 1745 955 1785 Quod
990 1746 1113 1780 videns
1147 1747 1337 1791 imperator
1363 1746 1473 1790 jussit

87 1820 163 1845 eum
209 1811 244 1844 in
286 1810 482 1845 custodiam
526 1811 642 1857 redigi
685 1816 719 1846 et
755 1811 798 1846 ad
841 1822 989 1847 eremum
1024 1811 1204 1846 destinari.
1264 1810 1350 1846 Erat
1384 1812 1473 1846 enim

86 1876 310 1918 christianus,
337 1878 395 1922 qui
420 1887 483 1922 pro
509 1876 670 1912 mercede
694 1879 820 1912 meruit
843 1878 1062 1922 postmodum
1080 1877 1124 1911 ad
1153 1879 1332 1922 imperinm
1361 1876 1473 1910 subli«

87 1943 183 1976 mari.
230 1941 268 1976 ln
293 1942 408 1976 odium
435 1954 575 1988 quoque
601 1943 871 1978 christianorum
892 1943 1053 1979 Julianus
1079 1945 1242 1989 templum
1261 1944 1473 1980 Judaeorum

83 2007 193 2052 jussit
215 2009 393 2050 reparari,
418 2009 507 2052 ipsis
530 2008 677 2043 Judaeis
706 2013 837 2042 sumtus
863 2009 1064 2054 largissime
1090 2011 1379 2051 subministi·anS‚
1412 2008 1474 2042 sed

89 2072 167 2105 dum
202 2073 384 2106 maximam
419 2074 587 2106 caementi
626 2074 764 2116 copiam
805 2073 1150 2117 subministrassent‚
1193 2076 1310 2109 subito
1351 2077 1475 2109 ventus

90 2138 257 2171 maximus
283 2139 425 2172 veniens
449 2141 557 2171 totam
585 2137 772 2182 dispersit3
799 2137 925 2173 deinde
950 2143 1065 2174 terrae
1089 2144 1202 2174 motus
1228 2142 1397 2175 maximus
1424 2142 1478 2174 est

91 2203 257 2246 effectus3
299 2202 521 2248 postmodum
554 2204 648 2248 ignis
680 2213 701 2238 a
727 2204 948 2239 fundamento
978 2205 1165 2251 egrediens
1199 2207 1366 2251 plurimos
1394 2216 1477 2240 eon-

90 2271 268 2304 eremavit.
315 2269 398 2304 Alia
429 2279 511 2304 vero
548 2268 605 2303 die
642 2270 778 2316 signum
813 2272 927 2305 crucis
964 2272 999 2304 in
1032 2271 1132 2306 coelo
1165 2274 1330 2318 apparuit
1354 2276 1389 2306 et
1413 2272 1476 2307 Ju-

92 2334 256 2369 daeorum
283 2338 399 2370 vestes
426 2336 528 2380 nigro
554 2336 672 2370 calore
698 2337 812 2370 crucis
848 2337 1033 2383 signaculo
1059 2342 1139 2372 sunt
1169 2338 1346 2383 impletae.
1396 2337 1478 2372 Cum

91 2400 136 2434 ad
167 2400 295 2434 Persas
331 2400 461 2435 vadens
496 2401 757 2447 Ctesiphontem
793 2404 947 2437 venisset
979 2407 1012 2438 et
1036 2414 1153 2449 regem
1181 2403 1380 2446 obsideret,
1417 2414 1479 2438 rex

92 2476 178 2501 suae
203 2468 340 2511 patriae
365 2470 498 2511 partem
524 2466 663 2510 obtulit,
691 2468 720 2502 si
746 2468 790 2501 ab
820 2478 861 2502 eo
890 2468 1099 2504 diseederet.
1147 2469 1210 2503 Ille
1229 2474 1343 2505 autem
1364 2469 1479 2504 nulla-

91 2536 192 2567 tenus
225 2533 416 2578 acquievit.
463 2533 613 2567 Putabat
648 2535 735 2568 enim
773 2533 960 2568 secundum
997 2534 1218 2581 Pythagorae
1251 2535 1478 2581 Platonisque

94 2599 299 2633 sententiam
325 2609 367 2634 ex
392 2600 582 2633 mutatione
613 2608 795 2643 corporum
820 2598 1010 2634 Alexandri
1037 2602 1184 2635 animam
1210 2601 1394 2646 possidere
1420 2605 1479 2635 aut

94 2665 209 2707 potius
235 2674 314 2699 esse
340 2666 374 2699 in
401 2664 471 2698 atio
496 2675 644 2709 corpore
669 2665 759 2699 alius
792 2664 1002 2701 Alexander.
1054 2666 1121 2702 Sed
1146 2667 1300 2712 jaculum
1336 2670 1478 2712 repente
