1742 3005
273 112 355 152 500
465 114 558 162 Cap.
596 111 747 148 cxvii.
809 111 865 147 De
898 117 1027 146 sancto
1059 111 1265 148 Laurentio
1298 111 1467 149 martire.

278 229 366 265 quos
409 227 540 251 omnem
580 217 694 260 ignem
731 215 938 249 exteriorem
976 217 1010 248 et
1044 214 1230 260 refrigerio
1264 217 1438 262 mitigavit
1476 221 1509 251 et
1541 217 1664 262 majori

275 284 413 319 ardoris
440 280 600 316 incendio
620 280 815 324 superavit.
864 278 1011 313 Primum
1032 288 1178 324 namque
1199 279 1419 325 refrigerium
1441 281 1506 316 fuit
1526 281 1667 317 deside-

276 351 363 383 rium
384 348 484 393 regni
498 346 678 387 eoelestis,
700 344 888 379 seeundum
908 343 1087 379 meditatio
1105 343 1244 379 divinae
1255 344 1359 390 legis,
1380 349 1518 381 tertium
1534 349 1669 392 puritas

279 413 525 448 eonscientiae.
574 411 640 446 Per
665 409 732 444 hoc
758 409 886 455 triplex
914 410 1137 456 refrigerium
1164 419 1296 444 omnem
1322 411 1436 456 ignem
1461 413 1668 446 exteriorem

280 480 458 525 exstingui
479 477 561 512 feeit
583 481 617 512 et
638 475 804 522 frigidum
826 475 994 512 reddidit.
1042 475 1091 509 De
1117 476 1228 520 primo
1257 475 1464 522 refrigerio,
1499 476 1592 522 quod
1619 481 1669 511 est

279 544 494 580 desiderium
519 542 685 577 coelestis
710 543 861 586 patriae,
895 540 1165 575 dieitMaximus
1186 540 1241 575 ve}
1259 540 1464 575 Ambrosius
1484 541 1670 576 seeundum

280 610 450 657 quosdam
467 609 596 642 libros:
616 618 728 653 neque
748 609 835 641 enim
854 606 978 641 beatus
990 606 1202 640 Laurentius
1216 608 1345 651 ignium
1360 608 1490 642 sentire
1500 610 1671 641 tormenta

279 680 438 721 poterat,
462 675 520 720 qui
548 675 580 707 in
607 672 770 707 sensibus
796 673 1016 718 refrigerium
1042 671 1198 716 paradisi
1225 672 1441 716 possidebat*
1490 671 1591 707 Item:
1613 673 1670 717 ja-

279 745 333 775 cet
358 744 439 774 ante
459 739 568 783 pedes
602 738 738 782 tyranni
767 741 891 771 exusta
922 747 1025 778 earo,
1060 747 1188 781 eorpus
1227 739 1406 780 exaniine;
1441 737 1528 771 nihii
1563 738 1670 772 detri-

280 806 386 840 menti
411 806 542 850 patitur
569 805 602 837 in
628 805 752 845 terris,
787 803 886 846 eujus
923 803 1057 835 animus
1083 801 1284 836 demoratur
1308 805 1342 836 in
1367 804 1489 840 coelis.
1539 803 1589 838 De
1615 814 1669 838 se>

279 870 392 906 eundo
428 869 638 915 refrigerio,
685 868 777 914 quod
823 872 876 902 est
916 866 1098 901 meditatio
1142 867 1235 912 legis
1285 867 1443 910 divinae,
1489 871 1540 903 sie
1587 869 1670 903 (licit

280 936 454 972 Maximus
482 935 537 970 vel
563 934 787 969 Ambrosius:
821 933 898 968 dum
936 932 1066 967 Christi
1100 933 1235 978 cogitat
1259 938 1471 979 praecepta,
1506 934 1670 980 frigidum

279 1006 335 1037 est
359 1001 411 1035 illi
433 1011 550 1042 omne,
589 1000 682 1046 quod
710 1001 851 1045 patitur.
901 999 952 1034 De
978 1000 1081 1034 tertio
1103 998 1310 1043 refrigerio,
1339 999 1431 1044 quod
1458 1004 1511 1034 est
1537 1001 1671 1045 puritas

282 1068 543 1109 eonscientiae,
578 1068 628 1100 sic
657 1066 760 1100 dicit:
799 1064 900 1099 ardet
933 1065 1091 1110 profecto
1125 1066 1208 1099 totis
1235 1065 1428 1100 visceribus
1460 1066 1671 1100 fortissimus

281 1133 402 1166 martir
419 1135 454 1166 et
470 1133 593 1174 uritur,
620 1130 684 1165 sed
709 1141 852 1176 regnum
878 1130 942 1165 Dei
967 1135 1186 1175 pertractans
1213 1130 1401 1176 refrigerio
1434 1132 1671 1166 eonscientiae

278 1199 393 1232 victor
425 1197 590 1234 exsultat.
638 1196 767 1231 Habuit
801 1195 1045 1239 nihilominus,
1085 1201 1121 1231 ut
1164 1196 1252 1230 idem
1288 1196 1461 1230 Maximus
1504 1196 1669 1236 ostendit,

278 1269 351 1298 tres
377 1264 478 1309 ignes
506 1263 712 1304 interiores,
752 1272 815 1307 per
846 1272 934 1307 quos
971 1273 1088 1297 omnes
1123 1264 1224 1308 ignes
1250 1264 1442 1297 exteriores
1468 1263 1593 1307 majori
1618 1264 1669 1296 in-

279 1329 404 1363 cendio
440 1329 633 1374 superavit.
680 1327 815 1362 Primus
850 1327 915 1362 fuit
958 1328 1038 1363 fidei
1077 1328 1298 1374 magnitudo,
1334 1327 1508 1362 secundus
1542 1328 1668 1363 ardens

279 1394 441 1437 dileetio,
472 1395 597 1429 tertius
624 1404 709 1428 vera
733 1394 797 1428 Dei
826 1395 1002 1440 cognitio,
1037 1404 1127 1439 quae
1152 1396 1264 1439 ipsum
1289 1393 1472 1428 irradiavit
1496 1397 1668 1439 tamquam

278 1461 383 1506 ignis.
432 1459 484 1494 De
510 1460 621 1504 primo
654 1460 735 1505 igue
763 1461 812 1494 sie
839 1459 923 1495 dicit
951 1460 1041 1496 idem
1062 1460 1114 1496 vel
1132 1459 1359 1495 Ambrosius:
1386 1460 1420 1493 in
1446 1463 1608 1504 quantum
1636 1461 1668 1493 in

280 1526 342 1560 iilo
377 1524 459 1560 fidei
491 1525 598 1559 ardor
625 1525 758 1569 fervet,
794 1527 828 1560 in
853 1529 984 1561 tantum
1011 1527 1176 1572 supplicii
1202 1526 1338 1560 flamma
1364 1525 1536 1571 frigescit.
1585 1524 1666 1561 Item

281 1601 358 1627 esse
384 1590 573 1624 salva-toris
600 1592 714 1635 ignem
746 1592 918 1627 fervorem
944 1592 1024 1627 fidei
1061 1593 1211 1639 legimus
1243 1593 1277 1625 in
1311 1592 1517 1637 evangelio:
1554 1593 1666 1637 ignem

279 1657 359 1692 veni
385 1658 522 1691 mittere
548 1657 582 1690 in
608 1660 734 1691 terras.
784 1657 856 1691 Hoc
882 1659 990 1704 igitur
1014 1660 1096 1705 igne
1123 1659 1248 1693 beatus
1267 1657 1478 1692 Laurentius
1499 1668 1666 1692 aecensus

278 1724 491 1757 flammarum
529 1732 597 1755 non
629 1723 740 1756 sensit
774 1723 981 1757 incendium.
1031 1724 1080 1758 De
1112 1724 1266 1759 secundo
1299 1725 1381 1769 igne
1412 1725 1463 1757 sic
1495 1725 1545 1757 ait
1576 1722 1665 1757 idem

230 1781 234 1783 “
277 1789 331 1824 vel
357 1787 584 1823 Ambrosius:
620 1787 768 1822 ardebat
803 1789 1022 1823 extrinsecus
1047 1790 1168 1822 martir
1192 1789 1404 1823 Laurentius
1425 1790 1561 1833 tyranni
1587 1798 1664 1823 sae-

277 1855 403 1888 vientis
422 1853 613 1894 incendiis,
647 1853 708 1888 sed
728 1855 841 1899 major
866 1854 962 1888 iilum
987 1855 1196 1888 intrinsecus
1220 1854 1351 1888 Christi
1370 1855 1499 1887 amoris
1529 1855 1663 1888 flamina

280 1918 452 1955 torrebat.
499 1918 550 1953 De
593 1920 698 1953 tertio
746 1921 827 1965 igne
870 1921 920 1954 sie
962 1920 1063 1954 dicit:
1106 1919 1331 1954 fortissimum
1375 1921 1549 1954 martirem
1584 1929 1663 1954 saw

277 1986 422 2018 vissima
446 1985 686 2028 persecutoris
715 1985 851 2019 ssannna
876 1995 1044 2030 superare
1078 1997 1144 2019 non
1177 1987 1311 2030 potuit,
1345 1986 1428 2030 quia
1465 1985 1570 2031 longe
1604 1994 1657 2019 ai*

276 2050 415 2084 (lentius
434 2051 593 2084 veritatis
620 2050 726 2084 radiis
745 2061 840 2084 mens
864 2051 940 2095 ejus
959 2060 1108 2085 aceensa
1128 2051 1300 2086 fervebat.
1348 2051 1449 2086 item:
1473 2050 1556 2085 odio
1582 2062 1661 2095 per--

276 2115 379 2149 fidiae
405 2119 439 2149 et
466 2125 584 2150 amore
610 2116 769 2150 veritatis
794 2106 962 2151 accensus
997 2118 1193 2161 appositam
1228 2117 1295 2151 sibi
1323 2118 1540 2152 extrinsecus
1566 2117 1662 2150 nam-⁴

273 2190 360 2214 mam
388 2184 449 2214 aut
476 2192 544 2215 non
569 2183 680 2216 sensit
704 2185 765 2214 aut
789 2182 885 2219 vicit.
932 2181 1044 2217 Habet
1071 2187 1185 2218 autem
1211 2184 1301 2218 inter
1319 2187 1479 2217 caeteros
1502 2172 1662 2217 martires

272 2246 484 2280 Laurentius
517 2247 586 2280 tria
618 2246 808 2292 privilegia
832 2252 994 2292 qnantum
1020 2248 1063 2282 ad
1091 2249 1253 2283 ostieium.
1301 2248 1447 2283 Primum
1473 2253 1526 2283 est
1551 2249 1584 2283 in
1610 2250 1660 2283 vi-

272 2311 377 2357 gilia,
421 2312 517 2345 solus
558 2313 646 2346 enim
689 2314 781 2346 inter
826 2314 986 2348 martires
1029 2314 1183 2360 vigiliam
1227 2313 1345 2351 habet.
1407 2314 1477 2349 Sed
1518 2315 1662 2360 vigiliae

273 2381 470 2411 sanctorum
506 2382 651 2425 propter
680 2378 804 2412 nmitas
837 2377 1124 2414 deordinationes
1160 2379 1265 2415 hodie
1297 2381 1330 2413 in
1362 2381 1500 2427 jejimia
1533 2384 1662 2414 mutata

272 2445 371 2483 sunt,
397 2452 471 2476 mos
497 2443 585 2477 enim
613 2443 677 2477 fuit
701 2444 782 2477 oiim
807 2446 869 2487 (nt
894 2444 1001 2479 refert
1023 2445 1202 2480 ,lohannes
1227 2445 1397 2488 Belem),
1433 2449 1470 2479 ut
1503 2447 1536 2479 in
1562 2445 1660 2479 festi-

273 2508 439 2542 vitatibus
464 2512 661 2542 sanetorum
689 2508 847 2544 homines
872 2520 946 2543 eum
974 2511 1142 2545 uxoribus
1169 2515 1204 2546 et
1241 2511 1380 2546 filiabus
1414 2513 1446 2544 in
1474 2510 1660 2545 eeclesiam

274 2573 431 2606 venirent
456 2577 489 2608 et
516 2573 562 2606 ibi
589 2584 662 2608 cum
691 2568 919 2609 luminaribus
945 2581 1203 2619 pernoctarent,
1231 2577 1292 2612 sed
1320 2578 1401 2622 quia
1426 2575 1533 2609 multa
1558 2575 1660 2610 adui-

269 2637 358 2669 teria
394 2638 426 2669 iu
456 2637 510 2671 bis
548 2639 680 2683 vigiliis
719 2639 865 2677 fiebant,
905 2644 1069 2675 statutum
1113 2642 1196 2684 fuit,
1236 2646 1272 2676 ut
1298 2641 1439 2686 vigiliae
1464 2641 1498 2673 in
1521 2641 1662 2685 jejunia

265 2703 566 2742 «›urertei·entin·‚
595 2713 717 2739 nomen
745 2709 857 2741 tamen
882 2707 1059 2751 antiquum
1086 2711 1138 2742 est
1173 2711 1362 2747 retentum,
1400 2707 1480 2751 quia
1508 2717 1573 2742 nou
1600 2708 1657 2751 je-
