1742 3005
273 142 323 177 ὑὶ
584 142 677 188 (sap.
713 138 809 174 i'lll.
881 138 936 175 De
970 149 1096 176 sancto
1130 139 1339 189 Stephane.

274 251 407 284 liariter
435 248 568 280 locutus
599 227 670 278 fuu'.
742 242 965 278 Postmodum
1002 249 1144 278 excusat
1171 256 1208 279 se
1236 246 1278 279 de
1302 247 1406 280 tertia
1432 244 1662 290 blasphemia,

274 326 362 360 qnae
397 316 470 345 erai
507 313 537 344 in
573 310 705 355 legem,
757 311 867 352 ipsam
903 307 1087 351 tripliciter
1121 310 1413 352 commendando,
1463 311 1594 345 scilicet
1621 321 1662 345 ex

275 382 408 415 ratione
436 377 571 413 dantis,
621 377 677 420 qui
709 376 771 408 t'uit
799 373 913 414 neus,
965 384 1006 407 ex
1040 375 1174 409 ratione
1211 376 1460 418 ministrantis,
1516 379 1572 421 qui
1601 375 1663 408 fnit

274 446 414 488 *boses
444 441 522 475 talis
550 447 583 476 et
608 445 745 482 tantus,
786 445 819 474 et
844 449 886 472 ex
914 440 1049 473 ratione
1075 439 1172 481 linis,
1203 441 1284 484 quia
1311 440 1369 474 dat
1396 442 1511 474 vitani.
1561 440 1661 475 Post-

272 510 373 545 niodo
401 509 517 553 coepit
541 518 578 542 se
606 517 759 551 purgare
786 506 828 540 de
856 509 980 549 quarta
1006 505 1237 550 blasphemia,
1268 516 1358 550 quae
1382 511 1458 540 erat
1484 507 1518 538 in
1543 504 1660 540 taber-

271 575 429 611 naculum
455 578 489 608 et
514 575 546 606 in
573 572 749 617 templum,
776 573 887 616 ipsum
913 570 1174 606 tabernaculum
1203 572 1479 617 quadrupliciter
1491 582 1662 606 commen-

272 641 408 683 dando,
444 639 575 673 scilicet
604 637 696 683 quod
723 638 784 670 fuit
812 647 832 670 a
857 636 929 671 Deo
952 642 1198 681 praeceptum,
1227 638 1300 672 lieri
1324 639 1354 670 in
1386 638 1519 671 visione
1545 640 1663 671 osten-

270 718 343 742 sum
371 716 392 739 a
417 705 540 750 Moyse
566 707 835 738 consnnnnatlnn
861 706 894 736 ct
919 712 998 737 arce
1020 705 1207 737 testimonii
1236 704 1481 738 contentivam
1558 701 1658 736 Tem-

270 773 363 818 plum
396 774 510 805 autem
546 769 635 803 dixit
667 768 894 802 tabernaculo
930 770 1155 803 successisse.
1229 770 1285 803 Sic
1318 779 1403 814 ergo
1434 767 1557 802 beatus
1583 767 1661 802 Ste-

270 838 406 884 phanus
432 836 571 870 crimine
598 833 664 868 sibi
692 833 830 878 objecto
858 832 1119 868 rationabiliter
1143 845 1180 870 se
1208 835 1383 879 purgavit.
1400 854 1443 858 -—
1461 852 1501 857 ——
1530 837 1572 870 3,
1601 832 1659 867 Vi-

269 905 390 939 dentes
415 903 522 948 igitur
545 900 690 941 Judaei,
728 898 820 944 quod
845 908 908 932 nec
934 900 967 932 in
993 900 1061 933 isto
1088 900 1239 935 secundo
1265 899 1367 933 niodo
1394 910 1469 934 eum
1493 910 1661 944 superare

271 970 448 1010 valerent,
499 968 633 1001 tertium
672 964 808 999 niodum
835 969 1015 998 assumunt
1041 970 1073 999 et
1099 968 1236 1000 tertiani
1262 976 1413 1011 pugnam
1440 967 1575 1007 ineunt,
1626 970 1662 998 ut

270 1035 403 1071 scilicet
428 1033 551 1068 saltem
576 1032 755 1066 tormentis
784 1034 817 1065 et
842 1030 1025 1075 suppliciis
1052 1042 1127 1065 enin
1155 1035 1374 1076 superarent.
1422 1031 1521 1071 Quod
1548 1036 1584 1065 ut
1611 1032 1660 1065 vi-

270 1101 320 1135 dit
343 1099 466 1133 beatus
495 1097 708 1142 Stephanus,
748 1096 866 1130 volens
893 1101 1115 1141 praeceptum
1144 1097 1349 1131 dominicum
1376 1096 1418 1131 de
1448 1099 1479 1139 ¹)
1504 1097 1661 1131 fraterna

268 1166 484 1200 correctione
520 1173 682 1204 servare,
733 1161 843 1196 tribus
876 1162 987 1196 modis
1022 1173 1082 1196 eos
1118 1167 1263 1197 conatus
1300 1167 1351 1197 est
1378 1163 1555 1207 corrigere
1581 1167 1615 1197 et
1640 1174 1661 1196 a

269 1235 367 1266 tanta
392 1229 525 1263 malitia
552 1228 737 1269 cohibere,
788 1228 919 1262 scilicet
946 1228 1101 1272 pudore,
1150 1230 1273 1262 timore
1299 1232 1333 1262 et
1359 1238 1488 1263 amore.
1544 1228 1659 1263 Primo

271 1297 422 1342 pudore,
473 1296 549 1340 ejus
587 1295 748 1328 duritiam
786 1294 901 1328 cordis
937 1298 971 1328 et
1006 1299 1203 1328 sanctoruni
1234 1304 1350 1329 necem
1378 1287 1659 1339 improperando.

271 1364 378 1404 Dura,
402 1362 526 1405 inquit,
554 1361 689 1394 eerxice
715 1364 747 1393 et
775 1362 809 1393 ln
835 1361 1044 1393 circumcisis
1072 1360 1237 1394 cordibus
1262 1364 1295 1394 et
1319 1359 1461 1394 auribus
1490 1371 1550 1393 vos
1569 1370 1659 1395 sene

269 1440 333 1474 per
357 1427 495 1472 spiritui
534 1429 655 1459 sancto
693 1426 894 1467 restitistiS,
947 1426 1036 1459 sicut
1067 1430 1100 1459 et
1127 1430 1245 1471 patres
1272 1427 1400 1467 vestri,
1453 1428 1499 1460 ita
1525 1430 1559 1460 et
1585 1437 1658 1461 vos.

270 1496 377 1535 Quem
403 1493 492 1527 enim
519 1491 766 1536 prophetarum
793 1496 912 1536 patres
938 1493 1046 1526 vestri
1074 1503 1142 1525 non
1168 1496 1247 1526 sunt
1272 1495 1473 1536 persecuti?
1508 1497 1543 1528 et
1568 1495 1657 1527 occi

270 1562 394 1595 derunt
418 1570 502 1595 eos,
539 1559 595 1603 qui
622 1556 897 1602 pronuntiabant
929 1556 971 1591 de
997 1557 1148 1591 adventu
1168 1559 1268 1602 Justi.
1340 1557 1427 1597 Ubi,
1461 1561 1549 1592 sieut
1577 1559 1659 1593 dicit

269 1626 415 1666 Glossa,
457 1628 527 1658 tres
553 1622 685 1667 gradus
711 1622 866 1657 malitiae
893 1633 1009 1657 eorum
1037 1624 1146 1667 ponit.
1194 1622 1329 1657 Primus
1354 1627 1427 1665 est,
1467 1625 1559 1669 quod
1585 1627 1658 1669 spi-

270 1693 348 1726 ritui
378 1694 499 1724 sancto
535 1689 748 1722 restiterunt.
818 1688 996 1722 Secundus
1023 1693 1095 1723 est:
1139 1688 1330 1734 prophetas
1367 1692 1541 1734 persecuti
1567 1695 1657 1724 sunt.

268 1757 410 1792 Tertius
435 1759 507 1789 est:
554 1757 731 1788 crescente
757 1753 887 1788 malitia
915 1765 976 1789 eos
1004 1754 1213 1788 occiderunt.
1289 1755 1429 1789 Scilicet
1454 1756 1536 1799 quia
1562 1756 1657 1789 srons

267 1823 420 1858 mulieris
451 1821 642 1856 meretricis
682 1820 774 1853 facta
807 1824 881 1854 erat
918 1822 960 1854 iis
988 1825 1021 1854 et
1050 1820 1254 1855 nesciebant
1282 1819 1488 1856 erubescere
1518 1832 1581 1856 nec
1607 1823 1657 1855 sic

267 1901 286 1923 a
313 1892 479 1932 concepta
503 1886 636 1920 malitia
663 1885 879 1920 destiterunt.
941 1885 1045 1920 Innno
1071 1886 1253 1920 audientes
1278 1885 1364 1920 haec
1392 1886 1658 1921 dissecabantur

266 1954 429 1989 cordibus
456 1955 527 1987 suis
555 1956 587 1986 et
611 1951 805 1985 stridebant
832 1951 993 1985 dentibus
1022 1953 1055 1985 in
1081 1962 1167 1985 eum.
1216 1951 1435 1986 Postmodum
1463 1963 1549 1997 ergo
1577 1964 1654 1986 cor-

267 2021 356 2055 rexit
377 2030 437 2054 eos
465 2020 588 2052 timore
615 2028 678 2062 per
702 2017 766 2051 hoe
792 2017 937 2060 scilicet,
967 2018 1191 2063 quodJesuin
1219 2021 1366 2051 stantem
1395 2028 1415 2051 a
1436 2017 1568 2052 dextris
1595 2019 1655 2053 liei

267 2098 303 2120 se
334 2085 450 2119 videre
475 2083 664 2128 perhibuit⁷
691 2085 792 2127 quasi
818 2087 977 2127 paratum
1004 2094 1041 2118 se
1067 2083 1237 2129 adjuvare
1262 2088 1296 2117 et
1324 2083 1548 2118 adversarios
1573 2094 1654 2118 con-

266 2151 440 2185 demnare.
509 2150 591 2183 Cum
617 2150 706 2183 enim
732 2152 827 2183 esset
843 2148 1050 2200 'Stephanus
1076 2149 1198 2194 plenus
1221 2151 1347 2193 spiritu
1373 2154 1493 2184 saneto
1518 2151 1654 2184 intuens

264 2219 299 2250 in
325 2215 457 2250 coelum
485 2214 571 2248 vidit
594 2214 742 2259 gloriam
774 2214 835 2248 Dei
869 2219 903 2248 et
928 2216 997 2248 ait:
1046 2225 1124 2248 ecce-
1162 2214 1262 2248 video
1297 2214 1416 2248 coelos
1451 2220 1593 2259 apertos
1621 2220 1654 2250 et

265 2282 368 2315 lilium
398 2280 526 2313 dmnini
553 2283 700 2313 stantem
725 2288 746 2312 a
771 2278 903 2313 dextris
930 2281 1066 2313 virtutis
1096 2279 1170 2314 Dei.
1240 2280 1339 2314 Licet
1364 2281 1471 2325 igitur
1490 2282 1563 2326 Jani
1591 2293 1652 2325 pw

264 2347 348 2381 dore
374 2350 407 2381 et
434 2347 556 2379 timore
581 2345 773 2379 correxerit
799 2354 882 2385 eos,
933 2356 1000 2378 non
1036 2349 1148 2379 tumen
1175 2344 1287 2378 adhuc
1315 2344 1542 2387 destiterunt,
1592 2347 1652 2381 sed

264 2413 458 2447 deteriores
485 2420 585 2455 quani
613 2411 710 2455 prius
740 2410 886 2444 fuerunt.
920 2409 1163 2445 Exclamantes
1191 2412 1278 2445 enim
1305 2420 1390 2444 voce
1416 2421 1544 2455 magna
1571 2422 1653 2445 con-

265 2480 441 2512 tinuerunt
466 2486 568 2510 aures
595 2485 687 2510 suas,
761 2475 907 2510 Glossa:
956 2487 998 2510 ne
1033 2476 1332 2521 blasphemantem
1367 2475 1537 2510 audirent.
1609 2476 1653 2511 Εἰ,

266 2546 425 2586 impetum
455 2543 607 2576 fecerunt
634 2542 841 2575 unanimiter
869 2544 901 2576 in
927 2554 1003 2578 euin
1032 2547 1065 2577 et
1092 2543 1317 2587 projicientes
1345 2552 1419 2576 euni
1451 2546 1548 2575 extra
1567 2543 1653 2575 civi-

265 2612 366 2642 tatem
398 2606 614 2651 lapidabant.
687 2606 723 2641 In
761 2606 824 2640 lioc
859 2608 1045 2643 sccundnin
1081 2609 1191 2653 legem
1228 2618 1264 2642 se
1303 2617 1409 2652 agere
1437 2606 1650 2642 arbitrantes

331 2755 355 2778 Γπ
378 2752 426 2777 ljcl.
448 2755 490 2778 l'i‘.
512 2750 595 2778 miseri
619 2761 799 2786 superna,
