1742 3005
245 124 326 162 204
536 125 631 174 Cap.
667 123 803 161 XLlX.
865 123 925 161 De
956 131 1085 161 sancto
1117 123 1338 162 Benedicto.

242 239 307 273 per
332 226 482 261 membra
508 231 541 260 et
572 226 755 270 juncturas
793 226 962 271 dirumpi,
1002 227 1156 261 secundo
1191 227 1342 261 fustibus
1375 225 1494 266 caedi,
1532 226 1636 259 tertio

244 294 353 337 virgis
379 290 565 335 flagellari,
592 294 714 335 quarto
740 292 774 324 in
796 292 964 325 caminum
990 292 1135 337 ignitum
1154 293 1293 337 projici,
1319 303 1340 326 a
1358 303 1425 338 quo
1445 303 1508 336 per
1532 300 1635 326 sexa—

244 359 341 403 ginta
367 356 502 390 cubitos
530 357 622 401 ignis
652 357 772 389 exiens
799 366 860 390 sex
886 356 995 390 millia
1019 356 1255 401 ydolatrorum
1282 357 1422 399 occidit,
1447 359 1547 402 virgo
1573 367 1634 390 au-

244 429 311 457 tern
337 422 463 456 illaesa
488 423 520 455 in
548 423 629 466 igne
654 420 769 455 medio
795 421 996 455 ambulabat
1019 422 1082 463 ita,
1128 426 1164 455 ut
1191 423 1291 466 quasi
1326 433 1445 456 aurum
1469 422 1633 456 radiaret.

246 490 372 529 Quinto
398 486 627 522 candentibus
653 487 900 531 perforatoriis
926 488 1126 532 perforatur
1161 491 1194 521 et
1220 489 1271 521 sic
1298 498 1371 521 cum
1396 488 1548 521 martiris
1573 489 1634 521 tri-

245 555 351 600 pudio
375 554 515 588 transiit
542 564 605 597 per
631 552 785 597 gladium
812 554 857 587 ad
885 563 1058 587 eoronam.
1104 553 1220 588 Mater
1244 554 1375 598 optima
1400 553 1547 587 filiarum
1573 564 1635 597 op-

245 622 403 654 timarum
442 618 610 663 reliquias
639 629 713 651 cum
743 619 859 653 multis
888 619 1132 663 praesentibus
1160 619 1357 653 recondidit
1391 623 1425 652 et
1449 629 1555 663 super
1580 628 1636 652 se-

245 685 426 731 pulchrum
451 695 488 718 se
506 693 640 728 ponens
664 683 771 717 dixit:
799 684 973 722 desidero,
995 684 1088 718 tiliae
1108 685 1323 719 carissimae.
1347 684 1526 717 vobiscum
1548 693 1636 718 esse.

246 752 304 785 Sic
332 760 417 795 ergo
445 751 477 783 in
507 759 594 793 pace
621 749 785 793 migravit
819 753 851 783 et
886 749 928 783 al)
959 749 1179 783 adstantibus
1214 750 1351 794 sepulta
1389 754 1440 784 est
1469 760 1543 783 cum
1578 759 1636 782 ca—

244 816 394 850 rissimis
416 814 555 847 filiabus
581 816 703 847 sancta
729 812 874 857 Sophia,
904 824 992 859 quae
1021 825 1094 848 cum
1119 814 1259 859 singula
1278 825 1384 859 passa
1410 816 1522 849 suerat
1549 814 1637 848 filia-

246 892 318 915 rum
345 884 518 914 tormenta
546 883 579 914 et
604 878 683 913 ideo
713 879 791 924 plus
819 890 919 924 quam
945 881 1065 913 martir
1090 878 1164 913 snit.
1208 879 1383 914 Adrianus
1409 884 1521 914 autem
1546 883 1638 913 totus

246 946 462 990 putrefactus
490 946 657 979 emarcuit
684 944 851 979 confitens
879 946 1010 979 sanctis
1030 945 1096 979 Dei
1122 946 1251 991 injuste
1272 947 1418 991 injurias
1444 946 1614 981 intulisse-

707 1252 833 1313 GAP.
863 1252 1013 1313 xtlx.
1054 1251 1193 1316 (48.>;

562 1365 662 1408 De
694 1366 914 1407 sancto
943 1363 1316 1409 Benedieto.

336 1469 548 1504 Benedictus
569 1470 682 1505 dictus
711 1474 765 1505 est
789 1471 844 1505 vel
873 1472 954 1516 quia
978 1471 1085 1505 multa
1109 1470 1301 1511 benedixit,
1328 1471 1383 1505 vel
1408 1473 1489 1517 quia
1515 1473 1548 1506 in
1573 1471 1638 1507 hae

246 1537 315 1569 sita
339 1536 464 1569 multas
490 1536 756 1571 benedictiones
789 1536 932 1580 habuit,
974 1537 1029 1571 vel
1056 1538 1137 1582 quia
1164 1546 1282 1570 omnes
1315 1536 1570 1571 benedicebant
1595 1537 1638 1571 de

247 1612 311 1642 eo,
351 1600 403 1634 vel
438 1604 519 1645 quia
552 1607 729 1636 aeternam
761 1604 887 1637 meruit
921 1602 1201 1637 benedictionem
1225 1601 1367 1637 habere.
1427 1601 1512 1648 Ejus
1536 1604 1638 1636 vitani

245 1671 386 1700 sanctus
417 1666 609 1711 Gregorius
638 1670 792 1713 scripsit.

326 1736 355 1768 l.
385 1732 595 1768 Benedictus
623 1745 665 1768 ex
690 1734 818 1768 Nursia
842 1734 1023 1778 provincia
1048 1737 1144 1767 ortus
1179 1744 1253 1767 cum
1277 1732 1406 1768 Romae
1431 1733 1637 1768 liberalibus

244 1798 369 1832 studiis
393 1799 543 1833 traditus
570 1804 684 1841 essct,
712 1801 744 1833 in
771 1801 847 1844 ipsa
873 1800 926 1833 sui
956 1798 1102 1832 infantia
1126 1798 1247 1832 literas
1273 1799 1429 1833 deseruit
1456 1803 1489 1833 et
1515 1799 1635 1833 deser-

245 1868 311 1897 tum
337 1868 457 1908 petere
483 1864 650 1902 decrevit,
677 1876 776 1910 quem
803 1866 918 1899 nutrix
939 1874 1012 1906 sua,
1043 1874 1131 1909 quae
1153 1874 1226 1897 eum
1243 1866 1427 1898 tenerrime
1449 1864 1634 1909 diligebat,

243 1940 354 1974 usque
381 1931 414 1963 in
440 1931 609 1975 quendam
636 1930 767 1973 locum,
804 1932 860 1976 qui
896 1931 1023 1964 dicitur
1055 1929 1198 1971 Aeside,
1240 1933 1361 1963 secuta
1395 1934 1468 1971 est,
1504 1930 1563 1963 ubi
1592 1930 1635 1963 ad

242 1995 459 2039 purgandum
484 1998 634 2030 triticum
665 2000 780 2029 mutuo
808 1997 1031 2040 capisterium
1052 1996 1164 2041 petiit⁷
1193 1995 1255 2029 sed
1281 2006 1386 2039 super
1413 2005 1563 2029 mensam
1582 1997 1634 2029 iu-

244 2065 344 2094 caute
378 2072 509 2105 ponens
547 2072 619 2095 cum
661 2062 872 2103 corruisset,
921 2063 956 2095 in
991 2061 1126 2095 duabus
1165 2061 1324 2106 partibus
1359 2061 1505 2095 fractum
1537 2060 1633 2095 vidit.

244 2126 350 2165 Quam
376 2126 587 2161 Benedictus
622 2127 706 2161 flere
735 2124 956 2173 conspiciens
991 2132 1108 2173 partes
1145 2128 1325 2172 capisterii
1360 2128 1498 2171 accepit
1532 2129 1565 2161 et
1592 2126 1634 2160 ab

242 2193 402 2225 oratione
429 2204 578 2238 surgens
615 2194 752 2237 integre
792 2194 979 2228 solidatum
1015 2195 1155 2229 invenit.
1212 2191 1434 2227 Postmodum
1468 2193 1634 2225 nutricem

243 2257 379 2291 occulte
405 2258 544 2303 fugiens
571 2260 604 2291 in
631 2258 801 2303 quendam
826 2259 938 2293 locum
965 2261 1070 2301 venit,
1092 2260 1151 2293 ubi
1174 2258 1286 2292 tribus
1312 2259 1411 2291 annis
1438 2257 1634 2291 hominibus

244 2324 441 2369 incognitus
467 2325 615 2365 mansit,
656 2328 802 2368 excepto
838 2323 986 2368 quodam
1013 2324 1180 2359 monacho
1205 2323 1358 2358 Romano
1383 2324 1538 2364 nomine,
1576 2323 1634 2367 qui

243 2388 312 2422 sibi
336 2388 457 2423 sedule
484 2391 688 2423 necessaria
713 2390 944 2424 ministrabat.
994 2390 1076 2424 (Iuni
1103 2402 1186 2425 vero
1212 2389 1255 2423 ad
1278 2399 1419 2434 specum
1444 2399 1464 2422 a
1490 2386 1631 2422 Romani

242 2457 455 2489 monasterio
485 2457 552 2490 iter
577 2467 644 2490 non
671 2460 784 2497 esset,
811 2466 932 2500 panem
960 2457 992 2489 in
1018 2456 1224 2501 longissimo
1256 2455 1336 2489 sune
1361 2453 1496 2500 ligabat
1523 2458 1557 2488 et
1581 2453 1632 2487 sio

244 2531 317 2554 eum
346 2520 522 2565 deponere
561 2525 802 2555 consueverat.
860 2521 1145 2556 Tintinnabulum
1180 2523 1283 2556 etiam
1313 2521 1381 2565 ipsi
1416 2518 1543 2553 cordae
1578 2518 1629 2550 in-

243 2587 369 2626 seruit,
397 2591 433 2620 ut
458 2586 501 2620 ad
528 2588 604 2633 ejus
628 2588 778 2621 sonitum
804 2588 856 2622 vir
880 2587 943 2621 Dei
970 2591 1220 2634 cognosceret,
1248 2585 1384 2632 quando
1411 2584 1479 2618 sibi
1503 2582 1629 2617 Roma-

242 2660 306 2683 nus
335 2660 455 2694 panem
482 2652 690 2696 praeberet,
719 2664 817 2698 quem
845 2653 965 2687 exiens
993 2655 1180 2697 acciperet.
1229 2650 1297 2685 Sed
1330 2650 1491 2694 antiquus
1518 2648 1630 2682 hostis

244 2716 342 2749 unius
368 2717 504 2749 caritati
530 2721 561 2749 et
592 2717 735 2753 alterius
763 2718 922 2753 invidens
948 2718 1131 2753 refectioni
1157 2714 1308 2761 lapidem
1330 2714 1479 2759 jactavit
1504 2717 1539 2749 et
1562 2714 1628 2748 tin-
