1742 3005
345 108 440 159 Cap.
473 106 639 144 CXLIX.
701 106 760 144 De
800 112 929 143 sancto
962 104 1177 142 Francisoe,
1376 105 1452 146 671

69 215 180 250 servis
214 212 279 249 Dei
315 212 403 248 nihil
440 213 534 247 aliud
571 216 623 249 est
657 222 757 258 quam
794 211 963 258 dyabolus
1002 215 1036 247 et
1070 210 1215 247 coluber
1247 221 1455 252 venenosus,

70 280 151 315 Cum
178 279 290 315 frater
315 279 453 325 quidam
480 281 641 326 graviter
666 283 879 322 tentaretur,
917 279 1075 324 cogitare
1113 279 1245 323 eoepit,
1277 278 1390 323 quod,
1425 282 1456 315 si

68 345 212 392 aliquod
247 347 413 391 scriptum
449 345 491 381 de
528 356 629 380 manu
664 347 774 391 patris
807 346 976 388 haberet,
1011 346 1090 389 ipsa
1123 345 1283 388 protinus
1307 348 1456 381 tentatio

68 411 271 458 fugaretur,
308 411 371 447 sed
402 422 476 446 cum
510 423 579 447 rem
616 412 684 446 sibi
714 412 912 446 nullatcnus
938 411 1077 454 aperire
1103 409 1268 452 auderet,
1304 413 1456 457 quadam

67 480 143 513 vice
170 480 222 513 vir
246 478 310 513 Dei
336 480 475 513 vocavit
500 489 574 512 eum
602 477 739 512 dicens:
769 480 871 521 porta
895 475 998 517 mihi,
1023 474 1093 517 tili,
1119 474 1274 509 chartam
1300 481 1333 512 et
1357 483 1453 513 atra-

68 548 237 587 mentum,
264 546 346 589 quia
368 544 491 578 laudes
517 543 683 587 quasdam
711 542 775 576 Dei
801 542 956 576 seribere
981 541 1072 575 volo.
1123 540 1217 580 Quas
1245 552 1319 576 cum
1343 546 1454 589 scrip-

67 612 193 653 sisset,
228 612 297 644 ait:
332 610 451 654 accipe
485 608 641 642 chartam
673 607 762 642 lianc
797 611 831 642 et
864 618 974 653 usquc
1008 607 1052 641 ad
1094 606 1184 641 diem
1218 611 1340 643 mortis
1373 614 1454 645 tuae

66 676 246 710 custodias
289 675 491 720 diiigenter.
551 675 744 719 Statimque
787 675 898 708 omnis
938 675 1086 708 tentatio
1125 674 1169 707 ab
1212 685 1253 709 eo
1292 678 1452 712 recessit.

65 741 158 776 ldem
185 751 323 787 quoque
348 740 470 784 frater,
497 740 574 775 dum
602 745 743 775 sanctus
770 738 923 774 infirmus
944 741 1095 785 Jaceret‚
1125 742 1283 786 cogitare
1316 745 1452 787 coepit:

66 817 146 842 ecce
183 807 286 841 morti
323 808 585 852 appropinquat
621 811 721 851 pater
764 810 798 840 et
835 806 1121 851 quamplurimum
1156 808 1376 851 consolarer,
1422 811 1454 843 si

65 877 146 917 post
178 877 321 907 mortem
359 872 523 907 haberem
556 874 706 906 tunicam
741 874 853 917 patris
880 875 957 907 inei.
1005 872 1089 906 Post
1114 872 1282 907 modicum
1310 880 1452 910 sanctus

64 938 272 973 Franciscus
299 943 399 973 vocat
425 950 499 973 eum
527 938 662 973 dicens:
687 937 751 971 tihi
778 937 878 971 trado
897 939 1045 971 tunicam
1068 940 1169 972 istam
1196 943 1230 973 et
1255 944 1336 984 post
1361 951 1452 975 inor-

63 1010 129 1040 tcm
156 1015 264 1039 meam
291 1006 402 1050 ipsam
429 1005 561 1040 habeas
588 1004 691 1049 pleno
713 1005 804 1049 jure.
854 1003 936 1038 Cum
964 1003 1054 1048 apud
1081 1004 1330 1040 Alexandriam
1348 1005 1452 1041 Lom-

64 1071 210 1106 bardiae
237 1082 311 1105 cum
338 1071 486 1116 quodam
512 1070 661 1104 honesto
687 1071 762 1103 viro
787 1068 986 1115 hospitatus
1007 1070 1142 1113 suisset,
1169 1071 1213 1105 ab
1234 1082 1274 1106 eo
1291 1077 1450 1117 rogatur,

62 1142 100 1172 ut
130 1141 274 1182 propter
303 1137 479 1182 evangelii
515 1136 772 1171 observantiam
808 1136 851 1170 de
883 1137 975 1169 omni
1010 1139 1174 1182 apposito
1211 1138 1449 1174 manducaret.

64 1203 127 1244 Qui
153 1213 227 1237 cum
249 1204 325 1248 ejus
345 1201 523 1237 devotioni
544 1204 745 1245 assentiret,
774 1202 834 1236 iiie
854 1212 1040 1237 accurrens
1062 1213 1229 1248 caponem
1246 1208 1449 1249 septennem

61 1274 251 1315 praeparat
270 1268 558 1304 manducandum.
586 1268 883 1304 Manducantibus
906 1269 975 1302 iilis
997 1269 1146 1304 infidelis
1172 1270 1311 1316 quidam
1330 1281 1449 1306 amore

60 1335 122 1370 Dei
151 1335 374 1370 elemosinam
403 1337 516 1380 petiit.
564 1335 648 1370 Mox
683 1337 737 1369 vir
772 1335 835 1370 Dei
871 1346 995 1370 nomen
1029 1336 1177 1371 audiens
1213 1337 1447 1379 benedictum,

61 1401 245 1435 membrum
284 1401 352 1436 sibi
390 1403 594 1435 transmittit
626 1403 783 1446 caponiS.
830 1400 1000 1435 Reservat
1033 1402 1153 1437 ini'eiix
1188 1403 1304 1437 datum
1350 1408 1383 1438 et
1414 1406 1448 1438 in

60 1468 269 1508 crastinum,
295 1466 373 1500 dum
399 1471 541 1501 sanetus
568 1466 809 1511 praedicaret,
835 1468 990 1501 ostendit
1016 1467 1156 1502 dicens:
1192 1479 1295 1512 ecce,
1325 1471 1447 1515 quales

58 1542 180 1566 carnes
207 1532 356 1567 eomedit
382 1534 448 1568 iste
474 1533 602 1576 frater,
638 1543 738 1578 quem
772 1536 809 1567 ut
837 1538 992 1567 sanctum
1018 1533 1222 1575 honoratis,
1257 1544 1335 1568 nam
1362 1536 1446 1570 mihi

58 1598 177 1632 hocin
197 1607 278 1632 sero
305 1599 438 1634 tribuit.
489 1599 559 1633 Sed
589 1609 663 1633 cum
693 1599 880 1634 membrum
904 1601 1049 1643 caponis
1077 1600 1121 1633 ab
1148 1600 1306 1635 omnibus
1336 1603 1446 1646 piscis

56 1664 246 1706 videi-etur,
275 1664 367 1699 velut
388 1664 530 1699 insanus
551 1665 594 1699 ab
619 1667 710 1699 omni
739 1665 868 1710 populo
895 1667 1107 1710 increpatur.
1158 1666 1258 1705 Quod
1282 1678 1356 1701 eum
1384 1668 1446 1704 ille

57 1729 257 1772 didicisset,
290 1730 429 1764 erubuit
454 1734 488 1765 et
513 1733 646 1766 veniam
671 1730 864 1776 postulavit
892 1731 1142 1778 redieruntque
1167 1742 1290 1767 carnes
1319 1733 1362 1768 ad
1390 1736 1446 1769 sui

56 1798 226 1841 speciem,
264 1800 446 1841 postquam
479 1796 585 1831 rediit
616 1798 884 1842 praevaricator
907 1797 951 1831 ad
976 1802 1134 1833 mentem.
1182 1798 1268 1834 Dum
1296 1800 1457 1845 quadam

55 1863 129 1896 vice
145 1862 190 1896 ad
212 1872 363 1896 mensam
389 1862 530 1897 sederet
547 1866 581 1897 et
601 1862 643 1897 de
663 1867 874 1908 paupertate
892 1864 1019 1899 beatae
1046 1865 1194 1910 virginis
1220 1870 1253 1899 et
1281 1865 1341 1900 filii
1367 1868 1443 1912 ejus

54 1927 198 1962 collatio
220 1926 338 1970 fieret,
370 1930 531 1973 protinus
559 1930 610 1963 vir
626 1929 691 1964 Dei
712 1939 732 1964 a
748 1939 868 1964 mensa
887 1940 1037 1976 surgens
1057 1930 1232 1976 singultus
1254 1933 1445 1977 ingeminat

56 1992 242 2027 dolorosos
277 1997 311 2028 et
337 1994 502 2038 perfusus
529 1994 690 2039 lacrymis
719 2006 826 2040 super
850 1995 976 2030 nudam
1009 1996 1147 2031 humum
1181 1997 1353 2042 reliquum
1379 2008 1443 2043 pa-

53 2069 130 2094 nem
148 2057 344 2093 manducat.
393 2059 684 2094 Sacerdotalibus
704 2061 876 2104 manibus,
902 2062 1030 2106 quihus
1048 2062 1254 2096 conficiendi
1278 2062 1443 2096 dominici

53 2124 216 2168 corporis
243 2129 494 2160 sacramentum
522 2129 576 2159 est
599 2126 729 2160 collata
756 2129 937 2170 potestas,
971 2135 1131 2172 magnam
1164 2126 1308 2161 volebat
1342 2138 1442 2163 reve-

53 2190 200 2224 rentiam
226 2189 396 2225 exhiberi.
445 2189 542 2226 Unde
568 2195 602 2226 et
627 2201 734 2236 saepe
760 2191 916 2226 dicebat:
943 2192 974 2225 si
998 2195 1113 2226 autem
1135 2196 1256 2226 sancto
1281 2194 1440 2239 cuiquam

54 2255 97 2291 de
127 2254 229 2291 coelo
263 2257 416 2291 venienti
449 2260 484 2292 ct
516 2257 729 2302 pauperculo
760 2257 866 2292 alicui
909 2256 1089 2292 sacerdoti
1125 2268 1180 2294 ine
1221 2260 1441 2306 contingeret

53 2321 216 2363 obviare,
249 2320 294 2355 ad
318 2322 517 2357 sacerdotis
543 2333 664 2357 manus
696 2323 954 2358 deosculandas
979 2324 1082 2359 citius
1107 2334 1161 2359 me
1185 2324 1379 2360 conferrem
1406 2331 1441 2361 et

54 2389 174 2421 sancto
201 2385 367 2422 dicerem:
393 2392 563 2432 exspecta
589 2400 663 2432 me,
699 2393 819 2425 sancte
843 2390 1032 2433 Laurenti,
1063 2391 1146 2436 quia
1176 2400 1297 2425 manus
1333 2390 1437 2436 hujus

53 2450 195 2486 verbum
219 2453 314 2487 vitae
339 2457 557 2489 contrectant
583 2460 618 2489 et
641 2455 733 2489 ultra
756 2454 940 2490 humanum
964 2456 1098 2501 aliquid
1124 2456 1319 2501 possident.
1366 2456 1436 2491 Mi-

53 2517 180 2552 raeulis
204 2517 322 2553 multis
347 2519 382 2552 in
406 2519 478 2554 vita
502 2519 639 2562 claruit,
666 2530 743 2555 nam
769 2530 878 2566 panes
906 2523 939 2556 ei
964 2521 1010 2556 ad
1034 2520 1308 2556 benedicendum
1327 2521 1437 2557 oblati

51 2583 166 2618 multis
191 2583 334 2619 infirmis
359 2584 508 2620 attulere
533 2584 690 2620 salntem.
738 2586 873 2632 Aquam
901 2588 936 2621 in
961 2587 1075 2623 vinum
1098 2588 1271 2624 convcrtIt
1293 2591 1328 2624 ct
1352 2588 1434 2624 inde

52 2658 161 2695 aeger
192 2649 332 2695 quidam
361 2655 508 2697 gustans
540 2651 698 2696 protinus
734 2653 919 2688 sanitatem
952 2655 1103 2699 recepit,
1148 2657 1182 2689 et
1216 2653 1324 2689 multa
1360 2654 1433 2690 alia

52 2715 218 2750 miracula
249 2716 341 2752 fecit.
393 2717 474 2751 (Iuni
510 2727 592 2753 vcro
626 2717 670 2752 ad
706 2717 781 2753 dies
810 2719 882 2763 jam
916 2721 1214 2767 appropinquaret
1246 2725 1430 2766 extremos,
