1742 3005
360 101 457 151 Cap.
490 99 588 138 ΧΧΙ.
648 98 704 136 De
737 105 867 136 sancto
900 97 1073 135 Antonio.
1334 99 1410 137 107

21 208 112 241 lutus
137 208 216 241 ante
246 206 351 240 Deum
377 206 529 252 rogavit,
558 208 595 238 ut
621 204 770 238 futurum
797 203 910 238 scelus
936 205 1123 245 averteret,
1147 202 1314 237 fratribus
1331 214 1411 239 vero

20 283 125 318 super
157 271 221 306 hoc
253 282 329 307 eum
374 270 671 316 interrogantibus
703 280 777 304 eum
811 269 963 304 lae-rimis
996 272 1031 304 et
1063 268 1275 315 singultibus
1311 269 1411 313 dixit,

23 337 114 383 quod
141 337 332 372 inauditum
359 337 473 372 scelus
500 336 627 372 seculis
653 338 856 371 immineret.
905 335 1005 377 Vidi,
1043 336 1170 380 inquit,
1213 336 1325 370 altare
1349 336 1413 371 Dei

23 413 43 437 a
67 403 286 438 multitudine
317 404 350 448 ¹)
377 412 543 448 equorum
568 402 834 444 circumdatum,
879 403 937 447 qui
961 400 1115 435 calcibus
1142 403 1257 436 onmia
1283 401 1415 437 discer-

23 468 169 514 pebant:
209 479 337 515 niagno
363 469 453 503 enim
478 468 615 502 turbine
644 467 728 502 fides
753 466 927 501 catholica
952 465 1175 501 subvertetur
1199 472 1233 501 et
1258 467 1414 504 homines

20 537 188 581 Jumentis
213 535 344 570 similes
369 533 500 568 Christi
525 536 745 568 sacramenta
772 533 958 578 diripient,
986 531 1149 577 factaque
1176 536 1230 567 est
1257 544 1325 568 vox
1352 534 1413 569 do-

27 603 107 635 mini
132 600 271 636 dicens:
307 598 599 634 abominabuntur
625 599 737 634 altare
763 610 884 634 meum.
942 598 1027 634 Post
1051 599 1139 633 duos
1164 602 1279 634 autem
1306 610 1414 635 annos

26 665 284 712 erumpentibus
310 666 452 700 Arianis
479 664 648 700 ecclcsiae
675 666 838 700 unitatem
867 665 1064 706 sciderunt,
1115 663 1357 710 baptisterium
1383 672 1417 702 et

25 731 192 767 eeclesias
227 731 428 777 polluerunt
461 735 495 766 et
530 741 635 777 super
674 731 802 770 altaria
834 730 1044 766 christianos
1078 731 1122 765 ad
1159 733 1271 766 instar
1302 735 1415 767 ovium

25 801 274 833 mactaverunt.
300 819 345 824 -—
369 818 413 824 —
437 818 481 823 -
516 800 564 835 6.
590 796 666 832 Dux
701 797 840 843 quidam
873 797 1068 843 Aegyptius
1102 797 1254 832 Arianus
1280 800 1417 835 nomine

26 863 226 899 Ballaehius
251 875 325 899 cum
353 866 402 898 ita
427 863 609 899 ecelesiam
635 863 698 898 Dei
723 862 908 898 infestaret
932 867 965 898 et
990 864 1145 909 virgines
1174 867 1207 898 et
1230 864 1418 899 monachos

27 930 176 965 nudatos
200 930 339 976 publice
367 929 581 971 verberaret,
610 931 658 964 sic
684 931 714 964 ei
742 931 880 974 scripsit
906 930 1098 964 Antonius:
1128 929 1228 964 video
1254 932 1338 965 iram
1357 931 1416 967 Dei

28 1006 134 1041 super
158 1000 191 1031 te
218 998 429 1031 venientem:
453 997 526 1041 jam
553 994 672 1030 desine
700 997 863 1040 persequi
893 995 1118 1038 christianos,
1146 1006 1188 1031 ne
1213 998 1266 1030 ira
1294 997 1358 1033 Dei
1385 1003 1418 1033 te

28 1066 193 1107 occupet,
221 1063 279 1108 qni
304 1063 497 1108 proximum
523 1061 586 1096 tibi
613 1063 762 1096 minatur
790 1063 974 1096 interitum.
1022 1061 1149 1097 Infelix
1175 1062 1263 1108 legit
1287 1066 1419 1108 episto-

28 1127 115 1171 lam,
140 1129 251 1163 irrisit
276 1132 311 1164 et
334 1129 368 1162 in
392 1137 467 1163 eam
491 1130 526 1173 ²)
551 1137 740 1163 exsecrans
766 1127 811 1162 ad
837 1132 965 1163 terram
992 1129 1141 1173 proJeeit
1162 1138 1202 1163 ae
1229 1132 1420 1174 portitores

30 1192 235 1229 verberibus
268 1193 385 1228 multis
418 1194 574 1229 afficiens
610 1195 763 1229 Antonio
796 1194 884 1228 talia
908 1194 1141 1230 remandavit:
1191 1195 1330 1240 quando
1356 1198 1418 1231 tibi

30 1262 84 1294 est
106 1261 205 1295 talita
229 1269 314 1295 eura
340 1259 383 1295 de
408 1260 608 1303 monachis,
656 1260 701 1295 ad
726 1265 760 1296 te
787 1271 925 1306 quoque
961 1262 1143 1306 perveniet
1178 1263 1289 1295 nostri
1315 1262 1420 1297 disci-

30 1324 126 1369 plina
147 1327 290 1372 rigoriS.
352 1325 438 1361 Post
461 1329 614 1372 quinque
642 1331 755 1361 autem
783 1326 857 1360 dies
893 1336 1017 1371 equum
1049 1336 1145 1360 suum
1180 1329 1421 1362 mansuetissi-

31 1401 119 1425 mum
142 1391 298 1427 insidens
322 1402 440 1426 morsu
463 1394 574 1436 ipsius
598 1395 678 1438 eqni
704 1392 748 1426 ad
772 1396 899 1427 terram
922 1392 1107 1436 projicitur
1133 1397 1167 1426 et
1191 1395 1343 1428 corrosis
1369 1399 1422 1428 at-

33 1466 100 1502 que
123 1457 288 1491 laceratis
313 1457 472 1492 cruribus
497 1459 588 1491 intra
611 1457 761 1492 triduum
788 1458 993 1501 exspiravit.
1066 1458 1147 1492 Cum
1183 1459 1322 1504 quidam
1352 1461 1422 1495 sra-

32 1526 103 1556 tres
131 1522 270 1557 verbum
297 1522 421 1557 salutis
451 1522 495 1557 ab
523 1523 675 1557 Antonio
703 1523 973 1568 quaesivissent,
1001 1524 1050 1556 ait
1074 1523 1151 1558 ille:
1176 1525 1337 1560 audiistis
1361 1527 1419 1560 dov

34 1589 158 1622 minum
172 1588 342 1624 dicentem
356 1615 365 1630 ,
393 1589 422 1621 si
440 1589 516 1633 quis
535 1592 568 1623 te
584 1589 796 1633 percusserit
813 1589 845 1621 in
866 1588 1054 1630 maxillam,
1073 1589 1204 1633 praebe
1220 1593 1251 1625 ei
1265 1591 1421 1627 alteram

34 1652 159 1688 Dicunt
186 1655 237 1688 ei:
272 1653 337 1688 hoe
361 1654 505 1699 implere
529 1665 597 1688 non
624 1664 820 1699 possumus.
870 1653 913 1687 Et
937 1654 1016 1688 ille:
1054 1655 1177 1689 saltem
1205 1656 1247 1691 de
1269 1666 1335 1691 una
1361 1668 1423 1703 pa—

33 1719 160 1753 tienter
187 1719 285 1755 ferte.
343 1719 387 1755 Et
410 1720 483 1755 illi:
516 1721 619 1755 etiam
645 1730 708 1754 nec
733 1719 818 1754 haee
845 1729 1038 1764 possemus.
1093 1721 1128 1765 ³)
1155 1722 1288 1762 Quibus
1315 1723 1425 1757 Anto-

35 1784 131 1818 nius:
156 1785 278 1820 saltem
304 1797 346 1822 ne
371 1787 486 1822 velitis
513 1789 693 1831 percutere
720 1786 852 1831 magis,
880 1795 981 1830 quam
1008 1789 1153 1830 percuti.
1201 1786 1246 1822 Et
1270 1789 1339 1822 illi:
1364 1799 1426 1824 nec

35 1849 101 1885 hoc
124 1861 318 1896 possemus.
366 1852 465 1887 Tunc
488 1852 660 1887 Antonius
690 1851 778 1885 dixit
799 1850 971 1895 discipulo
996 1862 1080 1886 suo:
1107 1864 1229 1888 suecos
1252 1865 1428 1900 praepara

37 1915 203 1951 fratribus
226 1919 327 1962 istis,
363 1920 447 1964 quia
472 1919 573 1953 nimis
599 1918 740 1952 delicati
765 1920 862 1951 sunt:
903 1917 981 1951 sola
1009 1919 1123 1952 oratio
1148 1923 1351 1955 necessaria
1375 1927 1427 1956 est

37 1981 147 2017 vobis.
186 1982 280 2018 Haec
303 1985 338 2019 in
363 1986 443 2020 vitis
466 1988 602 2030 patrum
627 1984 803 2031 leguntur.
840 1982 997 2018 Tandem
1023 1983 1148 2019 beatus
1171 1986 1344 2021 Antonius
1370 1987 1427 2021 CV

37 2034 246 2084 anno¹vitae
269 2059 354 2085 suae
380 2050 508 2085 fratres
528 2048 736 2085 deosculans
762 2052 797 2084 in
823 2059 910 2095 pace
937 2051 1070 2096 quievit
1092 2050 1157 2085 sub
1185 2051 1425 2094 Constantino,

39 2115 97 2159 qui
124 2116 242 2160 coepit
264 2116 359 2150 eirca
381 2125 506 2151 annum
531 2115 659 2151 domini
686 2116 850 2152 CCCXL.

141 2303 239 2337 1)Ed.
257 2304 351 2332 Princ.
369 2304 441 2337 legii
466 2304 534 2332 loco
563 2303 740 2331 verborum:
777 2311 962 2337 equorum
989 2304 1269 2333 circumdatum
1298 2309 1409 2331 lani-ini

41 2346 145 2374 niodo:
178 2347 521 2376 circumdantium.
624 2349 654 2380 2)
679 2351 801 2376 Recenl,
823 2348 921 2380 legunt
952 2358 1151 2385 exspuens,
1261 2352 1287 2376 ,u
1313 2349 1430 2375 vorm.

42 2391 185 2425 quibus
207 2405 236 2412 -
256 2401 462 2427 possemus
482 2393 593 2420 omittit
617 2392 666 2420 Ed.
689 2392 781 2420 t’rinc.
