1742 3005
429 72 524 122 Cap.
558 72 748 109 CXXVIII
823 73 880 111 De
911 80 1042 111 saneto
1073 73 1198 125 Lupo.
1431 74 1511 112 579

516 300 641 367 GAP.
675 301 904 366 cxxvlll.
940 302 1089 367 (123.)

362 399 490 444 De
557 401 911 444 sancto
967 401 1251 453 Lupo.

199 507 320 552 Lupus
342 508 434 552 apud
460 508 685 542 Aurelianum
721 518 763 541 ex
798 517 929 552 genere
961 508 1076 551 regali
1111 512 1220 551 ortus,
1260 508 1339 542 dum
1367 511 1500 543 cunctis

110 573 297 607 virtutibus
335 574 500 614 eniteret,
545 571 758 606 Senonensis
804 571 1091 618 archiepiscopus
1134 578 1188 608 est
1231 574 1376 609 electus.
1435 574 1502 614 Qui

110 648 185 672 cum
219 638 334 671 omnia
366 636 440 671 fere
470 636 687 681 pauperihus
723 642 890 683 erogaret
925 642 959 672 et
995 638 1142 683 quadam
1177 639 1232 674 die
1258 640 1428 684 plurimos
1455 640 1500 673 ad

109 703 302 737 convivium
327 702 531 743 invitasset,
563 712 637 736 cum
664 704 776 736 vinum
809 702 854 736 ad
889 703 1037 737 medium
1067 714 1135 738 non
1161 704 1325 747 haberet,
1361 706 1413 738 sic·
1441 715 1498 739 re-

107 766 250 812 spondit
274 768 454 801 ministro:
479 767 607 809 credo,
635 768 726 812 quod
755 767 871 810 Deus,
897 769 956 813 qui
983 768 1143 803 volatilia
1168 772 1302 814 pascit,
1341 774 1498 804 nostram

104 833 263 878 perficiet
284 833 477 873 caritatem,
504 837 538 867 et
563 834 679 867 statim
706 835 846 867 nuntius
873 833 984 875 affuit,
1011 836 1069 879 qui
1097 839 1232 869 centum
1261 836 1331 868 vini
1361 835 1497 868 modios

106 897 234 932 adesse
258 907 344 942 prae
370 897 506 932 foribus
530 899 707 933 nuntiavit
763 898 844 931 Cum
864 908 984 932 omnes
1002 898 1044 932 de
1066 900 1163 933 curia
1181 899 1248 932 sibi
1274 898 1499 934 vehementer

107 962 350 1004 detraherent,
369 965 452 1008 quia
469 965 636 1009 virginem
656 963 719 997 Dei
746 962 909 996 famulam
937 966 971 997 et
992 962 1096 997 filiam
1123 964 1414 1008 praedecessoris
1442 967 1497 999 sui

106 1030 208 1062 nimis
235 1028 461 1062 immoderate
487 1033 632 1071 amaret,
659 1037 775 1062 coram
802 1027 1069 1063 detrahentibus
1096 1031 1207 1073 ipsam
1233 1031 1406 1075 vii-gluem
1433 1040 1496 1075 ap-

104 1093 325 1139 prehendens
350 1093 527 1128 osculatus
554 1098 607 1128 est
642 1103 714 1128 eam
742 1093 880 1128 dicens:
920 1093 1005 1128 nihil
1034 1098 1161 1129 nocent
1186 1094 1359 1128 hominum
1387 1095 1496 1129 verba

104 1160 239 1202 aliena,
275 1169 376 1204 quem
412 1160 557 1203 propria
586 1169 654 1193 non
687 1160 837 1193 maculat
867 1160 1093 1193 conscientia.
1144 1159 1233 1198 Quia
1262 1161 1350 1193 enim
1383 1162 1495 1204 ipsam

102 1225 210 1260 Deum
235 1235 353 1259 amare
378 1224 544 1259 ardenter
567 1228 804 1269 cognoverat,
842 1234 917 1258 eam
951 1228 1064 1258 mente
1095 1226 1283 1269 purissima
1309 1225 1494 1271 diligebat.

103 1291 186 1326 Cum
205 1301 266 1325 rex
284 1289 494 1324 Francorum
512 1289 702 1323 Lotharius
728 1289 963 1334 Burgundiam
992 1290 1124 1323 intrans
1143 1290 1374 1324 senescallum
1397 1301 1493 1324 suum

103 1360 226 1391 contra
261 1355 419 1390 Senones
456 1354 646 1388 direxisset
683 1358 716 1388 et
749 1355 924 1388 civitatem
960 1354 1159 1394 obsideret,
1198 1361 1339 1390 sanctus
1375 1356 1494 1400 Lupus

102 1421 287 1456 ecclesiam
313 1421 424 1453 sancti
447 1419 617 1464 Stephani
642 1421 824 1465 ingressus
851 1429 1050 1464 campanam
1079 1420 1218 1464 pulsare
1236 1423 1364 1465 coepit,
1391 1431 1493 1466 quain

102 1486 223 1521 hostes
256 1485 439 1519 audientes
471 1488 589 1519 tantus
622 1489 738 1519 terror
772 1486 916 1526 invasit,
951 1489 1006 1527 ut,
1040 1487 1106 1519 nisi
1133 1485 1315 1530 sugerent,
1348 1489 1492 1519 mortem

101 1562 141 1586 se
167 1550 318 1586 evadere
343 1560 411 1584 non
440 1554 614 1595 putarent.
664 1550 821 1585 Tandem
852 1551 995 1585 obtento
1029 1561 1138 1595 regno
1164 1550 1390 1595 Burgundiae
1417 1561 1491 1584 cum

102 1627 165 1652 rex
198 1616 302 1650 alium
341 1615 574 1650 senescallum
607 1616 780 1650 Senonum
815 1617 969 1649 misisset
1003 1620 1037 1649 et
1063 1615 1188 1649 beatus
1215 1615 1334 1660 Lupus
1360 1617 1390 1650 ei
1417 1626 1491 1649 cum

101 1681 301 1716 muneribus
316 1691 384 1714 non
400 1682 623 1723 occurrisset,
650 1681 852 1727 indignatus
874 1683 974 1715 nimis
994 1692 1069 1716 eum
1087 1681 1178 1725 apud
1196 1692 1313 1726 regem
1341 1680 1490 1715 insama-

101 1749 170 1789 vit‚
204 1751 242 1781 ut
265 1757 327 1781 rex
352 1745 489 1781 beatum
513 1745 647 1792 Lupum
673 1749 708 1781 in
735 1747 895 1781 exsilium
921 1747 1133 1787 destinaret,
1175 1748 1233 1791 qui
1260 1746 1309 1780 ibi
1333 1746 1493 1780 doctrina

100 1823 143 1847 ac
166 1811 343 1847 miraculis
372 1811 474 1846 valde
499 1813 650 1846 emicuit.
698 1812 837 1848 Interea
870 1813 1036 1847 Senonici
1069 1811 1239 1857 quendam
1275 1813 1490 1856 episcopum,

100 1879 161 1924 qui
184 1878 296 1912 locum
322 1879 435 1911 sancti
459 1876 550 1922 Lupi
576 1879 776 1921 invaserat,
807 1878 1029 1919 occidentes,
1066 1883 1105 1912 ut
1135 1882 1275 1912 sanctus
1300 1876 1421 1922 Lupus
1449 1876 1492 1910 de

101 1943 228 1977 exsilio
261 1942 410 1984 rediret,
443 1953 465 1977 a
498 1954 582 1989 rege
617 1945 900 1988 impetraverunt.
951 1943 1059 1983 Quem
1098 1953 1160 1977 rex
1203 1943 1325 1977 videns
1364 1941 1492 1977 exsilio

104 2005 358 2050 ¹)tabei'aetum
393 2009 443 2041 ita
474 2008 641 2042 divinitus
676 2013 731 2042 est
761 2012 933 2050 mutatus,
974 2012 1012 2042 ut
1045 2019 1160 2043 coram
1195 2008 1255 2041 illo
1291 2011 1491 2051 prostratus

103 2073 238 2107 veniam
265 2074 413 2115 peteret,
445 2072 629 2116 multisque
654 2077 790 2119 auctum
827 2072 1027 2106 muneribus
1052 2082 1138 2106 suae
1164 2073 1317 2105 restituit
1343 2071 1490 2104 civitati.

103 2138 169 2178 Qui
203 2136 283 2170 dum
313 2146 378 2180 per
409 2134 568 2170 Parisios
599 2140 792 2177 remearet,
832 2137 863 2171 ei
904 2136 1012 2170 multa
1050 2137 1346 2170 incarceratorum
1388 2133 1493 2169 turba

101 2203 236 2248 apertis
276 2202 380 2235 ostiis
413 2201 610 2246 solutisque
641 2201 789 2235 vinculis
823 2201 991 2236 obviavit.
1041 2200 1196 2241 Quadam
1223 2200 1281 2234 die
1306 2199 1491 2239 dominica,

102 2268 179 2303 dum
206 2269 345 2302 missam
369 2265 586 2307 celebraret,
619 2266 723 2312 lapsa
753 2271 808 2301 est
839 2266 987 2301 coelitus
1020 2276 1158 2312 gemma
1189 2268 1224 2300 in
1258 2267 1334 2311 ejus
1369 2269 1491 2300 sancto

101 2333 233 2375 calice,
275 2341 377 2378 quam
417 2342 479 2366 rex
519 2333 610 2367 inter
641 2341 724 2366 suas
765 2330 936 2377 reliquias
970 2332 1167 2366 collocavit.
1215 2331 1290 2366 Rex
1315 2330 1492 2364 Clotarius

102 2398 270 2439 audiens,
314 2395 408 2442 quod
439 2406 608 2441 campana
648 2398 762 2432 sancti
792 2397 961 2443 Stephani
995 2398 1030 2430 in
1070 2406 1157 2430 sono
1190 2398 1311 2430 miram
1344 2394 1495 2430 haberet

104 2462 340 2504 dulcedinem,
366 2462 478 2503 misit,
504 2465 542 2496 ut
564 2461 723 2496 Parisios
749 2462 966 2505 deferretur,
989 2465 1028 2496 ut
1052 2461 1095 2495 ab
1121 2462 1198 2506 ipso
1224 2461 1368 2505 saepius
1389 2458 1493 2494 audi-

104 2532 211 2563 retur.
260 2527 330 2562 Sed
363 2537 438 2561 cum
472 2526 541 2561 hoc
573 2531 695 2561 sancto
720 2527 821 2572 Lupo
847 2527 1108 2572 displicuisset,
1144 2537 1224 2560 mox
1257 2528 1295 2560 ut
1332 2524 1375 2560 de
1408 2523 1494 2559 urbe

173 2669 200 2700 1)
219 2667 271 2695 Ed.
290 2671 333 2696 Pr.
354 2667 438 2700 legit:
469 2667 622 2694 exsilio
650 2666 763 2694 talem
788 2669 967 2693 sanctum
993 2664 1045 2692 ita
1065 2668 1121 2693 etc.

1133 2717 1221 2752 37*
