1742 3005
424 97 520 146 (lap.
551 95 616 132 lll.
684 95 743 138 De
774 102 904 133 sancto
935 95 1108 134 NicolaO.
1211 148 1218 152 ἶ
1407 100 1457 136 27

70 211 152 236 vero
177 200 303 236 milites
331 199 505 236 Barenses
539 200 621 235 111110
659 200 809 246 profecti
835 205 986 247 quatuor
1012 201 1191 241 monachis
1219 201 1287 240 sibi
1310 206 1457 237 astanti-

68 266 133 301 bus
155 266 307 300 tumbam
331 267 444 301 sancti
467 265 604 301 Nicolai
631 271 843 312 aperuerunt
868 278 1021 314 ossaque
1051 269 1127 314 ejus
1153 269 1187 302 ln
1204 268 1282 303 oleo
1302 271 1460 303 natantia

69 333 103 365 111
133 330 252 366 urbem
277 331 425 368 Baream
452 331 671 374 detulerunt,
719 342 809 367 anno
841 332 970 368 domini
1003 334 1185 369 millesimo
1219 336 1459 381 octuagesimo

68 399 227 443 septimo.
261 418 302 423 —-
334 418 378 424 -
413 401 457 436 S.
494 397 558 433 Vir
590 398 731 444 quidam
765 398 809 433 ab
837 409 904 434 uno
929 399 1066 435 Judaeo
1092 399 1266 443 quandam
1294 411 1458 435 summani

68 465 238 507 pecuniae
270 467 386 498 mutuo
413 465 569 508 aceepit,
615 465 741 509 Jurans
769 473 877 509 super
901 464 1014 499 altare
1040 467 1154 499 sancti
1179 465 1334 508 Nicolal,
1384 478 1458 503 cuin

70 529 173 564 alium
201 528 441 575 fidejussorem
466 527 598 564 habere
622 530 804 574 nequiret,
831 528 924 574 quod
950 539 1052 574 quam
1078 531 1179 565 citius
1207 536 1347 576 posset,
1391 533 1458 567 sibi

69 595 243 630 redderet.
309 593 464 629 Tenento
491 598 605 629 autem
629 594 689 630 ille
715 593 773 629 diu
798 596 980 639 pecuniam
1006 594 1161 631 Judaeus
1187 606 1262 632 eam
1290 603 1457 642 expostu-

69 661 174 702 lavit,
225 659 287 696 sed
312 670 388 695 eam
411 659 479 695 sibi
506 659 702 696 reddidisse
729 660 891 695 affirmat.
939 660 1065 696 Trahit
1090 673 1176 708 ergo
1200 672 1277 698 eum
1301 663 1345 698 ad
1363 664 1459 710 judi-

68 726 156 760 eium
181 729 216 761 et
230 727 464 772 juramentum
489 726 653 761 lndieitur
677 725 840 762 debitori.
888 725 949 762 Ille
975 726 1135 762 baculum
1159 733 1332 772 cavatum,
1360 740 1460 775 quem

69 800 155 825 auro
182 793 311 828 minuto
337 792 556 839 impleverat,
584 802 699 827 seeum
726 791 920 836 detulerat,
948 802 988 829 ae
1013 795 1042 828 si
1070 795 1146 840 ejus
1171 793 1380 830 adminiculo
1407 798 1459 830 in—

70 856 218 902 digeret.
282 858 412 893 Volens
435 859 544 905 igitur
570 858 687 895 faeere
708 859 944 904 „iuramentum
968 858 1103 895 Judaeo
1128 860 1288 895 baculum
1314 861 1460 897 tradidit

70 923 326 959 reservandum.
374 924 512 961 ¹Iuravit
536 924 607 966 illo,
637 924 730 970 quod
756 924 832 969 plus
858 926 968 971 igitur
993 925 1186 962 reddiderit
1212 928 1328 970 etiam,
1357 938 1458 973 quam

70 987 224 1024 deberet.
279 989 386 1026 Facto
408 991 607 1036 juramento
634 989 793 1025 baculum
820 1001 917 1025 suum
950 994 1091 1038 repetiit
1118 996 1151 1027 et
1175 992 1330 1029 Judaeus
1357 995 1459 1039 igna-

70 1064 128 1089 rus
155 1057 306 1092 astutiae
331 1067 408 1091 eum
435 1056 502 1092 sibi
527 1055 687 1092 reddidit.
715 1056 864 1093 Rediens
890 1062 1016 1101 autein⁷
1044 1060 1103 1104 qui
1130 1058 1286 1093 fraudem
1315 1060 1459 1101 fecerat,

70 1122 104 1155 ln
128 1121 277 1166 quodam
300 1121 395 1157 bivio
418 1133 608 1169 oppressus
635 1124 767 1158 corruit
793 1134 913 1159 somno
939 1135 1129 1171 currusque
1152 1136 1227 1160 cum
1253 1127 1383 1171 impetu
1401 1137 1461 1162 ve-

70 1189 168 1223 niens
193 1198 269 1223 eum
298 1191 436 1224 necavit
468 1193 503 1224 et
526 1189 663 1235 plenum
689 1188 849 1225 haculum
875 1200 960 1226 auro
989 1192 1096 1238 fregit
1122 1196 1156 1227 et
1181 1201 1301 1226 aurum
1327 1192 1460 1227 effudit.

69 1253 223 1288 Audiens
247 1254 312 1290 hoc
336 1255 491 1291 Judaeus
517 1257 671 1290 concitus
697 1256 790 1291 illico
820 1258 913 1291 venit
940 1268 1085 1303 cumque
1111 1257 1227 1292 dolum
1255 1258 1403 1293 vidisset
1427 1263 1461 1293 et

71 1328 93 1353 a
116 1320 231 1355 multis
255 1322 288 1355 ei
311 1326 576 1367 suggereretur,
604 1326 641 1357 ut
657 1331 776 1356 aurum
797 1324 982 1367 reciperet,
1009 1324 1148 1357 omnino
1167 1325 1292 1367 renuit,
1319 1326 1386 1359 nisi
1403 1327 1461 1370 qui

72 1384 255 1420 defunc-tus
281 1385 416 1428 suerat,
455 1386 500 1422 ad
530 1388 634 1421 vitam
661 1386 757 1421 beati
782 1387 918 1422 Nicolai
944 1389 1076 1422 meritis
1101 1388 1325 1432 redderetur,
1364 1401 1461 1427 asse-

73 1461 164 1494 rens,
193 1462 244 1494 se,
270 1453 302 1486 si
330 1451 395 1487 hoc
422 1453 532 1494 fieret,
553 1451 761 1497 baptismum
785 1457 1026 1498 suscepturum
1052 1457 1086 1488 et
1111 1453 1345 1490 Christianum
1372 1457 1463 1492 sutu-

73 1528 157 1552 rum.
205 1517 376 1553 Continuo
401 1519 460 1564 qui
484 1517 669 1553 defunctus
696 1518 824 1560 suerat,
851 1521 1042 1555 suscitatur
1069 1520 1272 1556 etJudaeus
1284 1522 1318 1555 in
1334 1522 1463 1558 Christi

72 1585 209 1619 nomine
232 1582 444 1629 baptisatur.
475 1604 520 1609 ——
554 1604 597 1609 —
633 1587 681 1621 9.
708 1583 854 1624 Quidam
878 1584 1034 1620 Judaeus
1062 1585 1184 1620 videns
1207 1585 1302 1622 beati
1329 1587 1464 1625 Nicolai

72 1650 262 1683 virtuosam
287 1651 478 1694 potentiam
502 1650 535 1684 in
560 1651 736 1686 miraculis
763 1651 946 1693 faciendis,
975 1653 1160 1696 imaginem
1192 1653 1269 1699 ejus
1293 1653 1361 1687 sibi
1390 1655 1463 1689 lieri

72 1717 252 1761 praecepit
277 1725 423 1761 eamque
448 1718 481 1750 in
506 1726 572 1751 sua
597 1716 699 1751 domo
724 1717 923 1760 collocavit,
948 1719 1003 1752 cui
1029 1729 1085 1753 res
1113 1729 1217 1761 suaS‚
1244 1729 1318 1754 eum
1345 1721 1463 1766 aliquo

72 1781 211 1828 longius
236 1782 314 1824 iret,
341 1792 415 1816 eum
440 1783 540 1818 minis
566 1783 833 1818 commendabat
859 1783 946 1818 haec
975 1784 1027 1819 vel
1054 1785 1182 1819 similia
1200 1785 1309 1820 verba
1326 1785 1464 1822 dicens:

73 1857 151 1882 eece
161 1847 317 1890 Nicolae,
342 1850 458 1883 omnia
475 1848 569 1883 bona
586 1859 663 1884 mea
680 1849 743 1884 tibi
764 1850 996 1885 custodienda
1015 1853 1188 1885 committo
1208 1855 1242 1885 et
1262 1853 1331 1886 nisi
1352 1855 1467 1890 omnia

73 1913 160 1949 bene
188 1914 418 1957 custodieris,
466 1914 630 1950 ultionem
665 1920 826 1960 expetam
861 1916 904 1952 de
934 1921 968 1952 te
1001 1917 1207 1953 verberibus
1242 1923 1276 1954 et
1303 1920 1466 1965 flagellis.

52 1968 230 2020 xQuadam
250 1982 360 2027 igitur
384 1982 458 2017 vice
483 1981 561 2015 dnm
582 1981 641 2016 ille
657 1981 810 2024 abesset,
837 1982 930 2017 fures
952 1983 1152 2027 adveniunt,
1179 1989 1303 2021 cuncta
1313 1988 1466 2030 rapiunt,

73 2046 182 2080 solam
207 2047 393 2093 imaginem
418 2047 670 2093 derelinquunt.
697 2047 853 2083 Judaeus
876 2054 990 2084 autem
1017 2050 1156 2085 rediens
1171 2055 1204 2086 et
1221 2061 1258 2086 se
1279 2052 1466 2096 spoliatum

74 2111 193 2147 videns
219 2114 405 2159 imaginem
433 2115 624 2161 alloquitur
648 2115 778 2149 talibus
804 2116 859 2150 vel
885 2116 1054 2151 similibus
1072 2128 1155 2151 usus
1167 2117 1305 2152 verbis:
1329 2117 1466 2154 domino

74 2177 230 2221 Nic-ome,
255 2189 369 2215 nonne
392 2182 428 2215 in
454 2181 554 2215 domo
580 2191 658 2216 mea
673 2183 704 2225 ¹)
727 2186 762 2216 te
786 2192 984 2226 posueram,
1012 2187 1049 2217 ut
1073 2194 1128 2218 res
1154 2194 1249 2219 meas
1274 2195 1296 2219 a
1319 2185 1461 2219 latroni-

74 2243 138 2277 bus
162 2247 353 2281 servares?
389 2247 458 2282 Cur
472 2246 537 2282 hoc
558 2248 674 2284 faeere
691 2248 835 2282 noluisti
852 2252 887 2283 et
901 2248 1056 2284 latrones
1073 2259 1182 2295 quare
1199 2262 1269 2285 non
1286 2250 1465 2296 prohibui>-

74 2309 147 2343 sti‘?
173 2308 283 2354 Igitur
297 2310 376 2346 dira
393 2318 566 2348 tormenta
581 2316 731 2360 recipies
744 2318 778 2349 et
791 2325 854 2359 pro
880 2314 1077 2349 latronibus
1102 2326 1251 2361 poenam
1273 2316 1371 2357 lues3
1397 2316 1462 2349 sie-

75 2384 142 2419 que
160 2374 318 2410 damnum
332 2387 442 2412 meum
457 2380 491 2412 in
510 2381 580 2415 tuis
605 2380 882 2425 recompensabo
909 2382 1090 2416 tormentis
1117 2385 1152 2416 et
1177 2380 1330 2416 furorem
1356 2391 1465 2415 meum

74 2442 108 2474 in
134 2441 202 2474 tuis
225 2440 446 2486 refrigeraho
469 2443 673 2480 verberibus
699 2449 734 2480 et
753 2445 918 2492 flagellis.
975 2446 1161 2492 Accipiens
1199 2457 1286 2493 ergo
1311 2446 1466 2482 Judaeus

73 2507 259 2552 imaginem
284 2506 358 2542 dire
378 2517 452 2543 eam
481 2509 645 2544 verberat
668 2510 812 2556 direque
837 2510 1007 2556 flagellat.
1063 2510 1155 2545 Mira
1182 2522 1239 2547 res
1264 2522 1410 2558 prorsus
1433 2516 1469 2546 et

74 2571 256 2617 stupenda.
292 2573 534 2609 Dividentibus
550 2574 696 2617 furibus,
713 2583 802 2621 quae
817 2579 1019 2621 rapuerant,
1040 2576 1189 2612 Sanetus
1210 2577 1273 2613 Dei
1290 2582 1466 2624 tamquam

142 2671 169 2703 l)
189 2670 242 2699 Ed.
261 2674 332 2700 Rec.
352 2680 456 2698 ornnes
475 2671 536 2698 sere
556 2672 727 2707 praeferunt
757 2682 800 2700 vo
813 2682 825 2700 s
845 2679 873 2700 et
893 2678 955 2700 tuni
974 2673 1076 2706 legunt
1103 2674 1328 2702 sorvaretis
1350 2689 1379 2695 —
1402 2684 1445 2701 no
1461 2691 1468 2694 -

76 2714 215 2743 inistis
235 2730 264 2737 —
287 2716 574 2751 prohibuisti&
596 2717 706 2745 deinde
727 2726 798 2745 vero
818 2718 895 2746 male
915 2718 1086 2754 recipies
1107 2723 1162 2748 etc,
