1742 3005
395 95 489 144 Cap.
522 92 655 131 Lvm.
719 94 778 131 De
810 100 942 132 sancto
975 93 1157 142 Georgio.
1389 91 1463 128 261

75 196 174 229 reris.
223 193 297 228 Heu
328 205 403 238 me,
441 196 512 230 filia
547 206 623 232 mea
656 196 880 239 dulcissima,
917 196 1102 242 sperabam
1131 195 1175 230 ad
1208 199 1287 230 tuas
1322 195 1462 239 nuptias

71 260 250 304 principes
276 261 447 306 invitare,
475 263 641 307 palatium
668 265 868 309 margaritis
896 273 1043 304 ornare,
1078 266 1243 307 tympana
1268 265 1302 295 et
1327 270 1462 306 organa

71 325 213 368 audire,
241 329 275 360 et
299 337 389 361 nunc
417 328 538 371 vadis,
565 334 602 363 ut
627 339 648 363 a
674 328 827 363 dracone
852 329 1043 363 devoreris,
1092 326 1135 361 Et
1160 326 1370 360 deosculans
1403 325 1457 358 di-

69 392 164 425 misit
189 402 262 426 eam
292 387 430 427 dicens:
464 396 617 436 utinam,
654 394 725 428 filia
757 403 853 435 mea,
887 404 954 437 ego
989 396 1069 426 ante
1092 396 1127 425 te
1152 396 1307 425 mortuus
1334 402 1459 432 essem,

70 468 169 503 quam
194 462 229 492 te
257 460 309 492 sie
335 460 547 493 amisissem!
598 459 695 493 Tunc
720 459 781 492 iila
806 458 962 502 procidit
984 457 1029 491 ad
1056 456 1166 501 pedes
1199 459 1309 500 patris
1337 461 1458 500 petens

68 524 112 557 ab
141 534 181 558 eo
206 524 482 558 benedictionem
516 534 632 557 suam:
667 533 767 569 quam
805 533 878 557 cum
910 527 1012 567 pater
1045 532 1120 556 eum
1154 522 1316 566 lacrymis
1349 521 1456 555 bene-

69 588 240 631 dixisset,
282 588 326 622 ad
358 589 471 622 laeum
501 590 688 634 processit.
739 588 847 628 Quam
880 588 1007 623 beatus
1041 586 1215 633 Georgius
1257 597 1342 621 casu
1376 586 1456 620 inde

66 655 240 688 transiens
265 658 302 688 ut
328 654 524 699 plorantem
549 654 657 697 vidit,
687 664 781 696 eam,
809 654 892 699 quid
918 653 1086 697 haberet,
1122 655 1365 699 interrogavit.
1415 651 1457 686 Et

66 720 146 754 ilia:
178 720 270 754 hone
300 720 442 765 juvenis
478 720 650 755 velociter
688 730 811 765 equum
848 719 1025 755 adscende
1059 724 1093 755 et
1120 721 1224 765 fuge,
1258 730 1300 754 ne
1325 729 1455 754 meeum

64 786 197 830 pariter
220 786 393 819 moriaris.
444 785 506 820 Cui
537 784 730 831 Georgius:
767 786 840 819 noli
865 787 1007 828 timere,
1044 785 1133 828 filia,
1171 786 1233 820 scd
1272 785 1327 820 dic
1357 785 1452 827 mihi,

65 850 147 896 quid
179 850 237 885 hic
268 851 499 895 praestolaris
535 853 628 885 omni
663 851 766 895 plebe
802 852 1018 895 spectante?
1065 850 1108 885 Et
1142 852 1220 885 iila:
1265 855 1301 884 ut
1336 851 1453 892 video,

63 917 154 951 bone
175 917 338 961 juvenis,
375 916 551 962 magnifici
578 916 694 950 cordis
723 926 760 950 es
789 920 848 957 tu,
882 916 944 950 sed
970 926 1100 950 mecum
1127 918 1214 950 mori
1242 916 1454 951 desideras?

64 982 148 1028 fuge
172 982 351 1016 velociter.
401 981 463 1015 Cui
489 980 681 1027 Georgius:
708 981 787 1016 binc
813 992 880 1027 ego
907 992 975 1015 non
1001 981 1198 1024 discedam,
1226 982 1337 1016 donec
1358 982 1451 1017 mihi.

63 1046 147 1093 quid
172 1047 319 1088 habeas,
345 1047 535 1082 intimabis.
584 1047 665 1082 Cum
693 1058 778 1093 ergo
803 1052 911 1081 totum
937 1047 1005 1080 sibi
1031 1049 1267 1091 exposuisset,
1294 1049 1344 1081 ait
1364 1046 1451 1081 Gre-

62 1114 205 1159 gorius:
242 1111 334 1155 filia,
369 1113 442 1147 noli
467 1115 611 1156 timere,
647 1115 730 1159 quia
761 1115 796 1147 in
830 1113 959 1148 Christi
995 1114 1133 1146 nomine
1161 1117 1194 1146 te
1215 1112 1359 1157 juvabo.
1408 1111 1452 1147 Et

62 1178 142 1213 illa:
179 1177 271 1213 bone
295 1179 416 1222 miles,
455 1178 566 1224 ¹)sed
590 1183 624 1214 te
650 1181 760 1225 ipsum
787 1179 927 1213 salvare
953 1178 1112 1219 festines,
1140 1188 1268 1212 mecum
1294 1189 1362 1213 non
1389 1189 1449 1223 pc-

61 1244 163 1279 reas!
197 1244 326 1279 sufficit
359 1246 468 1286 enim,
502 1246 532 1278 si
566 1245 645 1278 sola
671 1255 834 1289 peream,
869 1254 945 1279 nam
971 1255 1024 1279 me
1053 1244 1205 1279 liberare
1229 1256 1298 1278 nou
1324 1256 1450 1289 posses

62 1314 96 1344 et
118 1314 156 1344 tu
181 1320 311 1345 mecum
336 1311 484 1355 perires.
532 1297 618 1343 Dum
653 1310 740 1344 haec
769 1310 1015 1355 loquerentur,
1054 1320 1135 1345 ecce
1169 1309 1276 1343 draco
1310 1311 1452 1344 veniens

62 1379 167 1419 caput
181 1375 224 1409 de
237 1375 317 1409 lacu
334 1375 474 1409 levavit.
525 1375 625 1410 Tunc
652 1375 771 1420 puella
794 1374 999 1409 tremefacta
1019 1374 1125 1409 dixit:
1152 1375 1247 1421 suge,
1274 1375 1365 1410 bone
1385 1375 1449 1410 do-

59 1442 170 1482 mIne,
210 1440 294 1486 fuge
328 1440 506 1475 velociter.
558 1440 658 1475 Tunc
684 1440 858 1486 Georgius
895 1451 1018 1485 equum
1051 1441 1246 1475 ascendens
1283 1446 1317 1475 et
1347 1452 1449 1476 cruce

59 1516 98 1540 se
124 1507 281 1540 muniens
315 1505 502 1540 draconem
536 1510 659 1540 contra
692 1517 731 1540 sc
758 1506 998 1541 advenientem
1032 1506 1216 1540 audaciter
1239 1506 1450 1552 aggreditur

58 1577 93 1608 et
124 1566 280 1606 ian'ceam
317 1571 458 1606 sortiter
489 1572 631 1606 vibrans
663 1576 697 1607 et
718 1582 756 1606 se
781 1571 855 1606 Deo
882 1571 1128 1606 commendans
1154 1573 1267 1616 ipsum
1292 1574 1450 1617 graviter

57 1638 251 1673 vulneravit
281 1641 315 1671 et
349 1637 394 1671 ad
430 1642 558 1672 terram
595 1637 725 1683 deJecit
769 1636 926 1682 dixitque
962 1637 1120 1681 puellae:
1159 1638 1294 1682 projice
1326 1647 1448 1671 zonam

54 1708 148 1738 tuam
175 1704 210 1737 in
235 1703 359 1738 collum
392 1689 555 1737 draconis
579 1702 665 1736 nihil
694 1702 879 1745 dubitans,
917 1702 999 1738 filia.
1049 1702 1148 1743 Quod
1181 1713 1256 1736 cum
1290 1702 1446 1744 fecisset,

55 1769 270 1815 sequebatur
305 1779 380 1803 eam
410 1768 506 1804 velut
535 1770 818 1803 mansuetissima
846 1769 955 1803 canis.
1007 1768 1088 1803 Cum
1119 1779 1204 1814 ergo
1232 1779 1308 1803 eum
1335 1770 1371 1802 in
1396 1770 1445 1801 ci⁴

52 1837 194 1871 vitatem
219 1834 382 1882 duceret,
418 1834 540 1880 populi
575 1834 642 1869 hoc
675 1834 832 1869 videntes
869 1845 934 1880 per
966 1839 1102 1869 montes
1127 1839 1162 1869 et
1186 1834 1296 1869 eolles
1320 1834 1444 1879 sugere

55 1905 244 1946 coeperunt
267 1900 449 1936 dicentesz‘
479 1910 544 1935 vae
569 1900 693 1943 nobiS,
727 1902 811 1945 quia
837 1902 911 1946 Jam
947 1911 1066 1935 omnes
1094 1900 1284 1944 peribimus
1344 1899 1445 1933 Tunc

53 1966 180 2001 beatus
207 1964 380 2011 Georgius
406 1967 517 2000 innuit
544 1967 586 1999 iis
613 1965 752 2001 dicens:
790 1967 898 2000 nolite
931 1967 1075 2008 timere,
1112 1966 1157 2000 ad
1183 1965 1249 2000 hoc
1275 1967 1363 2000 enim
1389 1975 1442 1997 me

53 2033 149 2065 misit
173 2030 332 2065 dominus
355 2029 402 2064 ad
427 2041 502 2072 vos,
528 2035 566 2065 ut
591 2041 612 2064 a
636 2033 759 2076 poenis
783 2042 846 2066 vos
865 2032 1050 2066 liberarem
1073 2032 1260 2072 draconis3
1289 2034 1440 2063 tantum-

54 2097 156 2132 modo
182 2098 217 2131 in
243 2095 577 2131 Christumrcredite
605 2100 639 2131 et
663 2099 900 2142 unusquisque
928 2102 1077 2131 vestrum
1095 2097 1294 2140 baptizetur
1312 2099 1346 2129 et
1360 2094 1440 2127 dra-

53 2173 173 2198 eonem
202 2164 305 2196 istum
336 2161 504 2196 occidam.
554 2161 654 2196 Tunc
690 2173 752 2197 rex
789 2167 823 2197 et
845 2173 964 2197 omnes
1001 2162 1121 2207 populi
1154 2161 1328 2205 baptizati
1347 2163 1437 2194 sunt.

52 2229 178 2271 beatus
202 2232 316 2262 autem
344 2226 518 2273 Georgius
547 2230 734 2275 evaginato
758 2228 879 2274 gladio
905 2228 1089 2262 draconem
1116 2226 1245 2261 occidit
1269 2230 1303 2259 et
1327 2227 1437 2269 ipsum

55 2299 153 2330 extra
179 2295 353 2339 civitatem
379 2294 496 2328 efferri
521 2296 712 2339 praecepit.
763 2294 863 2328 Tunc
897 2299 1047 2339 quatuor
1071 2294 1173 2338 paria
1198 2293 1299 2326 boum
1327 2292 1437 2333 ipsum

53 2362 88 2394 in
114 2369 275 2404 magnum
301 2368 454 2403 campum
480 2360 576 2394 foras
602 2360 783 2401 duxerunt,
809 2356 977 2404 baptisati
998 2364 1111 2393 autem
1130 2362 1210 2392 sunt
1234 2359 1266 2390 in
1293 2355 1353 2387 illa
1379 2353 1436 2386 die

53 2424 120 2459 XX
146 2424 255 2465 millia
278 2426 434 2468 exceptis
463 2425 619 2468 parvulis
645 2429 680 2459 et
704 2425 928 2465 mulieribus,
962 2434 1024 2457 rex
1055 2427 1169 2456 autem
1204 2424 1238 2455 in
1269 2420 1435 2454 honorem

53 2491 181 2525 beatae
213 2489 351 2525 Mariae
385 2494 419 2524 et
443 2491 539 2524 beati
564 2489 709 2535 Georgii
733 2489 917 2524 ecelesiam
942 2490 1051 2522 mirae
1077 2485 1328 2532 magnitudinis
1352 2494 1434 2518 con-

53 2557 197 2597 struxit,
224 2554 267 2590 de
293 2556 392 2600 cujus
418 2555 520 2589 altari
549 2555 627 2589 sons
654 2557 751 2589 vivus
779 2557 935 2593 emanat,
965 2554 1063 2597 eujus
1089 2557 1192 2597 potus
1218 2560 1337 2586 omnes
1358 2549 1433 2583 lan-

124 2699 150 2731 Ι)
168 2699 265 2726 Verba
286 2698 353 2726 sed
372 2715 404 2719 —
423 2698 587 2726 festinet
607 2698 713 2725 dosunt
734 2698 762 2724 in
784 2697 834 2726 Ed.
857 2701 898 2725 i’r.
