1742 3005
349 93 444 141 Cap.
477 92 717 129 CLXXXlV.
777 92 836 128 De
868 97 997 128 sancto
1027 91 1184 128 Jmtuco.
1377 90 1459 128 &59

466 307 591 369 GAP.
628 308 882 370 cmxxxlv.
920 309 1074 371 (182.)

297 408 413 452 De
489 409 802 452 sancto
876 408 1229 454 Jodoco.

172 518 282 542 Beatus
301 516 432 543 Jodocns
451 515 508 542 suit
527 515 665 543 Judaheli
684 514 761 546 regis
781 514 936 540 Britonum
960 513 1039 541 silius
1065 515 1230 547 habuitque
1255 514 1377 542 fratrem
1396 526 1457 543 tna-

72 561 164 592 iorem
183 565 267 593 natu,
287 561 408 587 beatum
428 560 570 587 videlicet
591 559 783 591 Judalielum,
810 559 860 591 qui
879 560 1022 586 successit
1042 560 1119 594 patri
1140 560 1170 586 in
1190 568 1289 590 regno.
1325 560 1378 587 Isti
1397 561 1457 587 duo

71 605 195 637 fratres,
222 605 282 631 imo
309 605 386 630 dnae
414 612 547 635 gemmae
573 603 719 630 coelestes
746 608 1016 638 contemporaneae
1039 604 1158 631 suerunt
1185 604 1261 636 regis
1280 608 1457 632 Francorum

71 649 250 681 Dagoberti,
277 658 343 674 cnm
361 657 421 681 qno
440 653 509 682 post
529 657 635 680 graves
653 647 826 674 inimicitias
851 649 890 675 ad
915 648 1045 675 invicem
1064 649 1239 683 pacificatus
1259 654 1302 675 est
1322 649 1388 684 ipse
1407 660 1458 677 rex

72 693 226 719 Britonum
251 692 414 720 Judahelus
441 697 470 719 et
496 692 610 724 magnis
630 693 667 718 ab
688 692 755 727 ipso
775 693 947 720 muneribus
967 694 1139 720 honoratus.
1175 696 1338 725 Regressus
1358 695 1458 729 itaque

70 736 101 763 in
120 737 304 763 Britanniam
323 737 466 770 cogitavit
485 746 607 769 regnum
626 742 776 763 terrenum
795 746 850 771 pro
870 737 995 764 coelesti
1014 747 1103 770 regno
1123 738 1290 771 relinquere
1316 743 1345 765 et
1363 739 1458 767 vitant

71 781 275 808 monachicam
294 782 413 811 ducere,
449 786 582 809 Fratrem
601 790 687 808 suum
706 782 852 808 Jodocum
872 782 1017 816 juniorem
1044 792 1143 809 corani
1163 792 1194 809 se
1213 783 1368 810 conveniri
1387 785 1459 812 tecit

72 826 110 853 de
137 826 331 861 suscipiendo
357 827 439 859 regni
465 826 680 859 gubernaculo,
714 830 747 853 ut
780 835 865 853 sunm
892 831 995 861 posset
1022 827 1187 862 adimplere
1214 828 1404 862 propositum
1430 837 1459 858 et

69 870 129 897 frui
149 871 372 899 cohabitatione
392 872 615 899 monachorum.
651 875 761 898 Beatus
788 876 886 898 autem
914 871 1046 898 Jodocus
1072 882 1131 898 non
1155 871 1251 898 minus
1278 871 1400 899 fervens
1429 874 1459 900 in

70 915 127 942 Dei
158 915 336 949 dilectione,
373 916 562 943 deliberandi
600 915 736 942 inducias
770 918 839 942 VIII
872 916 987 941 dierum
1019 916 1072 942 vix
1102 925 1117 941 a
1150 916 1242 941 fratre
1273 915 1457 950 impetravit.

70 962 191 988 Interim
212 962 261 989 die
281 966 429 994 noctuque
451 961 555 987 anxius
575 960 705 992 cogitare
731 959 845 994 coepit,
870 960 1022 992 quomodo
1048 964 1153 994 posset
1180 960 1310 991 effugere
1335 970 1459 993 regnum

71 1006 210 1033 similiter
235 1010 265 1033 et
291 1003 419 1040 patriam
442 1010 471 1032 et
496 1005 595 1031 fratris
621 1004 666 1031 sui
698 1004 774 1031 circa
800 1014 832 1031 se
856 1004 990 1031 studium
1017 1004 1178 1032 declinare.
1215 1008 1285 1039 Ipso
1310 1005 1400 1038 igitur
1428 1007 1459 1034 in

70 1051 253 1077 monasterio
273 1050 419 1084 quodam,
444 1050 496 1077 ubi
521 1049 636 1075 litteras
661 1049 822 1082 didicerat,
849 1053 1052 1076 commorante
1078 1054 1107 1076 et
1127 1049 1254 1076 orationi
1273 1049 1459 1084 frequentius

70 1095 262 1122 incumbente
288 1095 413 1127 contigit
438 1097 480 1121 IX
506 1094 577 1120 illuc
605 1094 777 1128 peregrinos
801 1095 921 1128 venire,
954 1095 1004 1128 qui
1038 1103 1126 1121 causa
1157 1094 1329 1122 devotionis
1356 1095 1459 1122 limina

71 1140 278 1174 apostolorum
297 1139 374 1166 Petri
393 1144 422 1166 et
440 1139 523 1167 Pauli
541 1139 665 1166 visitare
685 1139 908 1166 desiderabant.
945 1140 997 1166 His
1018 1143 1132 1166 secreto
1150 1139 1314 1166 associatus
1331 1140 1459 1168 Parisios

70 1185 156 1212 venit
181 1194 247 1212 cum
271 1184 308 1211 iis
333 1193 367 1211 ac
390 1189 489 1211 utrum
515 1184 640 1211 ulterius
667 1193 734 1210 cum
753 1184 859 1211 iisdem
880 1184 1070 1219 procederet,
1097 1182 1258 1212 dubitavit.
1296 1185 1459 1213 Consilium

71 1230 193 1257 tandem
211 1240 227 1257 a
247 1229 355 1265 spiritu
374 1234 476 1257 sancto
497 1234 689 1262 consecutus,
717 1229 767 1263 qni
793 1238 910 1262 gressus
937 1230 999 1263 ejus
1019 1228 1047 1254 in
1068 1228 1207 1255 omnibus
1227 1229 1393 1263 dirigebat,
1421 1232 1458 1257 ab

72 1275 129 1301 hoc
146 1274 253 1302 itinere
272 1279 300 1302 et
320 1285 337 1301 a
356 1275 445 1302 sociis
467 1274 584 1301 itineris
604 1274 767 1301 declinavit
787 1280 815 1302 et
841 1275 879 1301 ad
904 1273 1032 1301 l'ontinii
1057 1273 1200 1305 confinia,
1227 1283 1303 1306 quae
1330 1275 1460 1308 antiquis

71 1319 162 1354 plena
182 1320 355 1346 nemoribus
382 1324 464 1346 erant
485 1324 513 1345 et
532 1318 604 1346 ieris
624 1328 658 1346 ac
676 1320 857 1346 animalibus
876 1319 973 1346 solum
993 1317 1180 1349 habitabilia,
1200 1317 1365 1346 festinavit.
1401 1324 1460 1347 De-

71 1364 199 1390 lectatus
225 1365 326 1397 itaque
352 1363 412 1390 loci
442 1364 524 1391 illius
549 1370 636 1391 vasta
663 1365 826 1392 solitudine
853 1364 1002 1398 disposuit
1036 1363 1254 1390 habitationem
1289 1364 1333 1391 ibi
1362 1364 1461 1393 facere

73 1417 164 1444 super
180 1408 307 1436 fluvium
325 1407 474 1441 Aheimn,
500 1409 554 1436 sed
573 1419 589 1436 a
609 1409 684 1436 duce
703 1410 847 1436 Heiiuone
866 1409 946 1435 illius
967 1413 1060 1435 terrae
1080 1408 1202 1434 (lumino
1222 1418 1276 1442 per
1293 1411 1347 1435 vll
1367 1404 1461 1437 annos

73 1453 111 1481 ab
142 1453 198 1480 hoc
222 1453 380 1488 proposito
405 1454 573 1481 retardatus
601 1459 654 1483 est.
691 1459 772 1481 Inter
804 1462 878 1487 quos
911 1462 1005 1480 annos
1035 1453 1151 1480 litteras
1175 1453 1269 1485 magis
1296 1453 1403 1481 didicit
1430 1460 1460 1482 et

73 1506 173 1525 sacros
193 1497 315 1525 ordines
334 1498 476 1533 suscepit.
513 1499 648 1525 Tandem
668 1499 807 1526 sacerdos
827 1497 950 1525 effectus
976 1499 1035 1532 jam
1062 1498 1135 1524 dicti
1163 1497 1247 1524 ducis
1274 1497 1386 1531 filium,
1410 1500 1462 1532 qui

73 1551 142 1569 eum
160 1541 192 1569 in
209 1542 339 1569 maxima
356 1543 552 1570 veneratione
571 1544 712 1576 habebat,
733 1544 771 1570 de
791 1553 874 1570 sacro
893 1543 976 1570 sonte
996 1543 1138 1577 suscepit.
1174 1543 1284 1576 Elapso
1303 1545 1462 1578 septennio

73 1587 113 1614 ad
130 1587 226 1614 vitam
244 1587 411 1614 solitariam
430 1588 577 1615 transiens
596 1589 627 1615 in
646 1589 713 1616 loco
727 1588 849 1615 Alzeiae
868 1587 998 1614 fluminis
1011 1587 1116 1614 rivulis
1130 1587 1262 1620 undique
1278 1587 1462 1615 circumdato

72 1632 188 1659 ibidem
214 1632 342 1664 ecclesia
365 1636 395 1659 et
422 1632 603 1660 domuncula
629 1633 793 1661 aedificatis
817 1638 936 1669 praeter
961 1643 1011 1665 ea,
1042 1642 1117 1666 quae
1143 1642 1198 1667 per
1229 1641 1296 1658 enm
1323 1632 1463 1660 dominus

74 1681 215 1712 operatus
233 1681 279 1704 est
298 1677 448 1705 miracula.
485 1677 540 1704 liic
559 1684 604 1706 est
629 1679 894 1711 considerandum,
921 1678 1002 1712 quod
1028 1677 1165 1704 volucres
1185 1681 1215 1703 et
1233 1676 1331 1710 pisces
1351 1677 1464 1705 diversi

75 1721 190 1754 generis
217 1721 256 1748 ad
282 1731 397 1749 sacram
424 1723 486 1756 ejus
513 1732 632 1750 manum
658 1724 828 1758 palpabiles
853 1723 981 1759 receptis
1007 1723 1044 1749 ab
1072 1731 1107 1748 eo
1128 1721 1277 1748 alimentis
1297 1722 1463 1749 veniebant

73 1771 104 1792 et
121 1766 303 1794 recedebant
322 1767 406 1800 quasi
426 1767 593 1794 domestici.
631 1769 765 1802 Quadam
786 1769 850 1801 die,
881 1768 951 1795 dum
978 1768 1016 1793 ad
1034 1767 1148 1794 victum
1174 1766 1383 1799 quotidianum
1403 1776 1463 1794 non

74 1811 198 1838 liaberet
216 1811 275 1838 nisi
293 1821 402 1846 panem
420 1811 589 1840 modicum.
616 1812 675 1839 sibi
700 1817 728 1840 et
749 1813 898 1848 discipulo
919 1822 972 1840 suo
993 1811 1132 1838 dominus
1151 1810 1181 1836 in
1201 1811 1302 1845 specie
1320 1812 1463 1846 pauperis

74 1855 159 1882 venit
177 1855 371 1883 elemosinam
390 1861 507 1891 petens.
542 1856 596 1883 Vir
614 1858 669 1883 Dei
688 1857 819 1884 Jodocns
846 1867 954 1892 panem
974 1856 1071 1884 dividi
1090 1855 1176 1890 jussit
1195 1855 1225 1881 in
1245 1860 1373 1889 quatuor
1391 1866 1459 1891 par-

73 1904 119 1927 tes
139 1905 168 1927 et
185 1901 310 1935 pauperi
329 1901 445 1936 petenti
468 1912 558 1928 unam
582 1906 699 1936 partem
723 1903 761 1930 de
785 1907 913 1936 quatuor
939 1901 1062 1934 erogari.
1099 1900 1156 1927 Vix
1182 1909 1318 1932 egressus
1344 1906 1408 1928 erat
1435 1906 1465 1928 et

74 1954 143 1972 ecce
168 1945 307 1973 dominus
330 1945 490 1972 revertitur
515 1946 546 1973 in
571 1946 666 1974 soi-ma
695 1947 781 1979 egeni
810 1946 977 1973 deficientis
1010 1945 1127 1977 inedia,
1162 1949 1191 1971 et
1217 1945 1349 1972 secundo
1375 1946 1463 1980 panis

75 1989 242 2023 quadrante
261 1990 448 2017 satisfactum
467 1995 513 2018 est
531 1992 594 2025 ejus
613 1991 763 2026 petitioni.
800 1994 859 2018 Nec
878 1999 959 2018 mora
1003 1999 1155 2022 regressus
1175 1990 1261 2022 qnasi
1281 1990 1414 2018 esuriens
1435 1996 1464 2017 et

77 2033 222 2060 deficiens
246 2033 344 2066 fame,
371 2034 482 2061 donata
509 2039 555 2061 est
581 2036 609 2061 ei
634 2036 724 2062 etiam
751 2045 818 2069 pars
837 2035 924 2069 panis
944 2034 1041 2060 tertia.
1078 2034 1300 2066 consequenter
1317 2034 1401 2061 visus
1421 2039 1466 2061 est

77 2077 216 2104 dominus
237 2077 269 2104 in
287 2077 379 2104 altera
399 2077 540 2112 pauperis
560 2077 659 2109 effigie
678 2083 832 2110 rogaturus
852 2078 1056 2109 elemosinam,
1076 2077 1154 2103 sicut
1171 2079 1231 2110 jam
1250 2078 1338 2104 tertio
1354 2078 1468 2105 fecerat

77 2128 163 2155 ante,
189 2131 246 2149 nec
263 2126 343 2154 erat,
370 2121 449 2148 unde
468 2122 655 2154 reficeretur,
681 2122 741 2148 nisi
759 2123 797 2148 de
815 2123 936 2149 residuo
956 2121 1042 2155 panis
1061 2122 1237 2155 quadrante.
1272 2121 1345 2148 viro
1364 2122 1467 2155 itaque

77 2167 192 2195 domini
218 2167 333 2195 Jodoco
357 2171 387 2193 et
411 2166 490 2193 hunc
516 2175 637 2198 erogare
663 2167 785 2201 jubente
816 2168 878 2200 ejus
911 2165 1062 2192 minister:
1094 2166 1198 2198 visne,
1231 2166 1288 2199 ait,
1320 2171 1353 2193 ut
1379 2167 1468 2194 nobis

76 2212 194 2246 aliquid
211 2216 378 2239 remaneat?
413 2211 505 2243 Nolo,
525 2211 623 2244 inquit
642 2215 778 2242 sanctus,
797 2215 893 2237 totum
912 2211 1010 2238 tribue
1029 2210 1184 2243 esurienti,
1206 2211 1275 2244 qnia
1294 2215 1402 2245 potens
1423 2217 1468 2239 est

78 2257 218 2284 dominus
244 2255 335 2283 etiam
361 2255 452 2282 hodie
478 2259 598 2282 nostrae
631 2255 793 2290 providere
818 2255 1000 2284 necessitati.
1043 2255 1101 2282 Vix
1124 2255 1248 2282 recessit
1274 2256 1412 2284 dominus
1440 2262 1469 2284 et

77 2302 192 2329 interea
219 2301 290 2327 dum
309 2300 514 2327 consolaretur
532 2309 636 2327 servus
655 2300 710 2326 Dei
730 2299 913 2334 discipulum
932 2299 969 2326 de
985 2300 1071 2335 panis
1087 2300 1260 2332 erogatione
1275 2306 1467 2334 commotum,

78 2355 148 2374 ecce
166 2355 221 2381 per
238 2345 400 2372 fenestram
419 2346 503 2371 visae
522 2349 592 2372 sunt
611 2349 639 2372 et
663 2345 804 2372 inventae
830 2344 860 2371 in
884 2344 972 2371 alveo
998 2344 1129 2372 fluminis
1157 2349 1285 2378 quatuor
1309 2345 1469 2372 naviculae

78 2396 203 2419 onustae
225 2389 425 2422 victualibus,
452 2389 490 2416 de
514 2389 640 2422 quibus,
667 2389 734 2423 quis
763 2397 813 2415 eas
839 2388 1015 2421 adduxerit,
1041 2389 1092 2416 vel
1111 2398 1170 2422 quo
1189 2389 1260 2416 illae
1280 2390 1467 2423 devenerint,

79 2441 241 2472 postquam
258 2434 378 2462 suerunt
395 2429 580 2461 victualibus
599 2438 793 2466 exoneratae,
819 2443 915 2467 nsque
940 2433 972 2460 in
996 2434 1175 2461 hodiernum
1200 2434 1280 2461 diem
1308 2434 1470 2467 ignoratur.

80 2485 160 2508 Haec
179 2485 208 2507 et
227 2479 302 2512 alia,
322 2488 397 2512 quae
416 2487 471 2513 per
489 2487 557 2506 enm
575 2478 714 2505 dominus
733 2478 847 2504 ibidem
866 2478 1009 2506 miracula
1028 2478 1233 2505 demonstrare
1252 2478 1391 2511 dignatus
1412 2484 1467 2511 est,

81 2526 170 2558 longe
196 2525 316 2558 lateque
341 2523 470 2558 patriam
495 2523 534 2549 ad
560 2524 623 2555 eius
649 2522 854 2549 visitationem
881 2523 920 2549 ad
938 2523 1127 2558 impetranda
1147 2524 1209 2557 ejus
1230 2521 1371 2555 suffragia
1390 2532 1470 2550 com-

80 2574 251 2597 moverunt.
289 2571 420 2601 Cumque
438 2567 552 2594 ibidem
570 2570 640 2594 vlu
658 2568 742 2594 annis
762 2567 873 2602 elapsis
891 2567 998 2602 populi
1012 2566 1211 2601 frequentiam
1226 2567 1363 2601 nequiret
1381 2568 1471 2595 susti-

81 2623 167 2648 nere,
193 2613 232 2641 ad
251 2613 372 2640 alterius
392 2605 692 2640 desertumtloinino
713 2612 789 2639 duce
808 2613 955 2647 processit
980 2616 1211 2645 constructoque
1229 2612 1272 2640 ibi
1291 2612 1420 2641 oratorio
1441 2612 1469 2639 in

73 2707 76 2718 '
150 2703 179 2736 1)
198 2705 260 2730 Hoc
279 2705 366 2736 caput
387 2701 418 2728 in
438 2700 590 2729 nonnullis
611 2700 766 2729 codicibus
787 2704 815 2727 et
835 2699 1019 2728 editionibus
1038 2699 1193 2729 omittitur,
