1742 3005
249 165 328 205 252
559 164 654 214 Cap.
686 161 806 201 LVn.
863 161 923 199 De
952 168 1083 199 sancto
1116 160 1328 198 Ambrosio.

249 271 293 305 de
320 268 442 304 eadem
467 266 568 300 domo
595 267 630 300 in
655 266 815 302 exsilium
840 265 963 310 pulsus
989 270 1054 302 est.
1104 266 1167 302 Cui
1184 271 1300 301 tamen
1318 264 1526 300 Ambrosius
1554 261 1635 297 red-

247 336 333 370 dens
359 334 453 367 bona
476 343 540 377 pro
569 331 690 374 malis,
731 335 888 376 sumptus
930 335 964 366 et
998 333 1203 370 necessaria
1234 333 1455 366 ministravit.
1506 329 1634 364 Cantus

248 405 282 435 et
312 400 465 434 osticium
491 400 526 432 in
558 397 712 433 ecclesia
748 397 1008 432 Mediolanensi
1043 397 1217 432 celebrari
1249 398 1411 433 instituit.
1469 397 1577 433 Erant
1603 402 1637 432 et

246 471 326 500 tune
350 466 518 510 temporis
545 464 740 500 Mediolani
765 463 862 498 multi
901 473 922 498 a
946 463 1174 498 daemonibus
1208 462 1370 505 obsessi,
1411 466 1469 509 qui
1497 475 1534 500 se
1560 469 1635 499 tor-

247 533 347 578 queri
375 530 417 565 ab
444 530 634 566 Ambrosio
669 531 805 576 magnis
840 529 985 564 vocibus
1010 529 1226 571 clamabant,
1273 528 1412 564 Justina
1451 534 1565 564 autem
1603 535 1638 566 et

246 598 344 632 multi
368 597 588 639 Arianorum,
618 606 693 631 cum
726 595 825 630 simul
853 594 1065 638 habitarent,
1092 594 1257 629 dicebant
1281 594 1503 630 Ambrosium
1529 605 1635 641 pecu—

245 665 307 698 nia
345 663 504 698 homines
539 672 769 708 comparare,
822 662 881 706 qui
920 671 958 696 se
992 661 1036 695 ab
1073 661 1257 696 immundis
1296 661 1480 707 spiritibus
1515 664 1637 698 vexari

246 732 475 765 mentirentur
507 733 541 764 et
575 729 618 763 ab
658 728 845 764 Ambrosio
885 728 1041 763 dicerent
1076 738 1115 763 se
1148 729 1317 774 torqueri.
1382 728 1481 763 Tunc
1519 730 1637 766 subito

246 807 333 831 unus
353 806 395 829 ex
419 795 489 828 illis
514 795 668 836 Arianis,
696 795 755 839 qui
778 793 979 836 adstabant,
1005 798 1165 838 arreptus
1185 803 1207 828 a
1227 794 1409 829 daemonio
1434 796 1469 829 in
1488 795 1636 830 medium

246 861 411 907 prosiluit
435 864 540 906 atque
565 859 717 894 clamare
741 860 877 904 coepit:
903 859 1030 893 utinam
1056 860 1106 893 sic
1130 863 1370 905 torqueantur,
1398 864 1436 894 ut
1457 864 1636 906 torqueor,

246 929 305 974 qui
328 938 399 962 non
424 925 570 961 credunt
595 924 806 960 Ambrosio!
850 926 898 961 At
934 925 984 959 illi
1011 925 1149 960 confusi
1175 926 1211 959 in
1235 926 1406 971 piscinam
1442 924 1635 961 demersum

247 995 418 1029 hominem
451 995 676 1026 necaverunt.
743 991 889 1031 Quidam
919 991 1119 1026 haereticus
1153 992 1344 1026 acerrimus
1370 991 1570 1037 disputator
1603 997 1637 1028 et

245 1061 353 1094 durus
385 1062 419 1093 et
444 1056 723 1092 inconvertibilis
756 1057 801 1091 ad
834 1056 935 1092 fidem
973 1066 1047 1091 cum
1081 1057 1219 1093 audiret
1241 1057 1465 1093 Ambrosium
1491 1057 1634 1103 praedi·

246 1129 391 1166 cantem,
416 1123 504 1157 vidit
529 1123 692 1168 angelum
720 1123 764 1157 ad
790 1134 894 1159 aures
920 1124 997 1169 ejus
1019 1122 1217 1168 loquentem
1244 1123 1367 1165 verba,
1391 1134 1480 1170 quae
1504 1125 1634 1170 populo

245 1189 487 1237 praedicabat.
538 1188 612 1229 Quo
639 1190 714 1223 viso
740 1188 859 1232 fidem,
893 1200 995 1235 quam
1019 1188 1318 1234 persequebatur,
1362 1191 1479 1235 coepit
1513 1190 1634 1225 defen-

245 1257 341 1293 dere,
367 1276 414 1282 —-
436 1275 482 1281 —-
553 1259 596 1293 3.
636 1254 784 1295 Quidam
822 1265 977 1300 aruspex
1015 1253 1203 1289 daemones
1231 1254 1428 1290 advocabat
1464 1260 1498 1291 et
1535 1257 1634 1301 ipsos

244 1323 289 1358 ad
313 1321 508 1358 nocendum
531 1322 718 1358 Ambrosio
742 1320 1015 1363 transmittebat,
1041 1319 1106 1354 sed
1132 1322 1269 1356 reversi
1292 1320 1479 1356 daemones
1505 1333 1633 1357 renun-

242 1389 396 1431 tiabant,
437 1389 531 1434 quod
555 1400 625 1424 non
649 1389 762 1423 solum
786 1387 832 1422 ad
859 1388 991 1431 ipsum,
1031 1385 1094 1421 sed
1127 1396 1193 1421 nee
1228 1388 1333 1421 etiam
1367 1387 1411 1421 ad
1445 1387 1541 1422 fores
1570 1387 1633 1422 do-

242 1467 316 1491 mus
341 1465 427 1490 suae
454 1457 738 1501 appropinquare
762 1453 937 1495 valebant,
962 1454 1123 1497 quoniam
1142 1453 1235 1499 ignis
1258 1453 1509 1498 insuperabilis
1534 1465 1634 1489 omne

243 1522 330 1556 illud
356 1522 533 1556 adilicium
562 1522 798 1563 communiret,
824 1523 861 1554 ut
880 1520 984 1555 etiam
1009 1519 1115 1565 longe
1140 1520 1250 1564 positi
1280 1524 1475 1555 urerentur.
1524 1519 1631 1555 Prae-

242 1589 355 1623 dictus
383 1599 466 1624 vero
492 1598 645 1633 aruspex
671 1598 747 1622 cum
772 1596 793 1621 a
812 1585 935 1632 judice
969 1589 1114 1630 propter
1144 1585 1316 1630 quaedam
1353 1585 1525 1620 maleficia
1555 1589 1630 1620 tor-

242 1658 426 1701 queretur,
463 1653 638 1687 clamabat
668 1653 818 1697 ampliu-s
857 1652 899 1686 ab
933 1652 1121 1686 Ambrosio
1159 1661 1198 1686 se
1234 1653 1403 1697 torqueri.
1453 1651 1632 1691 Quendam

242 1721 503 1756 daemoniacum
549 1718 789 1754 Mediolanum
829 1718 1085 1763 ingredientem
1128 1717 1276 1752 daemon
1313 1717 1463 1760 dimisit,
1528 1728 1630 1763 egre—

242 1786 392 1820 dientem
425 1786 569 1819 invasit:
608 1785 848 1829 interrogatus
886 1782 929 1818 de
969 1782 1036 1817 hoe
1061 1782 1207 1817 daemon
1241 1785 1312 1826 ait,
1346 1784 1570 1819 Ambrosium
1594 1794 1632 1819 se

242 1853 374 1886 timere.
423 1851 523 1885 Alius
546 1849 686 1896 quidam
713 1854 816 1884 nocte
842 1850 918 1894 ejus
947 1847 1141 1882 cubiculum
1167 1848 1275 1891 adiit,
1304 1853 1341 1882 ut
1371 1849 1492 1894 gladio
1519 1851 1629 1894 ipsum

241 1921 403 1959 necaret,
432 1926 536 1961 prece
560 1926 602 1951 ac
627 1917 740 1961 pretio
766 1925 788 1950 a
824 1914 964 1950 Justina
988 1914 1169 1957 inductuS,
1203 1913 1266 1949 sed
1302 1925 1376 1948 cum
1401 1914 1527 1949 dextra
1551 1915 1629 1961 gla-

242 1984 334 2018 dium
362 1982 556 2025 elevasset,
591 1986 629 2016 ut
654 1983 767 2027 ipsum
804 1983 1022 2026 percuteret,
1065 1981 1229 2014 continuo
1265 1982 1357 2014 aruit
1388 1991 1507 2015 manus
1541 1983 1630 2026 ejus.

242 2050 323 2084 Cum
353 2050 417 2083 viri
443 2048 722 2082 Thessalonicae
749 2047 901 2081 civitatis
929 2046 1131 2091 imperatori
1158 2045 1293 2091 aliquid
1320 2045 1571 2091 deliquissent,
1598 2051 1633 2082 et

242 2118 285 2150 iis
314 2117 504 2160 imperator
529 2113 693 2158 precibus
718 2114 815 2148 beati
841 2111 1020 2147 Ambrosii
1047 2111 1271 2154 indulsisset,
1301 2111 1389 2145 clam
1416 2116 1544 2158 agente
1571 2122 1631 2147 cu-

242 2182 378 2216 rialium
404 2181 550 2222 malitia,
576 2190 640 2224 per
661 2181 799 2225 jussum
825 2180 1046 2223 imperatoris
1070 2179 1248 2213 nesciente
1277 2177 1463 2212 Ambrosio
1490 2179 1631 2223 plurimi

242 2252 321 2282 sunt
352 2247 471 2281 occisi.
521 2244 621 2285 Quod
653 2248 691 2279 ut
721 2244 928 2280 Ambrosius
953 2245 1134 2288 comperit,
1170 2244 1372 2287 imperatori
1408 2245 1544 2289 copiam
1580 2245 1631 2278 in-

242 2312 357 2347 trandi
382 2311 566 2345 ecclesiam
592 2310 790 2356 denegavit.
848 2310 912 2344 Cui
939 2320 1013 2344 cum
1039 2310 1229 2354 imperator
1254 2308 1404 2352 diceret,
1442 2309 1534 2355 quod
1559 2310 1630 2344 Da-

243 2378 300 2412 xid
326 2377 533 2412 adulterium
564 2379 598 2409 et
624 2374 845 2409 homicidium
879 2376 1130 2416 commisisset,
1166 2376 1369 2419 respondit:
1405 2377 1463 2421 qui
1490 2380 1630 2410 secutus

243 2456 279 2479 es
305 2447 489 2485 errantem,
517 2452 667 2487 sequere
694 2442 938 2485 corrigentem.
975 2441 1075 2481 Quod
1098 2452 1172 2475 cum
1196 2441 1369 2475 audiisset
1395 2441 1628 2476 clementissi-

243 2520 316 2544 mus
345 2511 552 2553 imperator,
581 2508 629 2541 ita
655 2511 838 2553 gratanter
865 2508 975 2552 cepit,
1003 2507 1095 2552 quod
1113 2518 1234 2553 puram
1250 2508 1497 2552 poenitentiam
1523 2516 1630 2551 agere

243 2588 309 2609 non
336 2576 488 2620 negavit.
544 2576 578 2619 ¹)
616 2572 762 2614 Quidam
788 2582 809 2606 a
836 2572 1020 2608 daemonio
1051 2577 1212 2618 arreptus
1254 2573 1405 2607 clamare
1429 2572 1556 2616 coepit,
1585 2571 1629 2605 ab

315 2731 340 2761 1)
366 2730 524 2757 historiola
554 2731 734 2758 antecedens
761 2731 830 2758 indo
851 2741 866 2757 :1
894 2731 1011 2757 verbis:
1034 2734 1117 2758 Cum
1144 2729 1220 2756 viri
1247 2742 1276 2749 —
1303 2727 1463 2758 negavit
1489 2726 1573 2755 deest
1602 2726 1631 2754 in

245 2776 297 2803 hl.
317 2775 407 2804 rrinc.
