1742 3005
224 64 302 104 152
532 67 627 115 (lap.
663 63 835 101 XXXIV.
894 63 953 101 De
982 59 1287 114 quadragesima.

223 172 341 206 narius
369 181 431 215 per
458 170 716 215 quaternarium
742 167 1007 213 multiplicetur.
1043 173 1079 203 ut
1104 171 1153 204 sic
1179 169 1241 204 XL
1270 168 1455 212 faciainus,
1485 168 1519 203 id
1547 174 1610 204 est.

227 236 387 271 mandata
426 236 555 270 veteris
587 239 621 269 ct
655 244 766 269 novae
801 234 891 279 legis
924 237 999 267 toto
1036 237 1191 279 tempore
1221 237 1312 270 ritae
1336 234 1440 280 liujus
1467 235 1611 280 implea-

225 313 298 336 mus
360 301 529 336 Consistit
554 300 691 346 quidem
716 310 843 345 corpus
868 303 1044 343 nostruin,
1072 301 1160 334 sicut
1185 300 1354 342 diximuS,
1382 311 1425 335 ex
1449 304 1613 346 quattuor

227 368 417 409 elementis
445 376 535 411 quae
561 370 595 401 et
623 367 724 412 quasi
750 368 915 410 quattuor
941 364 1044 400 sedes
1069 367 1102 399 iii
1129 364 1230 399 nobis
1258 364 1400 407 liabent,
1427 376 1504 399 nain
1520 367 1612 412 ignis

229 435 260 466 in
288 432 418 474 oculis,
461 436 523 467 aer
547 433 580 466 in
607 433 728 478 lingua
754 435 787 466 et
814 429 978 473 auribus,
1017 440 1109 476 aqua
1133 432 1167 464 in
1193 430 1428 477 genitalibus,
1460 434 1553 465 terra
1581 433 1614 465 in

230 497 386 532 manibus
413 502 447 532 et
469 497 548 532 aliis
575 497 736 532 membris
763 496 968 530 dominatur.
1018 495 1055 530 In
1081 497 1190 531 oculis
1219 497 1326 542 igitur
1351 497 1557 538 curiositas,
1583 498 1616 531 iii

230 564 350 609 lingua
376 568 409 598 et
432 563 574 597 auribus
599 562 807 605 scurrilitas,
832 563 865 596 in
892 561 1106 608 genitalibus
1133 562 1316 607 voluptas,
1342 563 1375 595 iii
1402 563 1560 597 manibus
1585 567 1617 597 et

231 632 263 664 iii
290 630 369 664 aliis
394 628 554 664 membris
581 633 631 664 est
656 628 857 663 crudelitas.
929 627 1021 662 Haec
1059 631 1223 673 quattuor
1254 627 1436 662 confitetur
1461 627 1616 672 publica-

232 707 308 738 nus,
339 696 422 740 quia
450 696 538 730 euim
565 705 583 728 a
610 695 715 739 louge
741 697 830 735 stat,
854 693 1036 727 confitetur
1059 693 1252 727 luxuriam.
1280 702 1369 738 quac
1393 696 1444 727 est
1473 693 1616 728 foetida.

234 762 334 806 quasi
358 760 469 794 dicat:
519 770 584 793 iioii
613 758 724 793 audeo
752 758 1037 802 appropinquare
1064 757 1220 800 domine,
1257 769 1298 792 ne
1324 760 1356 791 iii
1383 758 1526 792 naribus
1551 760 1619 793 tuis

236 828 395 861 t'oeteam.
454 823 553 865 Quod
578 834 645 857 iioii
671 822 776 858 audet
800 822 918 856 oculos
945 821 989 856 ad
1015 821 1147 857 coelum
1169 823 1306 865 levare,
1355 823 1538 857 confitetur
1562 834 1619 858 cu-

234 893 447 933 riositatem3
476 889 568 935 quod
579 899 680 923 mauu
691 889 983 934 percutitpectus,
999 887 1503 932 confitetur¹)erudelitatc-m3
1530 890 1623 934 quod

237 958 337 992 dii-it:
366 956 539 1002 propitius
562 959 637 990 esto
665 953 747 988 mihi
773 954 964 999 peccatori,
991 953 1249 996 scurrilitatem,
1276 964 1353 988 nam
1380 964 1521 989 scurrae
1540 966 1620 989 con-

237 1025 425 1058 sueverunt
450 1022 567 1055 vocari
593 1024 794 1065 peccatores
822 1019 875 1054 vel
903 1020 1018 1063 potius
1044 1018 1247 1054 leccatores.
1320 1019 1412 1054 Ilaec
1436 1019 1624 1065 Praeposi-

238 1090 340 1122 tiviis.
391 1086 583 1132 Gregorius
610 1096 747 1132 quoque
774 1087 808 1118 in
834 1084 977 1118 homilia.
1003 1088 1075 1119 tres
1100 1087 1198 1129 pouit
1225 1087 1378 1120 rationes
1403 1085 1539 1120 dicens:
1567 1096 1626 1120 cur

239 1157 272 1188 in
302 1153 515 1188 abstinentia
542 1151 846 1198 quadragenarius
872 1160 1032 1184 munci-iis
1059 1149 1271 1192 custoditur,
1317 1152 1383 1186 nisi
1410 1152 1492 1196 quia
1517 1153 1627 1186 virtus

239 1219 401 1265 decalogi
426 1229 488 1263 per
514 1218 624 1252 libros
649 1221 814 1263 quattuor
834 1217 945 1250 sancti
971 1215 1146 1261 evangelii
1170 1216 1358 1260 impletur?
1382 1215 1419 1251 In
1443 1217 1509 1251 hoc
1524 1218 1627 1252 etiam

240 1284 378 1318 mortali
400 1294 548 1329 corpore
574 1293 617 1317 ex
645 1286 808 1328 quattuor
833 1281 1011 1316 elementis
1037 1280 1256 1315 subsistimus
1283 1285 1317 1316 et
1342 1293 1405 1326 per
1431 1283 1628 1328 voluptates

243 1349 397 1395 ejiisdem
423 1350 583 1393 corporis
606 1349 804 1393 praeceptis
832 1347 1012 1381 dominicis
1038 1347 1302 1381 contrariainiir.
1339 1347 1429 1388 Quia
1454 1358 1540 1394 ergo
1567 1360 1630 1393 per

241 1417 356 1450 cai-iiis
379 1414 556 1450 desideria
581 1413 743 1460 decalogi
769 1412 934 1447 mandata
957 1413 1213 1455 contemsimus,
1241 1412 1382 1459 dignum
1401 1417 1466 1457 est,
1492 1418 1529 1448 ut
1548 1424 1629 1449 ean-

246 1482 320 1516 dem
344 1490 480 1515 carnem
506 1479 748 1526 quaterdecies
773 1479 984 1525 affligamus.
1057 1479 1087 1513 A
1120 1480 1297 1523 praesenti
1335 1489 1473 1525 quoque
1497 1479 1553 1515 die
1574 1491 1630 1515 us—

246 1558 312 1592 que
340 1546 385 1579 ad
410 1545 543 1590 pascha
567 1556 629 1580 sex
653 1544 915 1587 hebdomadae,
943 1543 978 1577 id
1002 1547 1055 1578 est
1078 1543 1173 1578 XLII
1197 1544 1272 1578 dies
1298 1546 1461 1588 veniunt,
1486 1557 1528 1581 ex
1554 1547 1630 1592 qui—

245 1613 310 1646 bus
337 1612 415 1645 dum
441 1622 503 1646 sex
528 1611 602 1646 dies
630 1602 792 1644 dominici
817 1610 859 1644 de
884 1609 1097 1644 abstinentia
1123 1608 1385 1653 abstrabuntur,
1413 1610 1572 1647 XXXVI.
1601 1613 1632 1646 in

246 1677 459 1712 abstinentia
485 1680 683 1718 remanent,
710 1676 787 1710 dum
816 1685 897 1710 vero
919 1686 981 1720 per
1004 1679 1179 1710 trecentos
1201 1675 1308 1709 LXV.
1335 1674 1410 1711 dies
1436 1686 1546 1711 annus
1571 1677 1632 1712 du-

247 1745 346 1786 citur,
371 1744 470 1788 quasi
492 1744 573 1776 anni
598 1743 708 1776 nostri
735 1741 886 1777 decimas
907 1741 981 1776 Deo
1003 1741 1135 1775 damus.
1170 1740 1261 1775 Haec
1287 1740 1491 1787 Gregorius.
1518 1743 1634 1783 Quare

250 1813 361 1843 autem
384 1820 452 1843 non
478 1809 705 1842 observamus
731 1812 883 1842 nostrum
906 1807 1075 1852 jejunium
1104 1806 1224 1841 eodem
1252 1810 1420 1851 tempore,
1447 1818 1515 1852 quo
1535 1808 1634 1843 Cliri-

249 1879 323 1909 stus
353 1876 549 1919 jejunarit,
599 1876 655 1919 qui
690 1875 804 1908 statim
837 1877 917 1918 post
942 1872 1151 1917 baptismum
1175 1872 1266 1906 istud
1292 1871 1497 1908 inchoavit?
1567 1875 1636 1909 Sed

250 1951 322 1974 cum
351 1939 481 1984 pascha
508 1941 623 1984 potius
650 1939 741 1973 istud
766 1940 1027 1979 continuamus,
1079 1937 1297 1982 quadruplex
1324 1940 1413 1972 ratio
1439 1940 1641 1985 assignatur

252 2009 285 2039 in
310 2006 447 2039 Summa
473 2005 515 2039 de
542 2005 657 2039 osticio
682 2006 840 2050 magistri
872 2003 1043 2040 Johaiinis
1080 2002 1212 2037 Beletli.
1286 2002 1401 2038 Prima
1427 2009 1500 2048 est,
1550 2009 1587 2040 ut
1610 2008 1637 2040 si

255 2072 407 2105 volumus
433 2082 505 2105 eum
533 2070 673 2106 Christo
701 2081 910 2119 resurgere,
958 2080 1021 2114 pro
1056 2068 1156 2103 nobis
1193 2068 1352 2103 Chi-'istus
1378 2074 1431 2105 est
1456 2081 1581 2115 passus
1608 2079 1640 2107 et

255 2148 316 2170 sios
341 2148 413 2170 cuni
441 2148 481 2171 eo
511 2138 579 2181 pati
606 2136 783 2171 debemus.
834 2135 995 2170 Secunda
1019 2145 1127 2168 causa
1152 2138 1218 2177 cst,
1252 2138 1287 2168 ut
1311 2135 1401 2169 tilios
1427 2135 1536 2171 Israel
1564 2139 1638 2171 imi—

254 2206 381 2244 temur,
423 2203 479 2245 qui
506 2204 614 2245 primo
641 2214 681 2236 eo
707 2206 862 2246 tempore
896 2201 1054 2234 exierunt
1080 2199 1122 2234 de
1151 2200 1186 2243 ¹²)
1219 2199 1402 2244 Aegypto,
1451 2205 1577 2245 postea
1601 2214 1641 2237 co

256 2273 408 2311 tempere
435 2266 477 2300 de
502 2266 707 2311 Babffiouia,
737 2265 827 2310 quod
854 2265 932 2299 inde
960 2264 1141 2309 probatur,
1172 2265 1334 2308 quonian}
1362 2269 1429 2300 tam
1456 2267 1515 2301 isti
1540 2277 1642 2312 quam

255 2333 317 2374 illi,
346 2331 484 2376 quando
510 2333 644 2377 egressi
674 2336 771 2373 sunt,
800 2330 1021 2366 celebrarunt
1048 2330 1190 2375 pascha.
1241 2331 1297 2366 Sic
1323 2336 1355 2366 et
1381 2343 1444 2366 nos
1470 2333 1644 2368 imitantes

256 2409 316 2432 eos
343 2397 406 2431 boc
435 2401 588 2441 tempore
606 2398 829 2441 jejunamus.
875 2402 909 2430 ut
938 2396 979 2431 dc
1006 2397 1168 2442 Aegypto
1197 2401 1229 2431 et
1255 2396 1471 2442 Babylonia,
1518 2397 1553 2432 id
1579 2402 1643 2434 est.

258 2464 320 2497 lior,
349 2462 473 2496 mundo
504 2464 534 2496 iii
564 2466 688 2496 terram
716 2466 880 2497 aeternae
908 2461 1112 2496 hereditatis
1142 2462 1278 2509 ingredi
1305 2473 1509 2498 mereamur.
1559 2461 1645 2497 Ter>

259 2531 303 2563 tia
331 2539 437 2563 rausa
462 2532 526 2563 cst.
555 2530 714 2573 quoniam
743 2528 859 2563 servor
887 2528 1041 2562 libidinis
1068 2529 1101 2562 in
1128 2531 1282 2573 tempore
1310 2529 1399 2563 veris
1425 2529 1536 2573 magis
1558 2528 1649 2562 sole't

345 2630 367 2657 Ι»
391 2627 431 2651 tii«
461 2632 485 2652 ut
511 2627 599 2660 panii·
622 2630 685 2660 pust
710 2627 760 2652 hil.
788 2630 828 2652 l’r.
858 2637 866 2650 r
884 2637 889 2652 i
905 2627 1141 2653 tantitatem
1171 2624 1264 2651 utlaii.
1404 2626 1431 2649 *3⁵¹
1460 2625 1556 2651 ῪυιΊΗι
1579 2627 1647 2651 Ao,

265 2683 288 2697 ,Η
311 2679 372 2706 l'¹''
396 2687 419 2690 -
446 2672 479 2695 ·t⁴
511 2671 617 2698 ‹la-:iint
640 2671 665 2696 iii
692 2672 740 2698 Ι·,Ἰ,
764 2674 803 2698 ΙἸ(
