1742 3005
255 121 338 162 560
531 123 628 172 Cap.
660 120 832 158 CXXIV.
894 120 952 158 De
984 129 1113 159 sancto
1145 122 1370 172 Augustino.

261 231 383 274 spectu
413 230 518 272 atque
554 226 676 260 auditu
707 235 797 260 anno
832 226 958 261 aetatis
983 235 1069 260 suae
1093 224 1272 268 LXXVII,
1311 228 1536 272 episcopatus
1561 236 1644 261 vero

256 294 320 328 XL
353 302 469 327 coram
506 293 631 336 positis
667 290 835 325 fratribus
879 295 914 326 et
949 291 1131 325 orantibus
1171 292 1336 336 migravit
1373 292 1418 326 ad
1459 291 1645 326 dominum.

257 359 518 393 Testamentum
531 357 661 391 nullum
674 357 768 399 feeit,
782 358 876 402 quia,
888 355 980 391 unde
992 356 1283 402 faceret,pauper
1291 356 1420 391 Christi
1431 368 1500 391 non
1510 357 1645 391 habuit.

255 424 391 458 Floruit
423 424 518 457 elrca
551 433 662 457 annos
695 422 825 457 domini
858 423 984 458 CCCC.
1031 421 1152 467 Itaque
1186 422 1405 467 Augustinus
1449 424 1646 466 sapientiae

257 490 371 525 lumen
397 488 656 534 perfulgiduni,
690 489 991 535 propugnaculum
1027 490 1187 524 veritatis
1225 492 1259 523 et
1290 487 1370 522 fidei
1405 490 1647 522 munimentum

255 565 374 589 omnes
410 554 581 589 ecclesiae
617 555 781 589 doctores
815 559 884 588 tam
920 556 1062 600 ingenio
1097 564 1198 600 quam
1233 555 1382 588 seientia
1408 556 1490 588 vicit
1519 555 1648 588 incom-

256 620 484 666 parabiliter,
519 620 648 655 florens
681 624 751 655 tam
787 620 957 665 exemplis
993 621 1156 654 virtutum
1183 629 1281 665 quam
1309 620 1490 655 affluentia
1515 620 1648 655 doctri-

257 697 388 721 narum.
435 685 533 720 Unde
569 690 603 720 et
637 686 762 720 heatus
799 685 977 730 Remigius
1012 685 1253 730 Hieronynum
1295 690 1327 724 et
1362 686 1531 731 quosdam
1557 686 1648 720 alios

257 751 422 785 doctores
447 760 719 785 commemorans
746 751 797 784 sic
821 750 1013 784 concludit:
1040 750 1103 784 hos
1131 761 1250 785 omnes
1267 752 1486 796 Augustinus
1506 753 1648 798 ingenio

256 822 291 852 et
325 818 473 851 scientia
507 824 571 849 sua
605 816 706 857 vicit,
747 825 825 848 nam
860 815 944 849 licet
976 815 1203 859 HieronJmus
1239 815 1283 850 Vl
1326 818 1435 851 millia
1476 818 1649 851 volumina

256 883 423 929 Origenis
450 892 488 915 se
514 881 648 926 legisse
675 880 844 923 fateatur,
878 881 946 915 iste
971 885 1087 915 tamen
1111 884 1210 914 tanta
1234 883 1396 926 scripsit,
1435 887 1472 917 ut
1497 894 1565 917 non
1589 894 1649 918 so-

255 949 324 983 lum
351 947 476 982 diebus
503 956 545 980 ae-
569 946 731 980 noctibus
760 946 916 981 seribere
950 946 1060 980 libros
1097 947 1172 991 ejus
1215 948 1292 992 quis
1319 958 1388 981 non
1414 950 1550 993 possit,
1585 948 1648 983 sed

255 1025 318 1050 nec
353 1013 474 1059 legere
513 1012 649 1057 quidem
687 1016 858 1046 occurrat.
908 1011 1123 1046 Volusianus
1159 1016 1291 1054 autem,
1335 1015 1390 1048 cui
1429 1014 1648 1060 Augustinus

257 1079 443 1124 epistolam
469 1079 635 1122 scripsit,
671 1079 722 1111 sic
755 1077 798 1112 de
825 1088 865 1112 eo
893 1077 995 1112 dicit:
1032 1077 1103 1123 legi
1130 1078 1194 1112 Dei
1221 1078 1344 1121 deest,
1378 1079 1547 1125 quidquid
1575 1080 1648 1114 Au—

255 1146 398 1191 gustino
421 1144 612 1188 contigerit
637 1144 814 1188 ignorare.
859 1142 1086 1188 Hieronymus
1112 1155 1250 1189 qnoque
1269 1145 1302 1177 in
1325 1145 1472 1189 quadam
1496 1145 1648 1190 epistola

255 1210 413 1245 scribens
439 1208 638 1254 Augustino
667 1209 735 1242 ait:
771 1207 908 1242 duobus
940 1208 1072 1243 libellis
1109 1211 1178 1242 tuis
1213 1210 1459 1244 eruditissimis
1497 1214 1530 1244 et
1555 1212 1647 1244 omni

256 1276 478 1321 eloquentiae
505 1273 694 1318 splendore
721 1273 936 1318 fulgentibus
962 1273 1177 1318 respondere
1203 1285 1269 1308 non
1296 1277 1404 1319 potui,
1431 1280 1524 1310 certe
1543 1276 1645 1321 quid-

256 1342 338 1388 quid
359 1341 427 1375 dici
448 1340 563 1384 potuit
584 1343 618 1374 et
638 1341 767 1374 assumi
786 1341 927 1385 ingenio
947 1344 981 1374 et
1000 1340 1043 1374 de
1064 1341 1313 1384 scripturarum
1327 1340 1458 1374 hauriri
1475 1341 1642 1380 sontibus,

253 1419 276 1443 a
307 1412 343 1442 te
376 1408 526 1452 positum
564 1409 669 1450 atque
701 1405 867 1439 disertum
895 1410 969 1447 est,
1006 1405 1067 1440 sed
1101 1415 1232 1451 quaeso
1269 1407 1500 1440 reverentiam
1535 1411 1641 1449 tuam,

252 1483 439 1519 parumper
472 1472 621 1516 patiaris
653 1481 706 1505 me
736 1475 835 1505 tuum
870 1471 1018 1506 laudare
1048 1472 1235 1517 ingenium.
1284 1471 1512 1516 Hieronymus
1538 1474 1641 1507 etiam

252 1541 288 1574 in
313 1538 404 1572 libro
433 1537 475 1572 de
499 1536 564 1570 XII
589 1536 791 1571 doctoribus
818 1538 868 1571 sic
893 1537 936 1572 de
963 1548 1003 1572 eo
1030 1537 1170 1572 scribit:
1210 1537 1428 1583 Augustinus
1454 1539 1641 1583 episcopus

252 1605 374 1639 volans
409 1613 472 1648 per
504 1603 667 1635 montium
703 1605 883 1638 cacumina
915 1604 1017 1648 quasi
1049 1603 1169 1648 aquila
1205 1606 1239 1637 et
1274 1613 1332 1646 ea,
1369 1613 1459 1649 quae
1491 1607 1571 1638 sunt
1605 1605 1640 1637 in

251 1671 416 1705 montium
443 1667 633 1707 radicibus,
659 1677 726 1700 non
749 1668 976 1703 considerans
993 1669 1099 1702 multa
1115 1668 1290 1703 coelorum
1308 1670 1426 1714 spatia
1448 1673 1638 1704 terrarum-

251 1747 317 1782 que
343 1737 431 1770 situs
459 1738 492 1769 et
520 1743 686 1778 aquarum
715 1733 878 1766 circulum
904 1734 1000 1767 claro
1027 1744 1187 1768 sermone
1219 1737 1432 1779 pronuntiat.
1480 1734 1639 1780 Denique

249 1803 286 1835 in
322 1804 453 1846 quanta
487 1810 561 1835 eum
595 1800 794 1834 reverentia
829 1803 862 1832 et
896 1798 1082 1833 dilectione
1107 1798 1334 1843 Hieronymus
1362 1799 1505 1841 habuit,
1541 1803 1639 1843 patet

249 1868 284 1900 in
310 1865 490 1910 epistolis,
524 1874 610 1909 quas
646 1863 758 1898 eidem
795 1865 905 1904 misit,
942 1864 975 1897 in
1008 1873 1149 1908 quarum
1185 1873 1253 1897 una
1277 1865 1329 1897 sic
1357 1863 1455 1897 dicit:
1489 1864 1636 1898 Domino

249 1935 371 1965 saneto
405 1940 445 1964 ac
478 1930 681 1964 beatissimo
721 1939 834 1973 papae
875 1928 1116 1973 Hieronymus.
1164 1928 1262 1963 Omni
1303 1929 1440 1974 quidem
1478 1933 1636 1974 tempore

247 1995 497 2031 beatitudinem
526 2000 619 2029 tuam
647 2005 708 2037 eo,
743 2005 810 2039 quo
838 1994 955 2036 decet,
994 1994 1127 2029 honore
1162 1999 1349 2029 veneratus
1375 2005 1447 2028 sum
1475 1999 1509 2028 et
1534 1994 1635 2028 habi-

246 2065 376 2095 tantem
403 2063 437 2094 in
465 2064 500 2094 te
525 2060 633 2095 dilexi
659 2060 833 2093 dominum
861 2059 1092 2111 salvatorem,
1127 2059 1189 2094 sed
1216 2070 1324 2101 nunc,
1352 2060 1382 2092 si
1408 2059 1481 2093 lieri
1508 2063 1635 2103 potest,

245 2125 381 2160 cumulo
420 2125 551 2170 aliquid
587 2125 747 2160 addimus
783 2129 817 2159 et
849 2125 954 2169 plena
987 2125 1219 2169 complemus,
1257 2129 1294 2159 ut
1327 2124 1462 2170 absque
1486 2126 1635 2159 nominis

244 2192 295 2224 tui
320 2192 494 2225 mentione
519 2201 561 2225 ne
587 2201 687 2225 unam
714 2190 834 2225 horam
862 2191 998 2236 quidem
1032 2192 1225 2235 praeterire
1260 2192 1443 2235 patiamur.
1480 2189 1573 2224 Idem
1600 2191 1636 2224 in

245 2255 317 2289 alia
343 2256 495 2300 epistola
520 2256 562 2290 ad
593 2256 754 2290 eundem:
790 2256 883 2290 absit
909 2261 1041 2298 autem,
1080 2261 1117 2290 ut
1143 2256 1330 2301 quidquam
1356 2255 1398 2290 de
1423 2255 1522 2289 libris
1549 2254 1635 2289 bea-

243 2320 405 2354 titudinis
431 2325 511 2355 tuae
540 2322 714 2365 attingere
741 2321 898 2364 audeam,
924 2322 1054 2356 sufficit
1073 2323 1160 2355 enim
1182 2332 1258 2356 mea
1285 2321 1435 2366 probare
1460 2325 1494 2355 et
1518 2321 1635 2355 aliena

244 2396 312 2420 non
338 2396 494 2431 carpere.
544 2385 737 2432 Gregorius
763 2397 901 2432 quoque
927 2387 959 2420 in
985 2387 1137 2431 epistola
1161 2387 1210 2421 ad
1230 2386 1466 2421 innocentium
1491 2385 1634 2420 Africae

243 2451 459 2495 praesectum
494 2450 537 2487 de
563 2452 639 2497 ejus
676 2451 776 2486 libris
812 2453 865 2486 sic
899 2453 970 2485 ait:
1004 2451 1097 2497 quod
1135 2453 1387 2496 expositionem
1423 2452 1535 2486 sancti
1564 2449 1631 2485 Job

243 2516 344 2550 vobis
371 2518 560 2551 transmitti
586 2517 766 2559 voluistis,
804 2521 921 2552 vestro
947 2517 1064 2551 studio
1089 2516 1369 2562 congaudemus,
1400 2516 1462 2551 sed
1488 2516 1518 2549 si
1540 2502 1631 2548 'deti-

243 2581 340 2614 eioso
375 2583 501 2626 cupitis
534 2581 665 2626 pabulo
698 2583 877 2628 saginari,
911 2582 1007 2617 beati
1032 2583 1221 2628 Augustini
1247 2581 1498 2625 compatriotae
1526 2580 1633 2613 vestri

244 2645 415 2688 opuscula
439 2647 547 2692 legite
573 2652 606 2682 et
633 2647 675 2681 ad
702 2649 998 2693 comparationem
1024 2648 1117 2682 illius
1143 2647 1352 2692 similaginis
1380 2647 1533 2678 nostrum
1560 2643 1632 2678 snr-

245 2708 351 2743 surem
393 2720 458 2743 non
493 2715 681 2754 (pateretis.
732 2713 822 2749 ldem
860 2724 998 2758 quoque
1034 2715 1065 2746 in
1098 2713 1248 2758 registro
1285 2712 1334 2744 sic
1378 2711 1445 2743 ait:
1489 2709 1628 2755 legitur,
