1742 3005
244 87 295 124 42
355 90 448 140 (Tap.
482 90 544 126 w.
603 89 659 126 De
691 90 883 128 nativitate
916 91 1058 128 domini
1093 93 1210 129 nostri
1241 94 1329 130 Jesn
1366 93 1518 130 Cin-isti.

241 194 417 228 rientiam:
452 206 525 228 eum
550 195 637 228 enim
665 197 718 236 (ut
743 195 776 226 iu
801 195 1047 238 compilatione
1071 196 1331 231 Bai-tholomaei
1356 197 1505 231 habetur
1530 202 1564 232 et
1587 199 1628 233 de

241 259 330 294 libro
365 259 537 293 Infantiae
565 259 754 292 salvatoris
789 264 960 303 sumptum
997 260 1105 295 fuisse
1139 261 1302 306 videtur)
1335 262 1461 297 beatae
1491 263 1628 298 Mariae

240 325 398 369 pariendi
420 329 555 368 tempus
587 326 753 366 instaret,
786 324 920 369 Joseph
945 326 1027 360 licet
1051 326 1157 360 Deum
1183 326 1225 360 de
1255 329 1389 372 virgine
1416 330 1626 362 naseiturum

238 402 305 423 nou
344 389 539 431 dubitaret,
589 400 717 424 morem
752 395 867 425 tamen
901 401 1029 436 gerens
1062 393 1200 436 patriae.
1235 392 1442 427 obstetrices
1476 396 1625 433 vocavit,

239 467 382 501 (piarum
411 466 479 489 una
503 455 696 489 vocabatur
722 455 831 490 Zebel
857 460 890 490 et
918 456 1031 490 altera
1056 457 1206 491 salome.
1274 456 1382 492 Zebel
1410 459 1518 503 igitur
1544 468 1626 492 cou-

236 522 395 557 siderans
431 526 464 556 et
497 523 676 566 inquirens
711 525 744 556 et
781 523 890 566 ipsam
926 523 1108 556 inveniens
1137 523 1345 557 exclamavit
1370 525 1539 569 virginem
1566 535 1625 569 pe-

236 591 383 633 perisse,
427 588 566 621 Salome
594 591 707 621 autem
738 587 814 621 dum
841 598 908 621 non
933 587 1114 630 erederet,
1143 588 1205 622 sed
1230 588 1294 622 hoe
1324 589 1475 633 probare
1505 590 1625 623 simili—

234 659 288 689 ter
314 654 430 695 vellet,
456 655 620 687 continuo
647 654 738 686 aruit
764 663 883 687 manus
910 655 999 699 ejus,
1021 655 1124 699 jussu
1147 659 1261 688 tamen
1287 655 1403 700 angeli
1432 655 1623 700 sibiappa-

235 722 342 755 rentis
370 730 513 764 puerum
531 720 650 763 tetigit
669 723 703 753 et
729 721 892 753 continno
921 721 1113 753 sanitatem¹
1132 708 1277 764 aecepit.
1318 722 1445 761 Quinto
1472 732 1535 766 per
1560 724 1621 755 mi-

234 787 344 820 raculi
370 785 598 819 evidentiam:
638 784 765 819 Romae
791 786 902 826 enini,
940 790 976 818 ut
1011 789 1162 819 testatur
1187 785 1407 820 Innocentius
1432 797 1527 831 papa
1553 791 1622 821 ter-

234 855 313 895 tius,
343 851 524 886 duodecim
551 852 651 885 annis
677 861 745 895 pax
775 850 850 892 suit,
877 852 985 896 igitur
1009 850 1154 885 Romani
1172 851 1333 895 templum
1350 853 1446 896 pacis
1462 852 1622 896 pulcher-

233 921 352 953 rimum
378 922 645 953 construxerimt
671 923 703 951 et
728 916 775 950 ibi
804 920 953 950 statuam
984 915 1118 950 Romuli
1140 921 1342 960 posuerunt.
1393 917 1622 953 Consulentes

231 990 345 1019 autem
366 984 575 1029 Apollinem,
603 987 767 1028 quantum
789 983 942 1023 duraret,
972 987 1179 1026 aeceperunt
1194 993 1412 1027 responsum,
1441 994 1621 1029 quousque

231 1053 331 1097 virgo
357 1054 509 1095 pareret.
583 1049 655 1084 Hoc
683 1052 795 1083 autem
823 1047 1004 1082 audientes
1031 1047 1210 1081 dixerunt:
1261 1059 1346 1093 ergo
1383 1050 1416 1082 in
1442 1053 1620 1084 aeternum

230 1116 382 1151 durabit.
423 1114 644 1160 Impossibile
672 1116 758 1149 enim
786 1113 1019 1155 erediderunt,
1048 1114 1139 1158 quod
1167 1115 1316 1158 unquam
1338 1120 1480 1158 pareret
1506 1117 1618 1162 virgo.

229 1183 326 1218 Unde
355 1184 389 1215 in
416 1181 550 1216 foribus
575 1181 694 1225 templi
718 1181 853 1214 titulum
879 1190 966 1213 nunc
993 1181 1225 1224 seripserunt:
1255 1180 1414 1224 templum
1437 1183 1534 1225 pacis
1559 1193 1618 1216 ae-

228 1255 373 1284 ternum.
446 1248 514 1282 Sed
550 1250 582 1281 in
615 1249 693 1291 ipsa
719 1250 818 1280 noete
846 1255 914 1290 qua
939 1247 1040 1290 virgo
1069 1247 1226 1289 peperit,
1274 1246 1437 1290 templum
1465 1246 1619 1281 funditus

228 1316 360 1349 corruit
384 1317 417 1348 et
443 1313 490 1346 ibi
518 1317 569 1347 est
593 1312 695 1345 modo
722 1311 871 1345 ecelesia
903 1312 1054 1345 sanetae
1091 1311 1227 1345 Mariae
1253 1310 1384 1346 Novae.
1458 1313 1618 1347 Secundo

230 1382 294 1415 suit
317 1379 525 1414 mirabibter
550 1378 643 1411 saeta
669 1389 711 1412 ex
737 1382 837 1422 parte
864 1378 984 1422 geniti.
1059 1376 1145 1411 Nam
1180 1378 1270 1410 sieut
1294 1377 1617 1412 dieiturBernhar-

228 1448 312 1482 dus:
338 1448 420 1491 quia
446 1447 479 1478 in
505 1444 625 1479 eadem
654 1453 807 1488 persona
833 1447 1010 1477 aeternum
1035 1444 1213 1487 antiquum
1241 1446 1274 1477 et
1298 1454 1423 1477 novum
1448 1443 1616 1478 mirabili-

229 1519 280 1547 ter
306 1514 553 1551 convenerunt,
580 1513 778 1549 aeternum,
806 1508 840 1542 id
868 1513 932 1551 est,
960 1509 1145 1550 divinitas,
1171 1510 1369 1552 antiquum,
1396 1509 1430 1543 id
1457 1513 1510 1544 est
1533 1520 1615 1543 earo

227 1579 271 1613 ab
297 1578 408 1613 Adam
431 1575 647 1616 transducta,
673 1585 810 1615 novum,
839 1574 872 1607 id
900 1578 953 1609 est
980 1575 1095 1608 anima
1119 1574 1161 1608 de
1186 1584 1275 1607 novo
1301 1578 1430 1609 creata.
1475 1575 1614 1613 Iterum,

226 1647 315 1680 sieut
340 1643 429 1677 idem
454 1642 557 1683 dicit,
592 1646 664 1675 tres
689 1642 857 1673 mixturas
885 1640 938 1674 vel
962 1642 1031 1674 tria
1058 1650 1167 1685 opera
1189 1639 1270 1673 feeit
1295 1639 1387 1674 Deus
1404 1668 1411 1682 ,
1438 1642 1488 1674 ita
1510 1643 1614 1675 mira-

225 1711 343 1746 biliter
368 1708 577 1753 singularia,
607 1710 643 1740 nt
668 1706 753 1741 talia
778 1716 840 1741 nec
866 1706 958 1740 saeta
984 1707 1064 1747 sint,
1091 1716 1154 1739 nee
1181 1705 1329 1750 amplius
1357 1706 1517 1740 facienda
1533 1709 1612 1741 sint.

225 1778 419 1822 (2‹›njuneta
446 1775 573 1819 quippe
598 1779 677 1807 sunt
703 1773 746 1807 ad
772 1774 916 1807 invicem
942 1772 1034 1806 Deus
1061 1776 1095 1806 et
1122 1771 1246 1814 homo,
1295 1774 1405 1805 mater
1440 1775 1474 1805 et
1499 1773 1612 1817 virgo,

224 1843 309 1878 fides
336 1845 369 1877 et
393 1852 453 1875 eor
478 1839 673 1875 humanum.
721 1838 836 1873 Prima
862 1837 964 1872 valde
990 1837 1182 1879 mirabilis,
1219 1838 1302 1882 quia
1326 1838 1510 1881 conjuncta
1534 1841 1613 1871 sunt

222 1911 324 1944 limus
349 1912 383 1942 et
408 1906 513 1947 neus,
537 1906 704 1950 majestas
729 1908 764 1939 et
789 1905 983 1946 infirmitas,
1011 1907 1111 1938 tanta
1138 1903 1255 1937 vilitas
1280 1906 1315 1937 et
1337 1906 1435 1936 tanta
1454 1901 1611 1936 sublimi-

223 1980 288 2009 tas.
324 1972 417 2009 Nihil
446 1974 533 2007 enim
559 1971 632 2006 Deo
657 1970 839 2005 sublimius
872 1974 907 2005 et
931 1969 1015 2004 nihil
1042 1970 1122 2004 limo
1149 1969 1264 2003 vilius.
1300 1967 1460 2003 Secunda
1484 1967 1607 2002 nihilo-

221 2043 333 2075 minus
361 2038 462 2073 valde
487 2037 668 2071 mirabilis,
740 2037 767 2072 A
795 2036 937 2071 saec-ulo
963 2037 1050 2071 enim
1078 2035 1225 2069 nondum
1254 2038 1307 2069 est
1324 2033 1491 2076 auditum,
1518 2033 1609 2079 quod

223 2109 323 2149 virg-o
350 2109 456 2146 esset,
484 2113 574 2149 quae
590 2104 738 2148 peperit,
764 2107 798 2137 et
812 2102 904 2148 quod
920 2106 1031 2137 mater
1051 2103 1158 2142 esse't,
1181 2111 1270 2146 quae
1291 2102 1390 2145 virgo
1406 2101 1607 2145 permansit.

222 2172 346 2207 Tertia
371 2175 406 2205 et
432 2172 543 2215 prima
566 2173 600 2204 et
625 2169 779 2203 secunda
800 2160 959 2209 inferior,
982 2166 1043 2201 sed
1060 2177 1127 2200 non
1146 2168 1255 2200 minus
1275 2166 1386 2199 sortis.
1407 2165 1534 2200 Mirum
1555 2169 1609 2199 est

221 2239 322 2277 enim,
349 2235 520 2281 quomodo
547 2245 606 2269 cor
631 2234 812 2269 lnnuanum
837 2233 937 2267 fidem
963 2232 1016 2266 his
1042 2231 1177 2266 duobus
1201 2230 1486 2266 acconnnodavit.
1514 2230 1607 2270 Quo—

221 2302 322 2337 modo
348 2302 442 2336 eredi
467 2302 597 2346 potuit,
625 2299 719 2345 quod
747 2300 840 2334 Deus
864 2298 966 2333 homo
996 2302 1103 2340 esset,
1131 2302 1165 2332 et
1193 2296 1285 2343 quod
1314 2298 1414 2342 virgo
1429 2297 1607 2334 manserit,

221 2380 309 2414 quae
335 2369 542 2413 peperisset.
592 2366 684 2400 Hace
710 2364 922 2400 Bel-nardus.
982 2364 1103 2399 Tertio
1132 2364 1196 2397 suit
1218 2362 1425 2397 mirabiliter
1451 2362 1544 2396 saeta
1566 2373 1608 2397 ex

221 2439 319 2479 parte
343 2433 434 2467 modi
460 2431 664 2476 generandi.
739 2430 824 2476 Ejus
851 2432 939 2465 enim
965 2434 1086 2475 partus
1115 2430 1178 2463 suit
1203 2439 1311 2474 supra
1336 2432 1516 2470 naturam,
1566 2438 1607 2462 ex

219 2512 260 2533 eo
287 2500 376 2544 quod
406 2501 506 2544 virgo
530 2499 700 2542 coneepit.
750 2497 865 2542 Supra
889 2498 1071 2539 rationem,
1101 2507 1143 2530 ex
1165 2506 1206 2530 eo
1236 2494 1327 2540 quod
1344 2494 1449 2529 Deum
1475 2494 1608 2538 genuit,

219 2575 325 2609 supra
349 2564 529 2597 humanam
555 2563 800 2604 conditionem,
828 2574 869 2597 ex
898 2574 938 2597 eo
968 2562 1059 2607 quod
1086 2563 1160 2595 sine
1187 2560 1308 2594 dolore
1326 2560 1472 2604 peperit,
1500 2568 1606 2602 supra

218 2629 521 2665 eonsnenulimrm.
571 2640 612 2663 ex
639 2641 679 2662 eo
705 2629 795 2674 ‹piod
826 2629 868 2663 de
899 2629 1023 2673 spiritu
1049 2631 1170 2662 saneto
1197 2626 1373 2669 concepit3
1427 2634 1493 2657 non
1517 2625 1604 2657 enim

219 2697 336 2737 genuit
366 2697 463 2739 virgo
489 2705 529 2729 ex
557 2694 704 2728 hnmano
733 2695 886 2735 semine,
937 2693 998 2728 sed
1026 2704 1067 2727 ex
1094 2693 1230 2726 mistico
1260 2690 1460 2734 spiramine.
1522 2689 1606 2723 Nam
