1742 3005
285 110 365 150 882
408 111 502 160 Cap.
532 107 700 145 CXCttt.
733 107 792 144 De
811 115 940 145 sancto
958 110 1166 158 Arbogasto
1186 112 1366 162 episcopo
1384 113 1664 162 Argentinensi.

286 225 323 247 At
342 224 414 244 vero
432 213 508 241 tanti
526 211 619 247 patris
638 211 780 244 insignia,
810 211 919 245 quibus
939 210 968 238 in
988 210 1094 239 diebus
1114 213 1176 240 suis
1195 212 1344 241 miraculis
1362 216 1587 244 coruscantibus
1607 216 1667 243 cla-

284 263 358 293 ruit,
383 268 443 286 non
461 268 498 285 ex
516 262 580 284 toto
599 257 720 284 silentio
746 261 815 284 sunt
839 264 997 291 oppressa,
1033 266 1110 289 quae
1136 267 1190 292 per
1214 267 1300 284 aures
1325 257 1459 286 fidelium
1484 261 1666 288 transeundo

283 304 413 342 posteris
430 303 620 330 narrantibus
635 301 756 329 auribus
772 300 883 328 nostris
899 305 967 328 suut
982 300 1089 330 infusa.
1125 301 1261 328 Tradunt
1279 312 1406 336 namque
1423 312 1489 330 eum
1506 304 1536 330 in
1550 309 1666 340 tempo-

282 351 365 377 ribus
383 347 546 380 Dagoberti
564 346 656 379 regis,
682 356 749 373 cum
768 350 870 372 sancta
889 345 1016 372 ecclesia
1037 344 1123 377 longe
1142 345 1262 379 lateque
1285 347 1373 374 liores
1392 347 1546 376 doctrinae
1565 351 1666 377 catino>

281 396 356 422 licae
375 402 468 421 suave
486 391 651 419 redolentis
669 390 853 418 diffunderet
871 395 900 417 et
916 391 1042 416 verbum
1059 390 1114 417 Dei
1129 399 1343 425 usquequaque
1363 400 1507 426 prospere
1528 400 1666 426 curreret,

280 440 318 466 de
344 429 504 472 Aquitania
529 445 720 471 progressum
746 435 851 462 divino
877 439 950 461 nutu
973 434 1198 466 Argentinensis
1225 435 1369 463 ecclesiae
1395 437 1567 465 cathedram
1596 448 1667 466 con·

277 483 398 512 ‘sedisse
425 486 658 516 suscepuunque
690 481 808 508 culmen
842 478 993 512 regiminis
1019 479 1102 506 felici
1128 480 1343 512 gubernatione
1369 480 1422 508 diu
1447 482 1569 509 rexisse.
1613 484 1666 510 Hit,-

278 530 386 556 beatus
411 526 519 554 christi
544 525 685 552 sacerdos
711 525 847 560 praefato
871 524 932 556 regi
957 524 1052 551 amica
1076 523 1281 551 familiaritate
1307 524 1384 553 adeo
1403 531 1448 553 est
1468 525 1609 559 innexus,
1635 532 1666 554 ut

277 582 314 601 eo
347 573 426 599 intra
458 571 588 603 regalem
618 570 717 597 aulam
742 570 836 597 ascito
862 569 944 596 illius
968 569 1102 602 alloquio
1129 569 1341 601 delectaretur,
1375 571 1502 598 consilio
1526 576 1666 601 uteretur.

278 621 343 654 Qua
360 616 546 651 jucunditate
565 624 631 642 cum
649 619 783 647 uterque,
803 622 856 641 suo
875 623 926 640 rex
944 613 975 640 in
993 622 1093 646 regno,
1113 612 1273 648 episcopus
1287 613 1318 640 in
1331 614 1509 650 episcopatu
1523 625 1666 651 prospere

277 672 310 689 se
328 664 465 693 agerent,
491 659 588 686 hostis
613 659 735 686 humani
760 659 875 691 generis
901 658 1016 685 invidia
1044 667 1090 685 res
1109 657 1187 685 laeta
1206 658 1333 685 vertitur
1351 659 1381 686 in
1400 661 1558 688 contraria.
1594 664 1665 688 Nam

276 716 344 734 cum
362 704 492 739 quadam
511 704 560 730 die
578 708 738 731 venatores
756 703 834 736 regis
852 712 934 730 more
953 702 1043 730 solito
1062 711 1167 736 aprum
1185 702 1414 735 insequerentur
1432 705 1462 731 in
1481 706 1568 738 saltu,
1589 707 1665 738 regis

277 751 367 778 etiam
385 749 482 778 filius.
508 748 559 782 qui
583 752 645 774 erat
670 748 698 775 ei
722 747 843 779 unicus,
871 747 982 781 pariter
1008 756 1075 773 cum
1100 746 1137 772 iis
1163 746 1194 772 in
1220 746 1327 774 eodem
1345 747 1480 776 discursu
1500 750 1665 777 festinavit.

276 799 354 822 Dum
373 799 473 821 autem
490 793 536 820 illi
554 801 608 827 per
626 792 717 819 devia
736 801 872 825 quaeque
891 797 920 818 et
939 791 1076 818 diversos
1095 790 1246 817 anfractus
1264 800 1330 817 cum
1344 792 1467 820 canibus
1481 795 1665 828 oberrarent,

277 840 360 868 solus
377 839 498 866 relictus
518 837 661 869 singulari
679 836 806 863 occurrit
826 836 971 864 incautus.
1008 838 1074 870 Quo
1092 834 1160 861 viso
1179 834 1318 869 sonipes,
1336 835 1367 862 in
1386 845 1444 869 quo
1464 838 1551 870 sedit,
1571 849 1664 874 pave-

274 885 372 912 tactus
390 892 508 911 cursum
526 887 701 915 retorquens
720 881 751 908 in
768 881 868 913 sugam
887 880 1023 908 vertitur.
1059 883 1134 906 Puer
1151 887 1241 911 vero,
1261 889 1327 906 cum
1346 889 1413 907 eum
1433 880 1517 909 sreuo
1535 883 1663 910 retinere

276 933 433 957 conaretur
452 932 480 955 et
499 927 530 953 in
548 926 672 953 alteram
691 930 806 961 partem
825 926 973 952 habenam
992 924 1124 952 strictius
1144 925 1288 957 traheret,
1316 926 1373 952 heu
1399 926 1522 953 nimium
1551 937 1662 961 pronus

276 984 292 1002 a
313 974 388 1001 sella
407 977 452 1000 est
474 972 612 1006 elapsus,
636 971 734 997 adhuc
757 975 856 997 autem
882 970 1035 1002 habenae,
1061 980 1149 1002 quam
1173 969 1204 996 in
1228 980 1317 997 manu
1336 971 1476 1002 tenebat,
1505 970 1661 1000 inhaerens

275 1028 329 1054 per
346 1023 455 1045 terram
472 1020 585 1043 tractus
604 1015 737 1042 calcibus
756 1015 826 1048 equi
843 1014 1056 1041 miserabiliter
1070 1019 1115 1041 est
1127 1015 1281 1048 protritus.
1319 1017 1414 1051 Quem
1429 1016 1474 1042 sui
1490 1017 1662 1051 pedissequi

274 1064 326 1090 diu
350 1061 518 1095 quaesitum
543 1065 572 1087 et
600 1060 641 1086 ita
667 1059 856 1086 invenientes
885 1059 1019 1086 attritum
1043 1068 1102 1085 non
1130 1058 1194 1085 siue
1219 1059 1349 1087 maximo
1369 1069 1503 1087 moerore
1521 1062 1662 1089 tollentes

274 1112 303 1134 et
322 1107 353 1133 in
372 1105 456 1139 equis
474 1105 612 1131 levantes
630 1103 734 1130 sunere
752 1103 870 1136 lugubri
891 1104 1013 1131 domum
1032 1107 1100 1130 sunt
1118 1103 1241 1131 reversi.
1279 1106 1350 1131 Cum
1374 1109 1473 1131 autem
1500 1105 1529 1132 in
1549 1106 1662 1140 palatio

271 1152 366 1184 regis,
391 1149 474 1184 quod
496 1149 609 1175 sactum
634 1147 707 1180 suit,
733 1153 922 1182 personaret,
949 1152 1078 1182 quantus
1104 1147 1236 1180 undique
1269 1156 1430 1176 concursus
1464 1149 1596 1177 virorum
1629 1161 1662 1178 ac

271 1196 442 1227 mulierum,
470 1197 598 1227 quantus
623 1192 778 1227 plauctus,
804 1197 932 1225 quantus
961 1192 1088 1227 ejulatus
1116 1192 1231 1224 regales
1257 1193 1364 1225 aedes,
1397 1194 1499 1226 vicos,
1529 1205 1660 1230 campos,

271 1241 454 1273 ubicumque
471 1238 607 1265 auditum
627 1241 681 1270 est,
699 1236 881 1271 impleverit,
902 1246 989 1264 nemo
1009 1236 1089 1263 valet
1109 1236 1268 1270 explicare.
1306 1241 1420 1265 Interea
1439 1248 1514 1273 puer
1532 1240 1562 1266 in
1583 1240 1660 1268 lecto

270 1286 435 1313 collocatus
454 1283 547 1310 altera
566 1282 615 1308 die
634 1281 698 1308 vita
716 1282 868 1316 praesenti
887 1286 931 1308 est
947 1286 1063 1308 exutus.
1101 1280 1179 1316 Quid
1197 1280 1285 1312 igitur
1300 1282 1472 1315 hujusmodi
1488 1286 1660 1313 concussio-

270 1331 315 1358 nis
334 1330 414 1356 facto
434 1337 510 1363 opus
529 1327 567 1354 sit
586 1331 615 1353 et
635 1327 787 1359 quomodo
808 1325 883 1358 regis
903 1327 1039 1353 dolorem
1058 1325 1241 1358 mitigarent,
1268 1335 1335 1352 cum
1354 1336 1454 1354 secum
1473 1335 1658 1361 quaererent,

269 1374 392 1403 tandem
411 1372 538 1401 consilio
557 1372 697 1403 invento,
725 1375 757 1397 ut
775 1370 936 1406 episcopus
956 1370 1115 1403 invitetur,
1142 1370 1201 1402 regi
1222 1376 1390 1402 suggerunt.
1427 1373 1516 1407 Quod
1535 1374 1587 1401 ille
1606 1375 1658 1401 de.-

267 1417 426 1444 votissime
449 1417 634 1452 amplectens
659 1424 730 1442 mox
755 1415 820 1442 sine
845 1415 991 1442 dilatione
1019 1414 1123 1447 legatis
1150 1414 1287 1448 directis,
1315 1420 1347 1443 ut
1375 1416 1413 1443 ad
1439 1425 1471 1444 se
1498 1418 1658 1454 episcopus

265 1462 350 1490 omni
366 1461 542 1489 festinantia
561 1470 593 1488 se
610 1460 736 1493 fatigare
763 1461 917 1493 dignetur,
945 1459 1091 1494 exposcit.
1127 1462 1186 1486 Nec
1210 1469 1310 1487 mora:
1335 1462 1413 1494 jussa
1439 1461 1567 1496 faciunt,
1593 1463 1658 1498 epi·-

268 1515 393 1542 scopum
411 1507 539 1539 ademit,
565 1514 685 1533 causam
710 1505 898 1532 invitationis
927 1514 987 1531 non
1007 1504 1070 1531 sine
1090 1504 1170 1530 luctu
1189 1509 1353 1539 exponunt.
1388 1506 1444 1532 Ille
1462 1516 1535 1534 vero
1554 1508 1656 1536 audito

265 1561 338 1580 casu
356 1552 443 1579 amici
462 1557 542 1579 totus
562 1551 670 1586 spiritu
689 1551 901 1582 conturbatus,
929 1550 1004 1577 flens
1030 1549 1217 1583 multumque
1237 1559 1357 1582 gemens
1377 1551 1477 1578 statim
1495 1561 1656 1587 properare

264 1605 327 1626 non
345 1597 473 1626 distulit.
510 1599 569 1623 Nec
587 1599 685 1624 minus
705 1595 818 1622 interea
837 1604 889 1621 rex
907 1594 946 1621 ad
969 1594 1133 1621 adventum
1158 1594 1310 1629 pontificis
1329 1595 1489 1630 impatiens
1510 1606 1655 1630 egressus.

264 1651 366 1669 senem
386 1641 501 1669 eminus
519 1641 710 1668 festinantem
730 1640 921 1674 conspicatus
940 1639 1016 1667 susis
1036 1639 1190 1672 lacrymis,
1216 1639 1319 1666 velato
1346 1640 1458 1674 capite,
1482 1642 1585 1669 multis
1605 1652 1655 1669 co-

263 1686 439 1714 mitantibus
465 1691 554 1719 atque
578 1684 812 1719 lacrymantibus
836 1684 964 1719 stipatus
990 1685 1127 1712 occurrit.
1169 1684 1227 1719 Qui
1253 1694 1320 1711 cum
1350 1694 1382 1712 se
1407 1685 1536 1712 invicem
1564 1687 1654 1714 solito

262 1731 392 1759 salutare
417 1735 574 1766 pararent,
601 1739 672 1764 prae
698 1729 791 1756 nimio
819 1729 918 1756 cordis
945 1728 1050 1755 dolore
1075 1738 1136 1756 vox
1162 1728 1257 1756 haesit
1284 1729 1314 1756 in
1340 1734 1467 1762 gutture.
1504 1733 1653 1766 Quantum

261 1775 457 1809 lacrymarum
484 1785 521 1802 ex
546 1779 672 1808 utraque
691 1778 775 1809 parte
803 1774 935 1806 fluxerit,
971 1773 1046 1800 nulli
1080 1773 1231 1805 cognitum
1255 1783 1321 1801 esse
1352 1775 1472 1809 poterit.
1515 1776 1651 1802 'l'andem

261 1819 343 1846 luctu
369 1820 507 1852 sauciati,
536 1829 602 1846 cum
622 1829 680 1846 nox
699 1818 873 1846 advenisset
899 1823 928 1845 et
947 1827 1050 1845 omues
1070 1826 1161 1852 sopor
1179 1818 1373 1852 gravissimus
1392 1819 1591 1854 oppressisset
1612 1821 1650 1847 ad

864 1863 1022 1898 Quomodo
1057 1866 1107 1887 aut
1138 1862 1246 1894 quibus
1280 1864 1382 1890 verbis
1407 1864 1554 1896 oraverit,
1590 1874 1650 1892 non

261 1864 426 1890 orationem
460 1864 607 1898 processit
638 1863 808 1898 episcopus.

1067 1905 1161 1931 Finita
1187 1911 1286 1932 autem
1313 1907 1446 1933 oratione
1466 1910 1589 1935 accessit
1610 1910 1648 1937 ad

259 1912 358 1941 pate13
387 1908 459 1941 quid
485 1913 584 1934 autem
611 1907 834 1942 impetraverit,
861 1916 921 1933 nou
948 1907 1031 1932 latet.

257 1951 399 1979 feretrum
425 1952 586 1985 ejectisque
614 1951 753 1978 omnibus
779 1951 817 1977 ad
844 1951 1001 1984 exsequias
1027 1949 1222 1981 vigilantibus
1251 1950 1336 1977 lionis
1363 1952 1488 1982 genibus
1515 1962 1546 1979 se
1567 1963 1647 1981 coin-

256 1997 347 2023 mittit
366 1997 478 2023 Mariae
496 1996 684 2031 patrociniis,
709 2001 740 2021 ut
767 1996 836 2027 illa,
864 2006 939 2028 quae
966 1995 1059 2022 vitam
1086 1994 1197 2021 mundo
1225 1994 1340 2026 gemuit,
1367 1997 1460 2023 vitam
1479 2008 1571 2032 puero
1592 1999 1646 2026 im-

256 2045 386 2074 petraret
406 2051 421 2067 a
442 2040 513 2067 filio.
550 2044 630 2066 lutor
649 2040 793 2066 orandum
813 2049 887 2073 puer
905 2040 1033 2065 surrexit
1051 2044 1232 2071 exutumque
1252 2039 1428 2067 funebribus
1456 2041 1645 2075 inultum-ntis,

254 2085 364 2117 quibus
383 2089 451 2112 ante
470 2093 540 2111 usus
561 2089 619 2115 est,
647 2084 808 2119 opiscopus
835 2084 922 2120 jussit
947 2084 1031 2110 indui
1052 2084 1211 2115 regalibus.
1248 2084 1352 2116 Igitur,
1381 2085 1431 2118 qui
1457 2085 1525 2112 huic
1543 2086 1644 2115 officio

253 2128 391 2162 aderant,
419 2129 580 2156 clamorem
606 2128 706 2160 gaudii
733 2129 872 2155 cohibere
899 2138 958 2156 nou
984 2133 1135 2163 poteraut,
1163 2128 1234 2162 quin
1262 2128 1355 2155 libere
1381 2134 1517 2165 eruptum
1537 2132 1643 2159 atrium

253 2181 432 2207 omnemque
459 2173 558 2200 aulam
584 2173 661 2205 regis
686 2173 854 2200 vociferato
880 2172 1010 2200 maximo
1030 2173 1186 2207 implebat.
1223 2176 1288 2207 Quo
1308 2181 1411 2200 omnes
1431 2184 1446 2200 a
1466 2184 1572 2203 somno
1592 2186 1641 2203 cx-

252 2216 332 2243 cussi
356 2217 413 2243 huc
436 2217 566 2251 illucque
591 2217 815 2250 discurrebant,
839 2226 959 2244 causam
984 2217 1060 2244 tanti
1087 2217 1202 2244 sonitus
1229 2217 1408 2249 ignorantes.
1444 2221 1563 2246 Necnon
1591 2230 1641 2247 rex

251 2260 334 2294 ipse,
368 2261 418 2294 qui
452 2266 522 2289 tuuc
547 2261 675 2297 primum
702 2272 808 2297 parum
834 2262 931 2289 somni
957 2262 1113 2297 carpebat,
1145 2262 1302 2289 exterritus
1329 2267 1391 2295 ost,
1422 2273 1490 2290 nam
1516 2265 1640 2293 nimium

249 2305 343 2332 tristis
370 2310 433 2332 tota
459 2311 547 2333 nocte
567 2307 682 2339 jacebat
702 2306 857 2335 insomnis.
895 2307 1087 2339 Cubiculum,
1113 2307 1165 2334 uhi
1193 2311 1293 2334 tantus
1317 2306 1415 2340 fragor
1439 2313 1560 2336 exortus
1583 2315 1639 2342 est,

249 2348 376 2376 festinus
395 2351 502 2384 erupit.
540 2353 656 2385 Quanta
677 2351 790 2378 laetitia
810 2360 860 2378 cor
879 2353 941 2385 ojus
960 2351 1142 2386 pulsaverit,
1169 2351 1253 2378 susae
1273 2361 1344 2386 prae
1363 2352 1472 2384 gaudio
1492 2353 1638 2387 lacrymae

249 2397 412 2427 testantur,
437 2405 502 2422 cum
524 2395 706 2423 reviviscere
725 2395 816 2428 vidit,
844 2405 897 2430 pro
917 2405 992 2429 qun,
1020 2396 1044 2424 si
1064 2406 1129 2423 eum
1158 2396 1318 2431 reciperet,
1344 2397 1408 2432 ipse
1434 2397 1509 2424 mori
1529 2406 1637 2425 concu-

249 2438 334 2471 pivit.
370 2441 483 2466 vocata
511 2444 605 2466 mater
631 2440 668 2465 ad
696 2441 790 2467 sancti
816 2441 871 2468 viri
900 2441 991 2475 pedes
1016 2440 1154 2473 festinat,
1190 2441 1258 2474 quia
1285 2450 1336 2468 cor
1359 2443 1422 2474 ejus
1448 2442 1531 2469 triste
1557 2442 1634 2470 fitius

247 2481 336 2509 vivus
356 2482 515 2511 mulcebat.
552 2487 670 2511 Necnon
690 2493 810 2517 omnes,
837 2486 887 2518 qui
914 2485 951 2512 ad
978 2485 1066 2513 sunus
1092 2485 1263 2512 deflendum
1282 2486 1502 2519 confluxerant,
1526 2485 1634 2518 gaudio

245 2526 352 2560 repleti
384 2527 424 2553 ad
458 2528 684 2563 admirationem
713 2529 892 2562 resurgentis
920 2531 1002 2564 pueri
1033 2530 1143 2563 quique
1175 2540 1246 2565 prat¹
1273 2530 1340 2557 aliis
1372 2530 1414 2558 ire
1440 2530 1632 2559 festinabant.

245 2572 306 2595 nux
327 2580 404 2604 ergo,
424 2581 460 2598 ne
480 2582 592 2600 moram
612 2572 721 2600 faceret
741 2573 885 2609 episcopo
905 2575 1035 2607 domum,
1056 2585 1091 2601 ue
1112 2574 1282 2601 laudaretur
1300 2585 1315 2601 a
1335 2573 1631 2610 populo,‚sestiuauti

245 2614 401 2641 eonsilium
421 2625 486 2643 cum
507 2618 605 2649 regina
625 2618 726 2651 duxit,
747 2619 899 2653 quomodo
918 2623 1052 2646 sanctum
1073 2623 1287 2653 rvmtmeraret,
1313 2620 1364 2653 qui
1382 2619 1418 2646 iis
1438 2621 1517 2644 tauta
1538 2617 1629 2645 bene-

244 2657 308 2683 ticia
329 2668 343 2683 a
364 2662 426 2685 neo
445 2662 654 2694 praestitisse-t.
689 2665 815 2695 Aurum,
835 2668 1004 2696 argeutum,
1023 2673 1216 2697 quaecuuque
1235 2661 1479 2698 concupiscibilia
1499 2666 1526 2689 ct
1548 2663 1629 2695 regio

242 2702 320 2728 «tono
341 2702 563 2731 honorabiliora
584 2705 612 2733 in
642 2706 787 2736 thesauris
807 2707 942 2736 invenire
963 2713 1118 2743 poterant,
1146 2707 1321 2745 gratissime
1343 2707 1496 2741 praecepit
1526 2705 1628 2736 oss'erri
