1742 3005
349 124 443 173 Cap.
474 123 579 160 XIII.
639 122 697 159 De
729 121 1020 158 circumcisione
1051 120 1209 157 domini.
1430 121 1482 158 79

53 232 195 281 Nuictis
222 233 256 264 et
279 238 423 274 panem,
465 238 564 273 quem
592 227 692 261 vobis
721 236 914 272 paravero,
953 225 1153 261 comedetis.
1202 225 1389 260 Descendit
1415 228 1463 261 ita

95 305 161 341 que
186 294 356 329 Silvester
379 303 454 328 cum
479 293 613 328 duobus
634 291 840 338 presbiteris
859 293 893 325 in
915 291 1050 326 foveam
1068 302 1131 336 per
1153 290 1285 338 gradus
1311 291 1368 326 CL
1395 291 1480 327 duas

94 370 209 396 secum
249 359 363 394 serens
400 359 578 394 laternas:
626 363 706 392 tunc
741 357 883 391 draconi
918 357 1100 402 praedicta
1130 356 1239 391 verba
1270 357 1357 391 dixit
1381 362 1415 392 et
1442 369 1481 392 os

92 427 202 471 ipsius
228 425 406 460 stridentis
431 428 465 459 et
490 424 684 465 sibilantiS,
713 427 748 457 ut
768 424 889 466 jussus
920 422 1054 463 suerat,
1092 422 1255 467 alligavit
1275 427 1309 457 et
1336 423 1479 458 adsccn‘

95 492 179 527 dens
205 492 336 525 Invenit
359 490 445 525 duos
472 499 618 534 magos,
661 490 716 533 qui
743 498 803 522 eos
829 489 939 522 secuti
967 487 1125 527 fuerant,
1167 492 1205 521 ut
1231 488 1407 531 viderent,
1452 493 1481 523 si

94 568 202 603 usque
228 556 273 590 ad
298 556 481 589 draconem
507 553 774 592 descenderent,
826 562 868 587 ex
902 551 1063 586 draconis
1091 552 1225 586 foetore
1252 562 1363 597 paene
1391 564 1475 588 mor

94 628 182 657 tuos.
230 621 342 656 Etiam
369 630 428 654 eos
453 629 569 654 secum
596 618 742 653 adduxit
766 618 955 652 Incolumes
981 623 1086 663 atque
1113 627 1237 659 sanos,
1284 620 1342 663 qui
1367 621 1481 652 statim

92 698 166 722 cum
191 685 407 720 multitudine
442 684 576 718 infinita
601 685 761 718 conversi
787 687 866 718 sunt
893 686 1012 729 sicque
1040 693 1258 717 romanorum
1286 685 1435 729 populus
1463 696 1482 717 a

93 753 220 798 duplici
248 756 357 787 morte
381 750 571 790 liberatus,
615 750 748 784 scilicet
773 759 794 784 a
819 750 955 784 cultura
980 748 1157 783 daemonis
1183 753 1215 782 ct
1242 760 1374 784 veneno
1402 749 1481 784 dra-

92 820 200 853 conis.
272 817 428 852 Tandem
460 816 585 851 beatus
622 816 792 851 silvester
825 815 926 848 morti
965 816 1252 859 appropinquans
1283 815 1411 850 clerum
1440 816 1481 850 de

93 884 203 919 tribus
231 884 429 925 admonuit,
481 883 614 917 scilicet
639 886 673 916 ut
698 884 787 917 inter
813 891 850 915 se
875 882 1055 914 caritatem
1082 879 1270 921 haberent,
1315 881 1481 916 eeclesias

93 959 175 983 suas
200 949 402 995 diligentius
429 948 666 994 gubernarent
698 951 732 982 et
758 957 903 993 gregem
929 956 949 980 a
975 946 1131 990 luporum
1166 945 1339 980 morsibus
1366 952 1481 981 custo-

93 1014 217 1050 dirent.
286 1013 369 1048 Post
405 1014 490 1049 haec
516 1016 549 1048 in
577 1014 714 1047 domino
745 1012 892 1047 feliciter
921 1011 1129 1046 obdormivit
1154 1013 1245 1046 circa
1271 1022 1393 1046 annunt
1420 1012 1482 1045 do*

91 1081 170 1114 mini
198 1080 363 1115 CCCXX.
1035 1103 1049 1113 ,

641 1395 765 1456 ΟᾹΡ.
810 1394 932 1454 xllt.

322 1495 422 1539 De
461 1493 952 1539 circumcisione
992 1491 1257 1537 domini.

177 1604 455 1639 Circumcisionis
475 1604 669 1638 dominicae
691 1603 778 1638 diem
794 1607 944 1648 quatuor
962 1601 1133 1636 celebrem
1157 1602 1288 1636 faciunt
1305 1605 1338 1636 et
1356 1601 1479 1637 solent>

94 1679 179 1704 nem.
227 1667 375 1703 Primum
401 1673 455 1704 est
479 1673 604 1704 octava
627 1670 820 1704 nativitatis
846 1669 986 1710 domini,
1008 1668 1194 1703 secundum
1210 1668 1386 1712 impositio
1402 1670 1482 1701 noxi

94 1738 127 1767 ct
151 1734 325 1769 salutiferi
350 1736 514 1777 nominis,
540 1737 679 1770 tertium
705 1734 830 1769 effusio
857 1736 1050 1780 sanguinis,
1081 1738 1239 1778 quartum
1266 1733 1480 1778 signaculum

93 1800 375 1834 circumcisionis.
412 1800 561 1835 Primum
588 1810 673 1846 ergo
701 1804 754 1834 est
779 1805 905 1834 octava
929 1801 1124 1833 nativitatis
1152 1799 1293 1833 domini.
1330 1800 1367 1833 Si
1393 1801 1481 1834 enini

94 1865 238 1900 aliorum
263 1869 459 1902 sanctorum
485 1870 634 1901 octavae
661 1866 833 1900 solemnes
858 1870 949 1907 sunt,
977 1869 1107 1910 quanto
1133 1866 1244 1910 inagis
1265 1868 1389 1898 octava
1407 1865 1481 1899 dies

93 1931 204 1965 sancti
229 1936 425 1966 sanctorum
451 1932 614 1967 solemnis
640 1933 716 1966 erit.
792 1931 862 1966 Sed
885 1942 953 1966 non
988 1931 1140 1973 videtur,
1191 1930 1284 1976 quod
1317 1933 1482 1964 nativitas

95 1996 223 2030 domini
249 1984 376 2032 debeat
401 1997 531 2033 habere
557 2002 728 2040 octavam,
755 1999 837 2042 quia
864 1999 940 2042 ejus
966 1998 1132 2031 nativitas
1148 1996 1314 2031 tendebat
1330 1997 1374 2031 ad
1391 2008 1481 2030 mor-

93 2066 170 2096 tem.
221 2062 344 2098 Obitus
370 2067 484 2098 antem
510 2067 705 2097 sanctorum
730 2062 808 2098 ideo
836 2068 980 2097 octavas
1006 2061 1154 2101 hahent.v
1206 2064 1287 2107 quia
1312 2064 1379 2107 ipsi
1404 2067 1482 2097 tunc

93 2132 282 2163 nascuntur
305 2138 349 2164 ea
372 2129 569 2170 nativitate,
596 2138 686 2174 quae
712 2132 766 2164 est
792 2128 837 2163 ad
871 2130 973 2162 vitam
999 2132 1190 2170 aeternam,
1218 2132 1403 2173 ut‘postea
1427 2139 1480 2163 re-

92 2198 240 2240 surgant
263 2195 296 2228 in
323 2194 528 2239 corporibus
553 2195 734 2240 gloriosis.
782 2193 914 2229 Eadem
939 2195 1074 2228 ratione
1102 2193 1259 2235 videtur,
1296 2194 1388 2240 quod
1414 2205 1481 2228 non

94 2257 221 2292 debeat
245 2258 374 2295 habere
400 2264 557 2294 octavam
582 2261 749 2294 nativitas
780 2260 908 2295 beatae
934 2261 1080 2305 virginis
1106 2269 1169 2294 nec
1193 2259 1287 2294 beati
1311 2259 1481 2295 Johaunis

94 2320 289 2366 baptistae,
327 2325 487 2360 similiter
510 2336 572 2360 nec
598 2328 808 2361 resurrectio
832 2326 980 2366 domini,
1023 2326 1105 2370 quia
1124 2326 1200 2370 Jam
1225 2324 1319 2358 sacta
1345 2329 1420 2358 erat
1447 2326 1480 2367 ¹)

93 2388 171 2430 ipsa
184 2389 514 2424 resurrectioinxre.
545 2390 615 2425 Sed
640 2391 839 2433 notandum,
867 2391 971 2436 quod,
996 2393 1085 2425 sicut
1110 2390 1193 2424 dicit
1205 2389 1480 2433 praepositivus,

93 2455 173 2485 sunt
196 2456 342 2486 octavae
364 2454 596 2497 suppletionis
612 2483 621 2496 ,
659 2460 697 2490 ut
720 2461 774 2491 est
798 2460 924 2490 octava
947 2456 1141 2489 nativitatis
1169 2453 1317 2494 domini,
1352 2455 1387 2487 in
1413 2463 1482 2498 qua

92 2516 305 2561 supplemus,
333 2517 426 2561 quod
450 2519 560 2553 minus
585 2520 620 2553 in
647 2520 736 2555 sesto
764 2520 891 2554 sactum
925 2520 1060 2560 suerat,
1107 2519 1241 2552 scilicet
1265 2518 1413 2553 officium
1438 2519 1480 2553 de

0 2578 4 2660 ἱ
92 2583 320 2625 parturiente.
390 2581 485 2617 Unde
510 2584 612 2617 etiam
640 2584 719 2618 olim
747 2586 781 2618 in
806 2586 913 2619 missa
936 2588 1167 2619 consueverat
1190 2585 1324 2618 cantari
1348 2584 1392 2618 ad
1417 2583 1479 2618 ho>-

0 2663 5 2772 [
158 2725 185 2757 Ι)
205 2729 273 2755 Rec.
293 2726 409 2759 legunt:
430 2727 466 2754 in
488 2727 574 2762 ipsa
595 2726 900 2755 resurrectione.
938 2726 1009 2754 Sed
1029 2732 1083 2753 etc.
