1742 3005
277 82 359 121 828
492 83 588 130 Cap.
621 79 827 116 CLXXXl.
883 80 941 115 De
972 87 1103 115 sancto
1133 79 1291 129 Pelagio
1323 92 1435 131 papa.

276 186 418 220 auribus
446 181 650 226 Magumeth
678 182 843 225 ponebat.
892 182 1062 217 Columba
1095 186 1210 216 antem
1245 193 1351 227 supra
1385 185 1461 229 ejus
1496 183 1659 219 humeros

276 255 370 283 stans
397 248 439 281 de
466 247 609 280 auribus
637 248 712 291 ejus
740 247 851 281 cibum
878 248 946 282 sibi
967 248 1125 282 sumebat
1140 249 1259 292 sicque
1278 248 1350 292 jam
1373 248 1460 283 adeo
1477 250 1660 284 asuel'acta

275 317 363 352 erat,
384 312 488 357 quod,
510 312 794 357 quandocumque
806 313 1008 359 Magumeth
1025 313 1178 355 videbat,
1200 315 1357 358 protinus
1375 324 1481 358 super
1497 315 1658 350 humeros

275 380 352 424 ejus
378 378 566 423 prosiliens
587 382 735 412 rostrum
758 379 790 412 in
818 380 893 423 ejus
920 389 1003 414 aure
1031 378 1196 424 ponebat.
1245 378 1449 413 Praedictus
1478 381 1585 425 igitur
1609 382 1659 414 vir

276 444 438 489 populum
466 454 662 478 convocans
689 444 794 485 dixit,
821 455 859 478 se
888 444 981 478 illum
1007 445 1074 478 sibi
1102 444 1191 478 velle
1216 443 1426 488 praeficere,
1459 455 1558 490 quem
1585 447 1659 489 spi«

274 512 361 544 ritus
387 514 527 544 sanctus
564 511 596 543 in
631 512 749 554 specie
780 510 961 544 columbae
993 514 1222 552 monstraret,
1256 511 1442 555 statimque
1468 510 1660 545 columbam

274 581 409 611 secrete
436 577 551 610 emisit
575 580 609 610 et
634 576 695 609 illa
719 586 825 619 super
854 575 1015 609 humeros
1044 574 1267 620 Magumeth,
1305 577 1362 621 qui
1391 586 1464 610 cum
1490 576 1571 610 aliis
1596 576 1660 610 ad-

273 641 411 683 stabat,
449 641 593 675 evolans
621 646 767 674 rostrum
795 642 827 674 in
854 642 930 685 ejus
957 651 1042 676 aure
1068 643 1244 685 apposuit.
1295 641 1393 681 Quod
1431 642 1580 686 populus
1610 643 1661 675 vi-

273 707 358 741 dens
392 708 550 750 spiritum
585 711 738 740 sanctum
774 716 853 740 csse
880 705 1050 747 credidit,
1083 708 1142 751 qni
1178 718 1285 751 super
1320 717 1395 741 eum
1429 706 1661 741 descenderet

273 783 313 806 ae
350 774 384 806 in
419 773 494 816 ejus
529 781 613 805 aure
648 771 757 805 verba
792 770 856 804 Dei
892 770 1054 811 inferret,
1091 775 1124 805 et
1155 773 1204 804 sic
1230 772 1432 817 Magnmeth
1461 772 1658 806 Saracenos

273 838 431 882 decepit,
459 839 516 882 qui
543 837 609 870 sibi
636 837 868 870 adhaerentes
896 847 1039 882 regnum
1065 835 1220 870 Persidis
1249 846 1288 870 ac
1316 837 1497 871 orientalis
1524 839 1660 881 imperii

273 903 358 938 lines
384 912 495 947 usque
521 902 564 935 ad
591 902 837 936 Alexandriam
866 904 1078 936 invaserunt.
1127 902 1198 937 lloc
1225 902 1362 948 quidem
1389 902 1582 949 vulgariter
1606 902 1660 936 di-

274 971 375 1009 citur,
402 968 463 1002 sed
487 970 601 1002 verius
622 972 686 1008 est,
717 967 807 1012 qnod
828 967 918 1001 infra
934 967 1093 1003 liabetur.
1141 969 1346 1014 Magumeth
1365 970 1472 1014 igitur
1498 969 1659 1013 proprias

273 1036 372 1079 leges
385 1034 586 1077 contingens
609 1035 705 1077 ipsas
723 1043 742 1066 a
757 1034 881 1077 spiritu
901 1037 1020 1066 sancto
1037 1034 1070 1066 in
1089 1036 1207 1078 specie
1225 1035 1418 1075 columbae,
1445 1044 1535 1079 quae
1552 1044 1659 1077 saepe

275 1100 413 1133 vidente
434 1099 562 1143 populo
583 1109 689 1142 snper
707 1108 781 1131 enm
799 1098 952 1139 volabat,
974 1109 1012 1133 se
1032 1101 1206 1143 recepisse
1220 1101 1464 1141 mentiebatur,
1487 1100 1659 1144 inquibus

274 1166 444 1211 quaedam
475 1165 516 1200 de
543 1169 690 1208 utroque
714 1167 922 1201 testamento
947 1165 1103 1198 inseruit.
1140 1165 1223 1199 Nam
1253 1177 1326 1200 cum
1350 1168 1381 1200 in
1408 1167 1519 1210 prima
1543 1169 1659 1200 aetate

272 1233 495 1266 mercimonia
527 1233 707 1265 exerceret
738 1233 772 1263 et
804 1229 898 1274 apud
932 1229 1125 1275 Aegyptum
1165 1235 1199 1264 et
1232 1230 1465 1266 Palaestinam
1498 1242 1570 1265 eum
1599 1242 1658 1265 ca-

273 1298 372 1332 melis
397 1302 582 1343 pergeret,
619 1306 692 1330 cum
719 1295 919 1329 christianis
948 1300 982 1330 et
1007 1295 1152 1330 Judaeis
1179 1306 1285 1340 saepe
1311 1298 1602 1338 conversabatur,
1639 1308 1661 1331 a

274 1365 399 1409 quibus
423 1368 492 1397 tam
519 1373 643 1397 novum
670 1372 770 1407 quam
798 1365 895 1395 vetus
920 1361 1042 1395 didicit
1058 1366 1315 1399 testamentum.
1363 1361 1458 1396 Unde
1474 1363 1658 1397 secundum

273 1431 373 1465 ritum
399 1429 612 1465 Judaeornm
638 1427 928 1467 circmncidnntur
953 1427 1140 1469 Saraceni,
1167 1438 1291 1462 carnes
1317 1429 1479 1473 porcinas
1505 1439 1573 1462 non
1599 1438 1659 1462 co-

273 1495 424 1529 medunt.
475 1495 583 1540 Cujus
616 1496 785 1528 rationem
818 1503 890 1527 cum
925 1493 1031 1528 vellet
1064 1494 1269 1539 Magumeth
1304 1496 1508 1540 assignare,
1559 1494 1659 1533 dixit,

274 1561 366 1605 quod
392 1571 433 1595 ex
463 1560 540 1594 timo
566 1560 689 1593 cameli
716 1570 840 1604 porcus
868 1563 948 1604 post
975 1559 1141 1593 diluvium
1171 1560 1275 1594 suerit
1300 1565 1504 1605 procreatus
1530 1564 1564 1594 et
1581 1559 1659 1594 idco

272 1630 445 1671 tamquam
473 1625 663 1660 immundus
689 1635 709 1659 a
736 1624 860 1658 mundo
890 1625 1021 1669 populo
1049 1629 1102 1659 est
1128 1625 1303 1662 vitandus.
1353 1627 1434 1660 Cum
1460 1625 1660 1660 christianis

272 1696 386 1726 autem
414 1692 641 1733 conveniunt,
678 1690 769 1735 quod
809 1690 953 1724 credunt
989 1702 1088 1724 unum
1122 1692 1232 1725 solum
1259 1692 1363 1726 licum
1392 1692 1660 1736 omnipotentem

273 1759 422 1791 omnium
446 1762 651 1792 creatorem.
699 1756 862 1790 Asscruit
890 1758 990 1790 etiam
1019 1757 1348 1801 pseudopropheta,
1379 1767 1462 1791 vera
1488 1755 1660 1801 quaedam

274 1822 374 1855 l'alsis
403 1824 616 1863 immiscens,
644 1822 737 1867 quod
763 1821 903 1865 Moyses
931 1822 995 1856 l'nit
1020 1832 1166 1867 magnus
1197 1822 1381 1866 propheta,
1411 1821 1473 1856 sed
1501 1821 1659 1855 Christus¹

272 1889 385 1932 major
410 1892 474 1927 est,
502 1898 651 1921 summus
678 1885 924 1931 prophetarum
953 1890 1051 1920 natus
1077 1897 1119 1920 ex
1145 1886 1262 1921 Maria
1289 1888 1423 1931 virgine
1449 1887 1573 1920 virtute
1596 1885 1659 1919 Dei

273 1953 407 1998 absque
449 1955 579 1987 semine
618 1952 780 1987 hominis.
839 1952 897 1985 Ait
941 1962 1080 1996 qnoque
1128 1954 1160 1986 in
1206 1963 1269 1985 suo
1312 1952 1521 1994 alchorano,
1567 1951 1659 1996 quod

274 2018 452 2059 Christus,
497 2018 573 2052 dum
608 2018 722 2051 adhuc
754 2028 840 2061 puer
872 2022 987 2057 esset,
1031 2017 1072 2050 de
1114 2017 1194 2050 limo
1228 2021 1345 2051 terrae
1381 2017 1541 2052 volucres
1575 2028 1658 2062 pro-

273 2085 424 2125 creavit,
460 2084 522 2118 sed
558 2095 723 2118 venenum
762 2084 961 2123 immiscuit,
995 2083 1077 2127 quia
1106 2082 1278 2116 Christum
1312 2093 1382 2116 non
1411 2093 1492 2118 vere
1519 2093 1660 2128 passum

274 2160 336 2183 nec
362 2160 441 2184 vere
467 2151 703 2183 resurrexisse
729 2149 835 2189 dixit,
870 2147 931 2182 scd
964 2148 1067 2182 alium
1101 2148 1271 2193 quendam
1309 2148 1481 2183 hominem
1517 2149 1585 2183 sibi
1611 2150 1660 2182 si-

274 2214 385 2249 miiem
421 2214 619 2259 hujusmodi
653 2216 771 2259 egisse
805 2213 858 2248 vel
893 2224 1032 2258 passum
1059 2224 1139 2248 esse
1164 2213 1291 2248 docuit.
1341 2214 1518 2254 Quaedam
1546 2217 1659 2248 autem

275 2286 454 2322 matrona,
488 2281 624 2314 nomine
658 2280 836 2323 (indigam
870 2289 959 2324 quae
992 2284 1156 2324 praeerat
1182 2280 1315 2314 cuidam
1343 2281 1562 2324 provinciae,
1598 2290 1660 2313 no-

276 2347 365 2380 mine
391 2346 623 2388 Corocanica,
657 2346 775 2380 videns
807 2346 976 2380 hominem
1000 2345 1211 2380 Judaeorum
1237 2350 1271 2381 et
1296 2346 1549 2384 Saracenorum
1576 2355 1658 2379 con-

276 2411 436 2446 tuberuio
464 2411 609 2453 vallari,
644 2413 868 2447 existimabat
899 2414 932 2445 in
959 2412 1017 2445 illo
1045 2413 1263 2456 majestatem
1288 2412 1439 2446 divinam
1465 2411 1592 2452 latere,
1626 2413 1661 2444 ct

277 2488 351 2510 eum
379 2482 473 2512 esset
500 2477 623 2519 vidua,
651 2479 761 2521 ipsum
792 2479 824 2511 in
851 2480 1007 2511 maritum
1033 2479 1168 2522 accepit
1191 2481 1226 2512 et
1250 2479 1299 2512 sic
1324 2476 1530 2523 Magumeth
1553 2476 1660 2509 totius

277 2542 369 2576 illins
405 2545 608 2587 provinciae
637 2543 787 2578 obtinuit
820 2545 1069 2588 principatum,
1108 2543 1167 2578 ille
1200 2547 1313 2578 autem
1349 2544 1422 2578 suis
1457 2540 1659 2587 praestigiis

277 2618 343 2639 non
371 2608 480 2642 solnm
509 2610 723 2652 praedictam
751 2609 942 2650 (luminam,
975 2609 1037 2644 sed
1076 2610 1179 2644 ctiam
1209 2608 1364 2644 Judaeos
1397 2611 1431 2642 et
1460 2606 1658 2639 Saracenos

278 2671 410 2705 ‹lenuim
443 2674 532 2707 adeo
570 2675 777 2717 ‹lerunt-avit,
814 2679 849 2709 nt
874 2686 912 2710 se
940 2674 1106 2710 Messiam
1133 2677 1165 2710 in
1192 2675 1272 2720 lege
1294 2676 1498 2719 promissum
1522 2670 1659 2716 publice
