1742 3005
369 93 470 143 Cap.
503 91 671 130 CXXIV.
730 93 787 128 De
820 98 949 129 sancto
981 91 1202 141 Augustino
1397 90 1478 131 557

94 199 220 242 fateor,
241 208 309 233 non
323 197 447 239 solum,
472 196 534 231 sed
552 199 760 242 vituperat10
774 198 904 232 minuit.
942 198 1138 233 Contristor
1158 201 1271 233 autem
1289 197 1478 246 anquando

93 264 256 299 laudibus
281 264 380 305 meis,
406 273 480 296 eum
507 272 550 297 ea
568 261 754 297 laudantur
780 264 813 297 in
839 273 903 306 me,
930 265 964 297 in
990 263 1116 309 quibus
1141 262 1224 298 mihi
1248 265 1328 309 ipse
1353 264 1477 310 displi—

93 339 180 370 ceo,
215 328 270 363 vel
303 330 405 363 etiam
437 327 529 362 bona
562 329 696 362 minora
723 328 778 362 vel
812 327 907 363 levia
937 329 1047 373 pluris
1083 329 1345 372 existimantur,
1378 341 1479 376 quam

93 393 327 428 existimanda
352 397 443 430 sunt.
491 392 693 428 Haereticos
727 394 781 426 vir
806 393 872 426 iste
898 397 1040 426 sanctus
1066 393 1283 428 validissime
1316 395 1478 430 confuta-

94 459 176 501 bat,
209 459 260 493 ita
283 462 320 493 ut
346 459 413 503 ipsi
442 458 532 492 inter
556 467 594 491 se
619 457 759 500 publice
786 456 1053 501 praedicarent,
1087 461 1264 501 peceatum
1291 469 1359 492 non
1387 471 1479 501 esse,

93 523 290 558 interlicere
314 522 557 568 Augustinum,
585 531 682 566 quem
708 525 881 566 tamquam
909 522 1024 565 lupum
1052 521 1277 556 occidendum
1300 523 1479 565 dicebant,

95 593 130 624 et
163 589 378 624 occisoribus
415 587 530 620 omnia
567 595 631 619 sua
663 590 808 630 peccata
840 596 861 620 a
893 587 965 621 Deo
1011 586 1218 621 dimittenda
1259 589 1478 624 asserebant.

92 654 225 690 Multas
251 653 294 687 ab
319 651 731 696 iis-insidiaspertulit,
768 653 817 686 ita
852 655 890 686 ut
924 653 993 687 sibi
1028 654 1144 698 aliquo
1177 655 1338 699 pergenti
1364 656 1397 688 in
1424 657 1482 690 via

93 719 243 753 insidias
267 721 457 763 ponerent,
490 716 553 751 sed
578 716 641 750 Dei
667 717 889 761 providentia
921 719 1057 752 itineris
1095 728 1218 752 errore
1256 719 1479 762 seducuntur,

93 788 129 819 ut
139 785 294 818 invenire
305 794 379 818 eum
392 794 460 817 non
478 788 634 827 possent.
664 781 938 827 Compaupernm
959 794 1097 827 semper
1113 794 1243 818 memor
1259 789 1347 826 erat,
1367 787 1480 831 iisque

93 860 136 884 ex
159 849 227 891 his,
255 859 345 894 quae
370 847 501 882 habere
526 850 676 892 poterat,
706 847 901 882 liberaliter
925 848 1127 889 exhibebat,
1154 858 1230 882 nam
1257 854 1291 883 et
1315 850 1357 884 de
1384 853 1480 884 vasis

92 915 275 950 dominicis
302 917 446 958 propter
471 922 645 957 pauperes
673 916 707 946 et
733 913 892 956 captivos
918 912 1108 957 aliquando
1130 913 1281 957 jubebat
1306 915 1421 961 frangi
1447 921 1481 951 et

93 979 239 1014 conflari
271 983 305 1013 et
331 978 569 1024 indigentibus
598 977 806 1021 dispensari.
857 977 999 1011 Domum
1032 978 1089 1012 vel
1115 988 1237 1022 agrum
1264 981 1339 1014 sive
1364 981 1479 1015 villam

92 1055 264 1090 nunquam
297 1053 410 1078 emere
436 1043 555 1076 voluit.
604 1041 736 1077 Multas
763 1044 865 1077 eiiam
891 1043 1107 1078 hereditates
1134 1044 1202 1078 sihi
1232 1044 1396 1079 dimissas
1422 1058 1479 1081 re-

91 1112 186 1155 spuit
219 1119 278 1152 eo,
309 1107 403 1154 quod
431 1111 642 1141 mortuorum
677 1107 757 1142 filiis
792 1109 845 1143 vel
872 1111 1078 1154 propinquis
1106 1111 1223 1153 potius
1255 1112 1332 1154 ipsa
1359 1111 1479 1146 deberi

91 1175 243 1210 dicebat.
286 1173 323 1208 In
350 1174 402 1208 bis
425 1184 577 1219 quoque,
606 1183 696 1219 quae
719 1175 752 1207 in
773 1174 923 1208 ecelesia
945 1173 1161 1219 possidebat,
1191 1177 1342 1210 intentus
1362 1186 1479 1211 amore

92 1241 144 1276 vel
168 1240 367 1286 implicatus
384 1250 453 1273 non
481 1242 576 1280 erat,
603 1239 664 1273 sed
692 1239 748 1274 die
774 1249 813 1273 ae
839 1244 939 1274 nocte
965 1239 1008 1274 de
1035 1241 1218 1284 seripturis
1246 1245 1280 1275 et
1305 1241 1348 1275 de
1374 1242 1479 1276 rebus

90 1306 217 1341 divinis
253 1304 446 1351 cogitabat.
492 1303 717 1338 Fabriearum
755 1314 893 1349 quoque
928 1315 1093 1339 novarum
1129 1317 1302 1352 nunquam
1329 1307 1479 1341 studium

90 1372 236 1415 habuit,
270 1371 437 1416 dejurans
462 1371 496 1403 in
527 1370 571 1402 iis
597 1369 866 1413 implicationem
894 1371 947 1403 sui
973 1372 1098 1413 animi,
1134 1382 1232 1416 quem
1266 1383 1404 1417 semper
1437 1374 1479 1407 li-

89 1438 208 1472 berum
233 1435 365 1470 habere
389 1435 533 1469 volebat
560 1434 603 1468 ab
631 1435 911 1482 omnrmolestia
937 1436 1127 1480 corporali,
1154 1441 1190 1470 ut
1214 1437 1326 1471 libere
1354 1448 1480 1473 vacare

90 1506 214 1548 posset
238 1502 423 1536 continuae
449 1499 665 1534 meditationi
705 1504 739 1534 et
772 1501 936 1536 assiduae
960 1501 1114 1537 lectioni.
1164 1501 1239 1536 Non
1273 1507 1388 1537 tamen
1419 1504 1481 1537 illa

91 1566 281 1603 aedificare
314 1566 470 1601 volentes
506 1564 740 1609 prohibebat,
785 1567 853 1600 nisi
888 1566 980 1601 sorte
1015 1566 1241 1602 immoderate
1280 1567 1355 1602 fieri
1397 1579 1480 1602 con-

91 1634 280 1678 spexisset.
333 1629 520 1665 Laudabat
554 1639 694 1676 quoque
728 1630 953 1675 ¹)plurimum
998 1631 1100 1674 illos,
1143 1633 1269 1677 quibus
1308 1634 1479 1668 moriendi

92 1697 306 1733 desiderium
339 1697 471 1737 inerat,
505 1700 540 1730 et
569 1705 678 1740 super
708 1695 774 1731 hoe
806 1698 908 1731 trium
942 1699 1185 1742 episcoporum
1213 1699 1372 1743 exempla
1397 1710 1479 1733 sac·-

91 1766 170 1808 pius
195 1761 380 1798 recitabat.
427 1760 634 1796 Ambrosius
662 1762 772 1803 enim,
808 1772 882 1796 cum
917 1764 952 1796 in
986 1764 1150 1797 extremis
1189 1768 1284 1798 esset
1313 1768 1347 1798 et
1374 1775 1480 1810 roga-

91 1832 205 1870 retur,
237 1831 276 1861 nt
308 1826 616 1872 prolongationem
650 1827 744 1862 vitae
770 1826 838 1861 sibi
864 1828 1026 1873 precibus
1052 1828 1249 1870 obtineret,
1276 1830 1480 1874 respondit:

91 1904 159 1928 non
184 1894 235 1927 sic
259 1893 352 1933 vixi,
379 1894 417 1926 ut
441 1901 494 1926 me
519 1891 650 1936 pudeat
673 1894 764 1927 inter
789 1903 851 1927 vos
878 1895 1009 1935 vivere,
1036 1904 1101 1929 nee
1125 1895 1213 1928 mori
1238 1896 1358 1936 timeo,
1393 1906 1479 1940 quo-

91 1959 182 1992 niam
206 1957 332 1991 bonum
357 1956 527 1992 habemus
551 1957 738 1995 dominum.
787 1958 885 1998 Quod
913 1969 1118 2003 responsum
1133 1960 1352 2006 Augustinus
1377 1961 1482 1994 mira-

91 2023 211 2058 biliter
244 2020 448 2056 extollebat.
495 2021 661 2056 Addebat
702 2033 841 2067 quoque
885 2023 927 2058 de
966 2023 1037 2058 alio
1075 2026 1266 2069 episeopo,
1313 2026 1368 2058 c-ui
1407 2034 1481 2058 cum

91 2088 286 2129 diceretur,
322 2096 398 2121 eum
432 2085 605 2121 ecelesiae
629 2085 770 2120 multum
800 2089 1039 2122 necessarium
1075 2087 1152 2122 sore
1188 2092 1221 2122 et
1253 2088 1335 2122 ideo
1369 2088 1483 2122 adhue

92 2163 168 2188 eum
202 2151 361 2186 domInus
395 2150 583 2192 liberaret,
617 2152 682 2185 ait:
717 2152 748 2185 si
783 2162 975 2197 nunquam,
1019 2152 1128 2194 hene,
1169 2154 1245 2196 ²)si
1277 2153 1480 2198 aliquando,

94 2219 251 2264 ³)quare
283 2227 354 2251 non
386 2215 504 2253 modo.
549 2215 600 2250 De
636 2216 706 2250 alio
743 2228 881 2262 quoque
916 2219 1085 2262 episeopo
1119 2217 1241 2263 ajebat
1274 2219 1482 2263 Cyprianum

93 2282 238 2325 referre,
267 2280 374 2327 quod,
399 2291 473 2316 eum
498 2279 698 2316 infirmitate
723 2284 824 2328 gravi
849 2282 1042 2324 laboraret,
1069 2282 1184 2317 adhue
1209 2283 1279 2317 sibi
1299 2285 1482 2318 sanitatem

93 2348 231 2382 restitui
255 2346 436 2380 exorabat.
484 2346 550 2381 Cui
571 2348 713 2392 Juvenis
739 2349 924 2393 speciosus
943 2357 1118 2392 apparens
1142 2358 1216 2382 eum
1240 2348 1483 2393 indignatione

92 2411 270 2446 infremuit
295 2414 330 2445 et
353 2412 422 2444 ait:
449 2412 522 2454 pati
544 2413 695 2455 timetis,
730 2414 827 2448 exire
852 2413 1053 2454 nonvultis,
1093 2412 1174 2457 quid
1201 2412 1326 2446 faciam
1351 2412 1484 2448 vohis?

91 2475 307 2512 Feminarum
333 2475 461 2509 nullam
486 2485 634 2521 unquam
660 2487 725 2512 nec
751 2479 854 2513 etiam
880 2486 1081 2522 germanam
1112 2486 1266 2512 sororem
1287 2481 1346 2512 ant
1361 2477 1484 2513 fratris

159 2596 188 2629 1)
206 2595 258 2623 Ed.
277 2599 322 2624 1'r.
341 2596 471 2632 pessime
491 2595 674 2631 populum
695 2597 826 2624 exhibet.
897 2596 925 2629 2)
944 2594 996 2622 Ed.
1016 2599 1059 2624 Pr.
1079 2604 1117 2622 se
1132 2595 1153 2623 d
1170 2595 1312 2630 praefert.
1364 2597 1393 2630 3)
1412 2598 1481 2623 For-

93 2643 174 2666 tasse
191 2639 350 2673 legendum
370 2651 388 2674 q
398 2651 415 2667 u
426 2650 439 2666 n
452 2650 530 2671 ere,
560 2639 616 2667 etsi
637 2648 754 2673 omnes,
784 2650 857 2675 quos
877 2639 962 2671 novi,
983 2640 1051 2666 libri
1071 2640 1101 2666 in
1119 2640 1240 2673 vulgatu
1261 2640 1389 2668 lectione
1409 2650 1479 2667 eon-

93 2684 235 2711 sentiunt.
