1742 3005
342 71 440 121 Cap.
474 70 679 109 Cvassl.
744 71 801 111 De
831 80 962 111 sancta
991 72 1207 113 Elizabeth.
1384 74 1465 114 759

80 175 224 210 fratrum
254 175 422 210 minorum
452 186 605 222 pergens
638 179 798 224 rogavit,
838 181 876 212 ut
918 188 982 223 pro
1026 188 1090 214 sua
1122 177 1351 224 tribulatione
1382 178 1457 215 Deo

79 241 213 286 gratias
245 246 394 287 agerent
424 245 458 276 et
482 246 516 277 te
541 242 648 277 Deum
672 243 855 277 laudamus
881 249 1073 281 cantarent.
1121 244 1288 290 Sequenti
1313 244 1370 280 die
1395 244 1458 280 do-

77 317 167 340 mum
193 306 372 352 cujusdam
398 309 453 341 sui
476 308 603 343 aemuli
628 318 702 343 cum
727 310 799 343 suis
826 309 982 354 parvulis
1003 310 1108 354 Jussa
1127 314 1181 344 est
1204 310 1355 356 ingredi,
1380 314 1458 348 arto

76 371 146 406 sihi
176 371 255 406 loco
287 372 417 407 ibidem
447 373 631 408 admodum
662 375 857 420 assignato.
918 374 1017 414 Quae
1054 374 1132 408 dum
1171 375 1215 409 ab
1248 375 1388 421 hospite
1422 381 1458 412 et

49 427 219 482 ‘fiospHa
251 437 433 482 plurimum
464 443 692 484 gravaretur,
723 438 916 483 parietibus
942 438 1106 473 valefecit
1130 440 1266 475 dicens:
1306 441 1458 477 libenter

75 501 272 538 hominibus
305 503 556 545 valefacerem‚
595 504 625 537 si
660 503 838 538 beneficos
871 505 1072 539 invenirem.
1130 504 1318 550 Compulsa
1348 508 1458 552 igitur

74 568 120 603 ad
145 568 258 603 locum
281 569 432 613 priorem
459 567 564 602 rediit
595 571 629 602 et
655 568 822 613 parvulos
854 579 937 603 suos
969 569 1013 603 ad
1039 569 1118 604 loca
1143 569 1284 605 diversa
1308 571 1455 606 alendos

71 634 278 670 transmisit.
329 632 416 667 Dum
447 643 530 668 vero
557 643 620 678 per
651 633 824 679 quandam
859 636 948 669 viam
980 636 1136 669 strictam
1174 634 1247 670 luto
1281 636 1456 682 profundo

70 699 208 744 plenam
232 707 338 742 super
363 697 532 743 quosdam
563 698 702 744 lapides
735 698 864 734 ibidem
900 701 1036 745 positos
1071 705 1238 747 pergeret
1269 705 1302 737 et
1338 702 1456 738 vetula

71 763 262 810 quaedam,
287 764 343 798 cui
364 764 438 809 jam
465 765 573 798 multa
595 764 767 799 beneficia
792 764 988 807 obtulerat,
1014 776 1122 811 super
1148 766 1289 801 eosdem
1316 767 1454 812 lapides

69 831 245 864 transiens
271 828 383 864 eidem
407 829 531 864 cedere
557 834 752 872 recusaret,
786 832 865 875 ipsa
898 832 932 864 in
964 830 1070 865 lutum
1097 831 1305 876 profundum
1329 833 1456 867 cecidit

70 898 104 930 et
135 905 286 940 surgens
320 896 526 929 vestimenta
559 905 623 929 sua
656 895 816 941 gaudens
851 900 885 930 et
911 895 1026 930 ridens
1052 895 1232 932 abstersit.
1279 896 1454 932 posthoc

69 964 183 995 autem
201 959 385 994 abbatissa
401 961 477 1005 ejus
502 965 690 995 matertera
717 962 827 1005 ipsius
853 961 991 994 nimium
1017 963 1217 1006 paupertati
1239 964 1454 1007 compatiens

69 1025 116 1060 ad
136 1026 336 1071 episcopum
356 1025 686 1071 Bahenbergensem
707 1027 816 1070 ipsius
833 1026 1037 1060 avunculum
1058 1037 1132 1061 eam
1158 1026 1269 1069 duxit,
1295 1030 1354 1073 qui
1378 1038 1454 1063 eain

69 1091 217 1126 honeste
244 1091 440 1135 suscipiens
466 1096 567 1127 caute
592 1093 752 1134 retinuit,
786 1090 970 1126 intendens
998 1093 1110 1136 ipsam
1136 1093 1297 1128 secundis
1324 1095 1454 1138 nuptiis

67 1156 247 1202 copulare.
295 1156 396 1196 Quod
420 1167 493 1191 cum
522 1157 691 1199 ancillae,
727 1167 815 1203 qnae
851 1166 965 1190 secum
1000 1159 1246 1192 continentiam
1273 1164 1452 1202 voverant,

65 1221 270 1257 didicissent
296 1226 330 1256 et
362 1232 404 1256 ex
435 1221 502 1257 hoe
526 1233 564 1258 se
598 1224 713 1257 multis
741 1223 900 1267 lacrymis
927 1222 1145 1268 affligerent,
1181 1223 1308 1259 beatae
1331 1224 1449 1259 Eliza—

64 1287 150 1323 beth
175 1298 250 1322 cum
275 1289 407 1334 gemitu
431 1288 497 1322 hoe
521 1289 732 1331 retulerunt,
770 1298 859 1333 qnae
895 1297 954 1323 eas
983 1287 1185 1322 confortans
1211 1290 1276 1323 ait:
1312 1290 1448 1324 conlido

64 1354 101 1388 in
137 1353 298 1395 domino,
345 1364 408 1398 pro
452 1354 551 1398 cnjus
589 1363 706 1389 amore
743 1355 988 1388 continentiam
1025 1355 1104 1388 vovi
1135 1359 1356 1399 perpetuam,
1392 1358 1451 1401 qui

63 1428 175 1453 meum
201 1420 417 1463 propositum
445 1418 574 1452 firmum
599 1419 775 1454 custodiet
799 1423 833 1453 et
858 1430 990 1454 omnem
1016 1419 1215 1454 violentiam
1241 1426 1398 1456 conteret
1416 1427 1451 1456 et

63 1483 246 1518 consilium
270 1483 454 1518 humanum
481 1483 668 1527 dissolvet,
703 1488 736 1519 et
771 1486 802 1519 si
837 1484 928 1519 sorte
962 1485 1153 1519 avunculus
1176 1496 1271 1519 meus
1300 1486 1451 1521 voluerit

63 1560 117 1585 me
141 1549 247 1600 alicui
265 1549 445 1594 copulare,
471 1550 585 1584 animo
612 1550 814 1584 dissentiam
842 1554 876 1584 et
901 1549 1016 1584 verbis
1043 1551 1176 1594 pariter
1200 1551 1448 1594 contradicam,

62 1619 98 1651 et
127 1617 160 1650 si
189 1614 318 1649 nullum
344 1614 441 1649 aliud
467 1614 551 1648 mihi
580 1615 750 1650 evadendi
771 1621 975 1660 superesset
996 1615 1198 1658 remedium,
1224 1626 1344 1650 nasum
1365 1616 1449 1651 milii

62 1682 241 1725 proprium
273 1680 534 1723 detruncarem,
580 1685 616 1714 ut
648 1691 701 1715 me
733 1681 784 1715 sie
825 1680 1015 1726 deformem
1056 1680 1203 1726 quilibet
1232 1681 1449 1717 exhorreret.

61 1744 147 1780 Cum
171 1747 280 1791 igitur
304 1745 348 1780 de
374 1745 536 1780 mandato
563 1747 673 1791 ipsius
709 1748 866 1791 episcopi
895 1746 940 1781 ad
965 1746 1138 1792 quoddam
1165 1751 1315 1781 castrum
1340 1749 1449 1782 invita

60 1810 188 1846 suisset
213 1811 363 1846 deducta
386 1815 565 1846 moratura
597 1811 746 1855 ibidem,
784 1811 893 1846 donec
925 1814 959 1846 in
995 1814 1195 1858 conjugium
1230 1812 1446 1855 tenderetur,

60 1880 96 1911 et
118 1878 198 1922 ipsa
221 1887 318 1911 suam
345 1878 542 1912 castitatem
568 1877 706 1912 domino
731 1889 807 1912 cum
838 1878 1000 1923 lacrymis
1032 1877 1331 1922 commendasset,
1366 1889 1448 1914 ecce

61 1941 200 1976 domino
227 1941 435 1987 disponente
461 1953 545 1977 ossa
569 1944 635 1977 viri
661 1944 716 1978 sui
740 1943 781 1978 de
798 1943 1035 1978 ultramarinis
1054 1943 1212 1988 partibus
1232 1943 1449 1980 deseruntur.

59 2005 168 2042 Jussa.
199 2011 255 2042 est
284 2008 394 2052 igitur
426 2006 471 2041 ab
505 2009 673 2053 ep1scopo
706 2008 844 2051 reduc-i,
883 2013 921 2042 ut
958 2008 1097 2043 ossibus
1136 2010 1202 2044 viri
1233 2011 1286 2044 sui
1321 2009 1450 2044 devota

61 2075 234 2107 occurrat.
279 2070 363 2116 Ipsa
397 2082 482 2117 ergo
517 2082 602 2106 ossa
633 2072 677 2106 ab
704 2074 870 2118 episcopo
897 2084 970 2107 curn
996 2073 1197 2107 honorabili
1221 2076 1448 2118 processione

60 2141 98 2173 et
128 2136 171 2171 ab
206 2138 286 2182 ipsa
323 2146 398 2171 eum
426 2136 534 2172 multa
566 2136 753 2172 devotione
779 2142 812 2172 et
837 2138 1063 2183 lacrsmarum
1089 2138 1259 2173 effusione
1283 2143 1449 2183 suscepta

60 2206 151 2238 sunt.
201 2202 300 2244 Quae
326 2212 497 2237 conversa
523 2203 567 2237 ad
595 2202 768 2237 dominum
796 2202 902 2236 dixit:
927 2204 1063 2249 granas
1089 2203 1154 2237 tibi
1179 2213 1268 2250 ago,
1297 2203 1447 2246 domine,

61 2270 146 2314 quia
161 2269 198 2303 in
216 2270 443 2314 susceptione
470 2270 602 2303 ossium
628 2269 693 2303 viri
717 2270 784 2303 mei
811 2268 930 2303 dilecti
956 2271 1004 2304 tui
1022 2280 1074 2305 me
1091 2271 1252 2304 miseram
1271 2270 1449 2304 consolari

61 2333 226 2379 dignatus
251 2344 308 2374 ess
346 2338 384 2368 tu
409 2337 500 2378 scis,
534 2334 690 2377 domine,
729 2335 833 2380 quia,
859 2334 942 2370 licet
968 2336 1079 2379 ipsum
1103 2339 1138 2370 te
1163 2339 1333 2369 amantem
1359 2335 1447 2368 rnul-

24 2384 29 2385 ⁷
60 2404 131 2434 tum
156 2400 364 2443 amaverim,
394 2403 509 2434 tamen
539 2400 583 2434 ob
616 2401 667 2434 tui
697 2409 849 2434 amorem
882 2401 958 2445 ejus
991 2402 1194 2445 praesentia
1225 2402 1320 2434 carui
1354 2401 1447 2434 etin

60 2469 205 2500 sanctae
234 2468 352 2498 terrae
383 2468 465 2498 tuae
497 2465 692 2499 subsidium
726 2465 920 2507 destinavi,
965 2470 999 2500 et
1036 2467 1193 2511 quamvis
1236 2464 1446 2501 delectabile

61 2529 146 2564 mihi
165 2533 266 2565 essct
288 2528 400 2563 adhue
424 2540 497 2563 eum
524 2540 565 2564 eo
592 2531 709 2565 vivere
739 2531 804 2564 tali
836 2530 1055 2571 conditione,
1092 2535 1129 2564 ut
1160 2540 1233 2564 cum
1270 2533 1347 2575 ipso
1382 2542 1446 2577 per

62 2599 171 2630 totum
195 2594 355 2630 mundum
383 2594 596 2639 paupercula
620 2595 864 2637 mendicarent,
889 2598 1003 2629 tamen
1029 2598 1063 2630 te
1089 2599 1180 2630 teste
1207 2601 1328 2630 contra
1351 2601 1444 2635 tuam

63 2660 271 2697 voluntatem
298 2671 365 2695 uno
394 2660 488 2695 crine
514 2661 625 2706 ipsum
650 2670 718 2694 non
744 2659 948 2695 redimerem
974 2670 1035 2695 nec
1062 2660 1106 2695 ad
1133 2661 1237 2696 vitam
1264 2662 1443 2698 mortalem
