1742 3005
402 45 499 95 Cap.
531 43 701 81 XXXIV.
761 44 819 81 De
850 43 1150 94 quadragesima.
1398 46 1469 85 151

84 155 174 192 tum,
222 151 260 183 ut
279 148 413 183 scilicet
437 149 472 182 in
497 149 584 194 ipsis
611 158 632 183 a
664 148 738 184 Deo
770 150 972 184 innocenter
996 147 1176 184 ducantur.
1249 147 1471 184 Tei-minatur

83 219 195 250 autem
221 215 533 261 quinquagesima,
566 218 603 248 ut
626 213 752 249 dictum
781 218 854 257 est,
890 215 925 248 in
952 214 1008 249 dIe
1032 213 1208 259 paschae,
1237 216 1320 260 quia
1345 217 1468 260 poeni-

80 282 190 316 tentia
215 279 260 315 ad
284 282 475 316 novitatem
502 282 594 316 vitae
622 280 705 315 facit
729 290 927 327 resurgere.
982 280 1020 315 In
1045 280 1109 315 hoc
1132 283 1288 325 tempore
1314 280 1469 326 psalmus

80 348 411 393 quinquagesimus,
452 347 601 381 scilicet:
653 348 817 381 miserere
843 347 910 380 mei
936 345 1117 388 dominns,
1153 348 1212 392 qui
1235 350 1288 382 est
1314 346 1467 391 psalmus

79 413 314 457 poenitentiae
338 416 371 447 et
399 413 625 454 remissioni5‚
653 411 834 456 plurimum
861 410 1113 456 frequentatur.
1320 395 1326 399 K

579 731 705 795 cAP.
752 731 942 793 xxxlv.

432 833 532 877 De
580 829 1090 887 quadragesima.

160 939 439 986 Quadrageslma
465 941 585 985 incipit
613 950 634 974 a
659 939 852 983 dominica,
879 949 949 985 qua
973 942 1153 974 cantatur:
1190 939 1366 974 Invocavit
1392 950 1456 982 nne,

71 1005 127 1039 ubi
155 1004 324 1048 ecelesia,
350 1015 440 1050 quae
465 1009 518 1040 tot
540 1004 826 1040 tribulationibus
852 1015 978 1050 pressa
1001 1005 1232 1039 clamaverat:
1266 1005 1456 1040 circumde-

68 1071 193 1105 derunt
215 1080 269 1105 me
293 1073 376 1114 ete,
429 1075 463 1107 et
495 1071 713 1117 postmodum
751 1072 990 1117 respiraverat
1025 1069 1220 1105 invocando
1245 1069 1454 1116 adjmorium

67 1135 204 1170 dicens:
253 1146 404 1183 exsurge
429 1141 494 1172 ete.
523 1140 558 1172 et
583 1141 660 1172 esto
690 1136 773 1170 mihi
798 1138 833 1171 in
858 1137 965 1172 Deum
990 1140 1222 1182 protectorem
1249 1140 1337 1179 ete,
1364 1147 1451 1170 nnnc

66 1200 219 1236 ostendit
244 1211 282 1237 se
307 1202 525 1245 exauditam,
551 1202 688 1238 dicens:
713 1203 892 1237 invocavit
913 1213 965 1238 me
991 1206 1055 1238 etc.
1102 1201 1299 1236 Notandum
1324 1206 1450 1237 autem.

66 1265 159 1311 quod
192 1266 464 1314 quadragesima
495 1270 649 1303 continet
673 1267 768 1302 XLII
793 1267 887 1310 dies,
934 1269 1142 1313 computatis
1168 1266 1350 1301 dominicis
1376 1267 1450 1301 die-

64 1331 150 1374 bus,
189 1342 232 1367 ex
258 1333 383 1377 quibus
409 1333 487 1367 dum
512 1344 575 1368 sex
600 1333 675 1368 dies
700 1333 925 1368 dominicales
951 1332 1225 1375 subtrahuntur,
1270 1337 1450 1368 remanent

63 1397 213 1433 XXXVI
236 1397 310 1433 dies
333 1399 366 1432 in
381 1398 607 1442 abstinentia,
635 1408 726 1443 quae
743 1402 822 1432 sunt
837 1398 969 1433 decima
979 1400 1087 1433 totius
1101 1399 1193 1432 anni.
1219 1397 1340 1432 Annus
1359 1400 1447 1432 enim

63 1462 171 1498 habet
183 1467 359 1498 trecentos
377 1465 564 1510 sexaginta
579 1465 730 1508 quinque
747 1463 836 1506 dies,
865 1474 1009 1509 quornm
1026 1462 1176 1498 XXXVI
1197 1467 1277 1497 sunt
1300 1463 1445 1505 decima,

62 1528 125 1564 sed
152 1532 318 1574 quattuor
341 1528 416 1564 dies
443 1528 693 1574 praecedentes
718 1528 905 1571 adduntur,
931 1532 968 1563 ut
994 1538 1095 1563 sacer
1120 1538 1282 1562 numerus
1295 1529 1446 1574 quadra-

61 1596 162 1641 ginta
201 1593 334 1629 dierum
372 1595 573 1640 impleatur,
623 1604 723 1639 quem
760 1594 919 1628 salvator
952 1604 1016 1628 suo
1046 1594 1183 1638 Jejunio
1216 1597 1445 1629 consecravit.

62 1661 178 1701 Quare
201 1663 316 1695 autem
342 1661 377 1694 in
400 1659 467 1695 hoe
491 1670 633 1694 numero
661 1660 696 1705 ¹)
717 1660 888 1705 Jejunium
914 1658 1165 1702 observamus,
1199 1659 1329 1705 triplex
1355 1661 1445 1694 ratio

60 1727 237 1772 assignari
262 1730 389 1771 potest.
436 1722 553 1762 Prim'a
576 1729 630 1761 est
652 1725 853 1771 Augustini,
879 1726 1041 1770 quoniam
1066 1724 1269 1760 Matthaeus
1293 1726 1356 1760 XL
1383 1736 1446 1772 ge-

58 1793 258 1826 nerationes
284 1791 414 1827 Christi
437 1793 547 1838 ponit.
592 1791 647 1826 Ad
672 1790 738 1826 hoc
762 1792 870 1837 igitur
893 1790 1051 1825 dominus
1079 1801 1142 1824 suo
1161 1791 1443 1837 quadragenario

58 1868 199 1892 numero
224 1858 269 1892 ad
293 1868 356 1892 nos
381 1857 574 1901 descendit,
598 1861 635 1892 ut
659 1868 723 1892 nos
748 1856 793 1891 ad
820 1867 896 1892 eum
921 1867 1063 1892 numero
1080 1856 1364 1902 quadragenario
1380 1856 1439 1891 ad-

56 1922 272 1959 scendamus.
342 1923 456 1958 Aliam
501 1925 662 1970 assignat
694 1922 783 1957 idem
816 1922 953 1957 dicens:
1001 1922 1045 1957 ad
1078 1921 1143 1956 hoe
1178 1925 1214 1956 ut
1249 1921 1440 1957 habeamus

57 1989 405 2034 quinquagenarium,
433 1988 716 2036 quadragenario
731 1987 912 2024 addendus
936 1990 991 2023 est
1012 1988 1189 2030 denarIus,
1217 1989 1299 2033 quia
1315 1988 1359 2022 ad
1376 1988 1442 2022 hoe

55 2057 92 2088 ut
115 2055 316 2097 veniamus,
359 2053 405 2087 ad
428 2053 566 2089 beatam
590 2056 744 2100 requiem
770 2058 909 2100 oportet
934 2064 997 2088 nos
1023 2057 1097 2088 toto
1123 2054 1321 2098 praesentis
1345 2055 1439 2088 vitae

52 2123 208 2164 tempore
232 2117 408 2154 laborare.
455 2118 553 2156 Unde
577 2125 613 2156 et
636 2120 794 2155 dominus
815 2119 879 2154 XL
904 2118 1027 2154 diebus
1052 2129 1126 2153 cum
1145 2119 1326 2164 discipulis
1342 2128 1437 2153 man-

52 2185 98 2218 sit
121 2188 156 2219 et
178 2189 259 2230 post
284 2186 418 2221 decIma
443 2186 498 2222 die
523 2187 681 2232 spiritum
706 2189 861 2221 sanctum
885 2184 1103 2220 Paracletum
1128 2186 1232 2220 misit.
1282 2184 1435 2220 Tertiam

52 2249 213 2295 assignat
235 2252 403 2297 magister
426 2251 690 2298 Praepositivus
718 2253 752 2286 in
779 2251 919 2287 Summa
951 2250 993 2286 de
1020 2250 1145 2285 officiis
1173 2250 1313 2285 dicens:
1338 2260 1426 2284 mun

52 2314 116 2348 dus
149 2316 182 2348 in
217 2319 379 2360 quattuor
411 2320 530 2361 partes
562 2321 597 2352 et
627 2327 737 2352 annus
769 2319 802 2351 in
834 2320 1000 2362 quattuor
1024 2320 1182 2362 tempora
1209 2315 1375 2349 dividitur
1399 2320 1434 2350 et

51 2379 116 2414 hoc
152 2390 194 2414 ex
229 2383 393 2425 quattuor
425 2381 604 2416 elementis
638 2386 672 2417 et
703 2386 868 2428 quattuor
892 2381 1190 2426 complexionibus
1214 2382 1435 2415 constituitur

49 2449 84 2480 et
105 2455 229 2479 novam
255 2445 389 2491 legem,
416 2455 505 2490 quae
530 2447 565 2480 in
589 2451 756 2492 quattuor
779 2447 974 2493 evangeliis
1001 2447 1177 2487 consistit,
1207 2450 1242 2481 et
1268 2449 1428 2484 veterem,

48 2520 137 2555 qnae
163 2511 196 2544 in
222 2510 338 2545 decem
364 2510 548 2551 mandatis,
579 2513 793 2558 transgressi
816 2521 942 2546 sumus.
991 2510 1138 2557 Oportet
1164 2513 1282 2557 igitur,
1310 2517 1344 2546 nt
1369 2512 1423 2548 de-

147 2654 262 2687 1)Bec.
284 2654 396 2681 addunt
418 2654 742 2688 qnndrngenurw.
