1742 3005
282 69 363 108 346
475 70 572 120 Cap.
597 69 768 106 Lxxxt.
828 69 886 105 De
916 74 1046 106 sancto
1078 69 1257 107 Bai-naba
1289 69 1481 120 apostolo.

282 180 316 211 et
352 184 469 210 eorum
496 181 646 216 corpora
683 171 829 207 canibus
868 176 901 206 et
937 173 1060 206 avibus
1094 174 1241 219 projici,
1288 173 1350 208 sed
1386 177 1500 207 tamen
1540 171 1583 205 ab
1619 171 1672 206 his

282 241 439 275 illaesaa
460 238 662 272 christianis
685 236 875 272 honorifice
900 241 980 272 sunt
1004 237 1153 282 sepulta.
1202 238 1303 273 Passi
1331 242 1410 273 sunt
1437 242 1548 273 autem
1579 238 1672 271 cirea

280 315 389 339 annos
418 304 547 339 domini
573 301 832 339 CCLXXXVII.

726 538 851 600 cAP.
886 536 1072 600 LXXXI.
1107 537 1231 600 (76.)

435 626 534 684 De
565 638 785 682 saneto
814 636 1116 683 Bal-naba
1149 635 1185 681 ¹)
1202 636 1507 692 apostolo.

362 749 546 782 Barnabas
581 749 832 791 interpretatur
868 746 959 781 filius
996 748 1166 781 venientis
1201 747 1256 781 vel
1291 746 1382 780 filius
1416 745 1667 780 consolationis

274 820 333 849 aut
361 815 451 848 lilius
478 812 673 858 prophetae
703 817 762 846 aut
788 812 878 846 filins
907 811 1131 846 concludens.
1182 811 1341 851 Qnatuor
1368 811 1501 847 vicibus
1528 812 1669 855 ponitur

272 881 363 914 lilius
389 883 534 924 propter
560 883 710 922 quatuor
735 878 858 912 modos
883 877 1063 911 filiationis
1090 878 1223 921 ipsius;
1251 877 1377 911 dieitur
1403 878 1492 911 enim
1518 876 1608 909 iilius
1634 878 1666 909 in

271 947 445 990 scriptura
481 945 618 978 ratione
652 945 916 989 generationis,
951 943 1178 986 eruditionis,
1221 944 1426 977 imitationis
1461 947 1495 978 et
1520 941 1666 986 adopta-

270 1013 397 1053 tionis,
441 1011 506 1044 suit
540 1013 629 1044 enim
662 1021 682 1045 a
717 1010 856 1044 Christo
889 1014 1122 1054 regeneratus
1147 1020 1211 1054 per
1238 1009 1468 1054 baptismum,
1510 1008 1666 1043 eruditus

270 1088 333 1121 per
356 1076 590 1121 evangelium,
618 1081 672 1110 est
696 1078 807 1120 ipsum
839 1078 990 1109 imitatus
1018 1086 1081 1120 per
1106 1076 1297 1109 martirium
1326 1080 1359 1110 et
1384 1075 1427 1109 ab
1456 1077 1533 1119 ipso
1552 1074 1664 1119 adop-

268 1147 362 1176 tatus
390 1153 453 1186 per
477 1141 632 1176 coeleste
659 1144 868 1187 praemium,
896 1146 930 1176 et
955 1140 1022 1175 hoo
1048 1145 1212 1186 (plantum
1239 1140 1284 1175 ad
1310 1151 1360 1182 se,
1389 1145 1552 1186 quantum
1580 1151 1663 1175 vero

268 1207 313 1242 ad
340 1209 441 1249 alios,
470 1208 535 1241 suit
560 1208 764 1249 adveniens,
793 1208 994 1249 consolans,
1020 1206 1235 1252 prophetans
1261 1211 1293 1241 et
1318 1206 1542 1241 concludens
1588 1205 1662 1241 Ad-

268 1275 410 1308 veniens
439 1273 669 1308 discurrendo
699 1278 733 1309 et
756 1273 994 1318 praedicando
1021 1273 1171 1318 ubique:
1207 1272 1300 1317 quod
1335 1276 1452 1317 patet,
1489 1274 1571 1317 quia
1598 1272 1664 1305 suit

267 1341 384 1373 socius
412 1339 532 1381 Pauli3
570 1340 757 1374 consolans
789 1350 965 1384 pauperes
1000 1343 1033 1374 et
1067 1338 1269 1373 desolatos:
1304 1348 1497 1383 pauperes,
1536 1337 1661 1382 quibus

267 1406 493 1440 elemosinam
514 1405 656 1448 detulit,
686 1405 889 1448 desolatos,
917 1403 1042 1451 quibus
1069 1416 1112 1440 ex
1137 1409 1237 1449 parte
1263 1404 1504 1449 apostolorum
1527 1405 1660 1449 episto-

266 1471 333 1505 lam
351 1471 563 1513 destinavit;
591 1471 820 1517 prophetans,
849 1473 931 1517 quia
953 1471 1160 1516 prophetiae
1187 1468 1313 1515 spiritu
1339 1470 1485 1512 claruit3
1515 1469 1658 1504 conclu-

266 1537 365 1579 dens,
395 1539 478 1582 qnia
497 1548 657 1582 magnam
677 1538 930 1572 multitudinem
957 1539 992 1571 in
1018 1537 1085 1572 fide
1111 1536 1282 1571 conclusit
1310 1540 1344 1570 et
1363 1535 1541 1578 adunavit,
1569 1537 1660 1570 sieut

263 1608 379 1648 patet,
414 1614 489 1637 cum
523 1604 650 1637 missus
686 1604 751 1638 suit
788 1605 822 1637 in
855 1603 1089 1638 Antiochiam.
1139 1602 1191 1637 De
1226 1603 1282 1637 his
1316 1606 1465 1648 quatuor
1487 1601 1562 1635 Act.
1589 1600 1657 1635 Xl:

263 1674 339 1704 erat
364 1671 438 1712 vir,
473 1670 509 1704 id
536 1675 589 1706 est
614 1672 748 1712 virilis,
782 1674 945 1714 quantuni
974 1668 1019 1703 ad
1058 1669 1227 1713 primum,
1267 1669 1379 1703 bonus
1413 1671 1576 1713 quantum
1612 1666 1657 1700 ad

263 1735 475 1777 secundum,
512 1736 637 1780 plenus
676 1738 801 1780 spiritu
841 1740 963 1769 sancto
998 1739 1161 1780 quantum
1197 1734 1241 1769 ad
1274 1737 1432 1777 tertium,
1477 1738 1511 1767 et
1545 1732 1655 1767 tidelis

263 1805 425 1845 quantum
452 1801 496 1834 ad
522 1805 692 1846 quartum.
741 1800 826 1845 Ejus
852 1802 1051 1844 passionem
1078 1786 1279 1844 compilavit
1301 1799 1498 1840 Johannes,
1540 1799 1596 1842 qui
1622 1802 1655 1831 et

261 1865 401 1899 Marcus
423 1867 500 1911 ejus
517 1867 761 1907 consobrinus,
790 1870 824 1900 et
850 1867 996 1899 maxime
1022 1875 1043 1898 a
1062 1866 1197 1900 visione
1220 1867 1332 1910 ipsius
1352 1863 1522 1900 Johannis
1542 1874 1652 1908 usque

260 1932 334 1966 sere
362 1933 395 1965 in
422 1931 534 1974 finem,
563 1942 663 1977 quam
690 1931 788 1965 Beda
813 1931 855 1965 de
879 1930 1011 1966 Graeco
1034 1933 1067 1965 in
1083 1932 1225 1965 latinum
1245 1931 1397 1965 creditur
1416 1929 1650 1963 transtulisse.

348 1996 532 2032 Barnabas
559 1998 686 2031 levites
713 1998 859 2042 Cyprius
886 2008 1038 2043 genere,
1072 2008 1159 2031 unus
1188 1997 1230 2031 de
1256 1996 1351 2031 LXll
1377 1995 1561 2041 discipulis
1588 1996 1651 2030 do-

258 2062 340 2095 mini
366 2062 409 2096 ah
436 2061 596 2108 hystoria
621 2068 757 2097 actuum
782 2065 817 2097 in
845 2057 962 2097 inultis
989 2064 1171 2098 extollitur
1194 2068 1228 2098 et
1255 2062 1437 2097 laudatur:
1464 2061 1529 2096 suit
1553 2073 1649 2096 nam—

257 2139 323 2173 que
350 2129 479 2173 optime
507 2129 712 2163 informatus
742 2133 776 2163 et
803 2128 986 2163 ordinatus
1015 2134 1050 2164 et
1075 2130 1143 2164 hoo
1169 2134 1331 2175 quantum
1353 2128 1397 2163 ad
1416 2138 1455 2162 se
1479 2132 1512 2163 et
1539 2139 1647 2173 (plan-

254 2198 325 2227 tum
351 2193 394 2227 ad
420 2194 527 2228 Deum
555 2199 589 2229 et
614 2199 778 2240 quantum
805 2195 849 2229 ad
875 2197 1078 2240 proximum.
1129 2196 1300 2236 Quantum
1331 2195 1373 2229 ad
1402 2205 1441 2229 se
1467 2194 1648 2229 ordinatus

255 2260 391 2293 exstitit
416 2260 604 2294 secundum
632 2265 703 2295 tres
730 2262 841 2303 vim,
875 2261 1063 2296 secundum
1092 2261 1355 2304 rationabilem,
1394 2260 1647 2306 concupiscibi-

252 2324 358 2359 bilem
387 2330 421 2360 et
454 2325 676 2361 irascibilem.
725 2325 855 2361 Habuit
886 2337 1035 2372 namque
1068 2328 1314 2363 rationabilem
1350 2328 1559 2362 illustratam
1590 2326 1643 2360 ln-

254 2393 344 2426 mine
370 2393 605 2437 cognitionis,
641 2392 730 2427 unde
757 2392 882 2427 dicitur
906 2392 982 2427 Act.
1010 2393 1107 2428 XllI:
1144 2398 1244 2429 erant
1269 2398 1381 2428 autem
1419 2395 1452 2427 in
1482 2393 1642 2433 eeclesia,

253 2468 342 2502 qnae
369 2462 444 2492 erat
471 2457 691 2501 Antiochiae,
722 2458 917 2504 prophetae
943 2465 977 2494 et
1002 2459 1178 2502 doctores,
1203 2461 1238 2494 in
1265 2460 1390 2505 quibus
1407 2458 1586 2493 Barnabas
1610 2462 1643 2491 et

252 2523 379 2565 Syinon
392 2528 456 2559 ete.
486 2523 648 2559 Secundo
667 2524 790 2559 habuit
806 2526 1125 2571 concupiscibilem,
1146 2532 1329 2573 purgatam
1346 2535 1366 2560 a
1381 2524 1524 2570 pulvere.
1544 2534 1638 2556 mnn-

251 2586 365 2621 danae
390 2590 599 2632 affectionis,
625 2589 715 2625 unde
742 2590 872 2626 dicitur
897 2592 973 2627 Act.
1004 2592 1058 2635 IV,
1086 2593 1178 2639 quod
1203 2591 1348 2637 Josoph‚
1375 2590 1431 2635 qui
1460 2590 1638 2635 cognomi-

318 2686 345 2717 1)
365 2688 556 2716 nocentiores
576 2690 717 2718 omittunt
739 2701 843 2719 voce-ni
866 2691 1061 2726 apostolo.
