1742 3005
270 112 350 153 714
567 112 664 160 Cap.
696 109 830 147 CLXI.
889 110 948 148 De
977 118 1107 148 sancto
1136 111 1354 149 Eustachio.

269 217 513 254 demonstrari.
561 214 631 249 Sed
656 224 730 248 cum
757 213 959 248 humiliatus
984 215 1114 258 fueris,
1151 217 1284 250 veniam
1322 215 1366 250 ad
1392 221 1426 252 te
1454 220 1487 252 et
1512 218 1545 250 in
1572 216 1652 262 glo-

267 286 352 317 riam
386 282 568 326 pristinam
602 280 782 314 restituam
815 284 870 323 te,
911 279 968 314 dic
1001 291 1108 325 ergo,
1154 282 1183 315 si
1218 281 1321 316 modo
1354 284 1566 317 tentationes
1602 283 1653 316 vis

266 349 428 392 accipere
464 350 524 380 aut
557 347 591 379 in
624 346 689 379 line
722 346 828 384 vitae.
876 346 968 380 Dicit
1000 348 1032 381 ei
1067 344 1297 380 Eustachius:
1339 346 1501 389 domine,
1540 349 1570 382 si
1607 349 1654 381 ita

264 414 339 448 lieri
366 416 527 458 oportet,
563 411 666 446 modo
696 411 798 446 nobis
828 413 1041 446 tentationes
1076 411 1241 447 accidere
1262 412 1370 457 jube,
1403 412 1466 447 sed
1493 414 1651 448 virtutem

264 481 457 525 patientiae
490 477 618 512 tribue.
669 478 732 511 Cui
763 477 940 512 dominus:
975 481 1139 512 constans
1173 481 1270 519 esto,
1311 479 1394 523 quia
1428 480 1545 524 gratia
1577 488 1653 513 mea

264 545 439 580 custodiet
469 545 603 578 animas
638 548 788 578 vestras.
837 543 965 588 Sicque
1001 543 1160 578 dominus
1191 544 1226 577 in
1253 543 1386 578 coelum
1413 543 1596 578 adscendit
1621 547 1654 578 et

261 610 473 646 Eustaeliius
500 610 634 644 denium
661 609 800 644 rediens
827 608 912 644 haec
942 611 1042 643 uxori
1067 618 1152 644 suae
1180 610 1365 646 nuntiavit.
1411 608 1496 643 Post
1524 619 1653 653 paucos

264 678 373 722 igitur
407 676 482 710 dies
517 686 609 710 mors
638 675 809 720 pestifera
835 679 978 710 cunctos
1005 685 1127 710 servos
1157 678 1190 708 et
1216 675 1364 709 ancillas
1389 676 1500 720 ipsius
1526 676 1654 710 invasit

261 746 296 777 et
330 743 517 776 universos
546 740 693 782 occidit;
727 739 854 775 deinde
888 744 970 784 post
1005 740 1149 784 aliquod
1177 744 1313 785 tempus
1347 751 1467 775 omnes
1505 743 1585 786 equi
1619 745 1652 776 et

261 809 377 842 onmia
396 808 472 852 ejus
492 816 620 851 pecora
640 806 757 839 subito
778 806 992 840 interierunt.
1037 804 1184 844 Quidam
1203 808 1316 839 autem
1335 807 1476 841 scelesti
1495 808 1570 852 ejus
1588 807 1649 842 dc—

260 873 522 918 praedationem
552 871 709 906 videntes
736 874 771 906 et
791 881 852 915 per
876 875 1009 905 noctem
1030 872 1064 904 in
1083 870 1217 904 domum
1236 871 1312 915 ejus
1327 872 1499 906 irruentes
1514 877 1650 914 cuncta,

261 949 350 984 quae
368 942 585 982 repererunt,
601 940 828 981 asportarunt
847 941 878 971 et
896 936 1031 970 domum
1048 939 1155 970 totam
1174 946 1258 970 auro
1275 941 1308 971 et
1326 940 1474 983 argento
1493 941 1527 971 et
1546 937 1649 972 rebus

258 1004 339 1038 aliis
358 1004 556 1048 spoliarunt
573 1007 605 1037 et
624 1004 701 1047 ipse
721 1013 793 1036 cum
814 1012 924 1037 uxore
945 1013 1008 1036 sua
1027 1006 1061 1037 et
1084 1002 1163 1037 filiis
1184 1004 1321 1048 gratias
1340 1013 1449 1048 agens
1468 1007 1571 1038 nocte
1588 1013 1649 1037 au-

261 1070 351 1114 fugit
371 1069 495 1103 nudus.
524 1069 587 1108 Qui
608 1068 768 1103 ruborem
788 1071 947 1102 verentes
966 1069 1160 1113 Aegyptum
1180 1068 1387 1114 pergebant,
1408 1073 1552 1114 totaque
1573 1071 1649 1114 ejtis

258 1136 441 1179 possessio
467 1144 531 1178 per
559 1135 715 1178 rapinam
743 1134 910 1167 malorum
929 1132 973 1167 ad
998 1133 1141 1168 nihilum
1161 1138 1213 1168 est
1235 1134 1387 1169 redacta.
1436 1133 1509 1169 Rex
1535 1139 1648 1170 autem

257 1204 421 1245 totusque
447 1204 590 1234 senatus
618 1210 682 1244 pro
702 1201 872 1244 magistro
894 1200 1037 1233 militum
1055 1203 1123 1233 tam
1141 1203 1282 1234 strenuo
1303 1200 1443 1234 multum
1467 1199 1647 1242 dolebant,

257 1278 312 1309 eo,
339 1266 432 1312 quod
451 1266 493 1301 de
511 1276 552 1300 eo
574 1265 703 1299 nullum
730 1264 891 1298 indicium
921 1266 1078 1309 reperire
1104 1269 1278 1309 poteraut.
1328 1265 1410 1299 Cum
1436 1270 1549 1301 autem
1581 1267 1647 1300 iter

256 1337 416 1380 agerent,
442 1332 812 1377 appropinquaverunt
830 1332 915 1364 mari
940 1334 973 1365 et
994 1332 1210 1365 invenientes
1228 1340 1349 1365 navem
1371 1341 1476 1375 super
1492 1341 1565 1366 eam
1583 1342 1645 1365 na-

256 1401 378 1446 vigare
398 1403 599 1444 coeperunt.
649 1397 780 1432 videns
815 1401 929 1431 autem
968 1396 1126 1431 dominns
1160 1397 1259 1430 navis
1285 1407 1427 1431 uxorem
1452 1395 1644 1442 Eustachii,

256 1476 344 1510 quae
365 1464 513 1510 pulchra
536 1468 631 1499 esset
652 1464 774 1506 nimis,
803 1464 913 1508 ipsam
941 1463 1122 1508 plurimum
1149 1462 1281 1498 habere
1308 1461 1543 1506 desideravit,
1570 1474 1644 1498 cum

254 1541 336 1566 vero
362 1531 648 1573 transfretasset,
684 1530 822 1563 naulum
850 1529 894 1564 ab
925 1539 966 1564 eo
1001 1529 1184 1575 exigebat,
1222 1539 1291 1562 non
1318 1527 1529 1562 habentibus
1563 1539 1645 1564 vero

254 1597 338 1640 illis,
365 1596 457 1631 unde
483 1596 671 1637 solverent,
693 1597 802 1640 jussit
827 1607 889 1641 pro
916 1595 1020 1630 naulo
1047 1596 1195 1630 detineri
1220 1606 1374 1637 uxorem,
1400 1595 1522 1630 volens
1550 1596 1645 1632 illam

255 1674 373 1699 secum
403 1661 546 1696 habere.
597 1661 695 1701 Quod
729 1666 766 1695 ut
798 1661 1009 1696 Eustaeliius
1042 1661 1196 1704 audivit,
1239 1661 1436 1696 nullatenus
1471 1664 1644 1698 assentire

253 1729 375 1763 voluit.
423 1728 490 1762 Diu
520 1738 601 1762 vero
634 1738 675 1762 eo
713 1727 973 1761 contradicente
1009 1729 1119 1761 innuit
1151 1727 1310 1761 dominus
1341 1729 1456 1761 nautis
1482 1730 1575 1772 suls,
1608 1733 1644 1763 ut

254 1807 329 1831 eum
357 1797 390 1828 in
416 1804 509 1829 mare
537 1794 829 1838 praecipitarent,
859 1796 896 1826 ut
928 1793 980 1826 sic
1014 1803 1156 1826 uxorem
1191 1803 1287 1827 suani
1322 1792 1455 1827 habere
1485 1799 1640 1837 possent.

253 1861 353 1901 Quod
387 1870 461 1895 cum
492 1858 704 1894 Eustacliius
737 1859 984 1903 comperisset,
1028 1868 1170 1892 uxorem
1211 1859 1254 1891 iis
1288 1859 1399 1891 tristis
1435 1858 1575 1903 reliquit
1608 1864 1642 1894 et

255 1927 343 1961 duos
374 1926 526 1960 infantes
559 1926 736 1969 aecipiens
775 1927 1005 1970 ingemiscens
1039 1925 1112 1958 ibat
1136 1933 1177 1957 ac
1205 1923 1343 1957 dicens:
1375 1923 1463 1958 vaeli
1498 1924 1581 1958 milii
1607 1932 1640 1960 et

252 1992 366 2034 vobis,
393 1993 476 2037 quia
496 1995 606 2025 mater
625 1995 740 2025 vestra
763 1991 984 2036 alienigenae
1003 1992 1126 2024 marito
1147 1989 1278 2023 tradita
1296 1993 1359 2023 est.
1408 1988 1639 2025 l‘erveniens-

253 2069 320 2104 que
354 2057 397 2092 ad
433 2056 605 2102 quendam
641 2056 779 2090 fluvium
813 2060 959 2101 propter
994 2066 1161 2101 aquarum
1198 2053 1446 2089 abundantiam
1486 2066 1553 2089 non
1587 2061 1641 2091 est

252 2134 360 2158 ausus
385 2133 460 2157 eum
490 2121 626 2155 duobus
652 2120 732 2156 filiis
758 2121 896 2156 fluvium
923 2123 1159 2167 pertransire,
1198 2119 1261 2155 sed
1296 2131 1364 2154 uuo
1399 2121 1494 2155 circa
1529 2123 1638 2167 ripam

253 2190 402 2224 fluminis
437 2188 559 2222 relicto
595 2187 740 2222 alterum
772 2187 1047 2232 transportabat.
1098 2187 1165 2228 Qui
1198 2196 1274 2221 cum
1308 2186 1446 2221 fluvium
1478 2191 1639 2224 transva-

252 2256 396 2297 dasset,
429 2254 523 2287 illum
550 2253 737 2296 infantem,
772 2264 871 2298 quem
896 2253 1136 2298 bajulaverat,
1175 2263 1281 2297 super
1306 2256 1432 2287 terram
1460 2256 1578 2298 posuit
1606 2260 1640 2290 et

253 2321 298 2355 ad
324 2319 562 2365 accipiendum
589 2319 694 2352 alium
723 2319 912 2354 festinavit.
962 2319 1043 2353 Cum
1069 2323 1182 2354 autem
1208 2319 1302 2352 cirea
1326 2318 1472 2353 medium
1491 2320 1639 2356 fluminis

255 2387 495 2432 pervenisset,
533 2395 613 2419 ecce
648 2385 749 2429 lupus
785 2387 941 2419 concitus
975 2387 1069 2420 venit
1105 2389 1138 2420 et
1171 2385 1357 2426 infantem,
1396 2396 1495 2431 quem
1529 2386 1638 2432 depo-

256 2456 395 2493 suerat,
428 2452 570 2496 rapiens
608 2451 640 2483 iu
666 2450 790 2484 silvam
818 2450 967 2497 aufugit.
1018 2450 1082 2490 Qui
1111 2451 1152 2486 de
1178 2462 1219 2486 eo
1247 2450 1439 2495 desperans
1466 2452 1510 2486 ad
1535 2453 1639 2486 alium

257 2519 447 2552 festinavit.
497 2516 567 2551 Sed
593 2527 667 2551 eum
693 2515 829 2559 abiret,
855 2517 910 2552 leo
938 2518 1031 2552 venit
1056 2521 1090 2552 et
1115 2516 1219 2551 alium
1247 2516 1350 2550 lilium
1378 2518 1516 2562 rapiens
1541 2516 1638 2551 abiit.

257 2583 352 2617 Unde
378 2594 452 2617 eum
479 2584 647 2628 consequi
672 2594 740 2617 non
768 2583 900 2625 valens,
930 2593 1002 2617 cum
1023 2587 1117 2619 esset
1146 2585 1178 2617 in
1203 2583 1315 2618 medio
1341 2582 1501 2624 fluminis,
1527 2584 1641 2626 coepit

258 2647 427 2691 plangere
453 2654 487 2683 et
514 2649 662 2693 capillos
689 2660 773 2683 suos
800 2649 974 2692 evellere,
1011 2649 1132 2684 volens
1163 2660 1203 2684 se
1237 2651 1269 2683 in
1302 2657 1425 2691 aquam
1453 2648 1638 2693 projicere.

257 2713 324 2748 nisi
356 2723 430 2746 eum
466 2714 580 2748 «lisina
609 2715 830 2757 providentia
854 2715 1092 2750 continuisset.
1142 2715 1305 2750 Pastorcs
1331 2717 1455 2749 autem.
1484 2714 1639 2750 videntes
