1742 3005
214 102 296 142 524
355 104 449 154 Cap.
483 103 620 140 CXlX.
667 101 724 139 De
754 103 987 140 assumtione
1018 108 1170 140 sanetae
1202 102 1345 140 Mariae
1378 102 1544 152 virginis.

217 208 306 247 cuit,
350 206 392 240 de
432 215 506 239 meo
542 204 702 239 discessu
744 203 944 238 dolentibus
989 203 1051 240 tias
1083 207 1285 242 consolator
1323 212 1358 243 et
1395 207 1607 252 impositioni

216 281 373 304 manuum
403 280 555 304 mearum
580 280 719 315 appone
743 269 1022 305 benedictionem
1050 281 1156 316 super
1176 271 1454 308 benedictionem
1477 283 1605 307 eorum

216 336 349 371 Deinde
383 336 577 371 extendens
610 347 730 370 manus
766 336 917 371 fidelium
952 337 1139 382 collegium
1170 337 1351 372 benedixit
1384 342 1419 372 et
1452 338 1607 372 addidit:

218 406 250 436 in
277 412 397 436 manus
433 405 532 444 tuas,
569 402 728 445 domine,
768 402 972 437 commendo
1007 404 1166 447 spiritum
1199 414 1331 446 meum,
1365 405 1505 448 suscipe
1531 406 1607 438 ani*

217 478 304 503 mam
347 478 457 502 meam
501 468 566 502 tibi
611 468 793 510 dilectam,
842 479 943 514 quam
989 468 1201 513 inculpatam
1245 470 1418 511 servasti,
1465 468 1529 502 tibi
1576 473 1610 503 et

217 546 286 569 non
312 538 429 568 terrae
458 533 658 568 commendo
684 544 811 579 corpus
838 545 969 576 meum,
1007 534 1144 568 custodi
1170 534 1257 569 illud
1283 536 1477 580 integrum,
1518 534 1609 579 quod

217 600 282 634 tibi
309 599 506 634 inhabitare
534 599 755 644 complacuit.
804 600 977 635 Transfer
1002 611 1054 634 me
1080 600 1124 634 ad
1151 604 1207 642 te,
1233 605 1281 643 ut,
1310 599 1369 635 ubi
1395 604 1431 634 tu
1458 610 1508 641 es,
1537 602 1607 635 vis-

216 676 331 700 cerum
360 676 511 700 meorum
540 670 683 709 partus,
719 667 783 699 sim
822 670 857 701 et
890 676 957 711 ego
992 667 1056 700 tibi
1089 665 1308 700 cohabitans.
1356 665 1454 700 Illinc
1491 667 1610 711 itaque

216 731 303 765 talia
329 734 409 765 sunt
436 730 574 764 audita:
612 741 739 774 surge,
773 733 850 765 veni
884 733 1023 776 itaque,
1060 731 1190 766 dilecta
1215 742 1311 774 mea,
1347 742 1366 766 o
1404 731 1550 777 pulchra
1576 734 1609 765 in

217 795 442 837 mulieribuS,
479 795 627 840 pulchra
662 806 699 830 es
726 797 840 830 amica
865 806 941 831 mea
968 800 1003 830 et
1029 796 1164 830 macula
1189 808 1255 831 non
1282 801 1335 831 est
1362 800 1394 831 in
1422 802 1468 833 tc.
1518 798 1610 833 Haec

218 864 426 898 beatissima
440 863 540 908 virgo
555 862 701 897 audiens
713 862 931 896 commendat
949 864 983 895 in
1000 872 1120 895 manus
1143 862 1201 895 tilii
1221 863 1378 906 spiritum
1399 874 1508 906 suum,
1527 875 1609 908 pro-

218 930 306 963 t'usis
324 933 437 963 autem
459 928 613 973 apostoli
631 929 791 974 lacrymis
811 927 920 973 figunt
936 928 1059 962 oscula
1077 928 1304 962 tabernaculo
1325 928 1454 963 domini
1467 958 1475 972 ‚
1500 929 1608 964 bene-

218 995 373 1029 dictione
399 1004 441 1028 ae
466 996 655 1029 sanctitate
681 1005 723 1029 ex
748 999 909 1028 contactu
949 996 1041 1029 sacri
1075 996 1233 1039 corporis
1270 994 1464 1039 adimpleti.
1511 996 1611 1030 Tune

219 1060 331 1094 morbi
358 1064 392 1094 et
418 1059 606 1094 daemones
633 1060 819 1105 fugantur,
856 1064 917 1094 aer
943 1064 976 1094 et
1004 1060 1139 1094 coelum
1173 1060 1430 1102 sanctificatur,
1463 1063 1608 1106 spiritus

218 1127 445 1167 ascensione,
472 1129 568 1159 terra
589 1127 748 1169 corporis
774 1125 1017 1170 depositione,
1045 1136 1137 1171 aqua
1166 1136 1246 1160 vero
1278 1129 1481 1171 ¹)eorporis
1510 1127 1609 1162 ablu<

218 1194 324 1227 tione.
372 1190 536 1225 Abluitnr
569 1192 658 1225 enim
697 1201 832 1225 sacrum
866 1201 994 1236 corpus
1036 1202 1128 1236 aqua
1162 1192 1411 1235 mundissima,
1461 1204 1530 1228 non
1566 1193 1608 1227 ab

219 1260 298 1302 ipsa
323 1256 539 1298 minutatum,
574 1256 637 1291 sed
671 1256 715 1291 ab
751 1259 829 1302 ipso
864 1256 1095 1291 sanctificata.
1144 1257 1278 1292 Deinde
1313 1268 1447 1292 sacrum
1483 1270 1609 1304 eorpus

218 1323 344 1357 munda
377 1322 525 1357 sindone
558 1323 748 1357 involutum
783 1324 875 1357 lecto
919 1325 1148 1368 supponitur,
1192 1323 1373 1368 lampades
1411 1330 1610 1365 coruscant,

217 1394 396 1436 unguenta
419 1389 598 1433 redolent,
628 1389 741 1434 hymni
767 1389 917 1435 angelici
942 1394 1119 1423 resonant.
1168 1389 1350 1434 Apostolis
1370 1394 1484 1424 autem
1510 1391 1608 1425 aliis-

218 1467 284 1502 que
312 1457 463 1498 sanetis,
503 1457 559 1501 qui
586 1455 754 1498 aderant,
784 1454 921 1489 divinas
949 1454 1035 1489 odas
1062 1455 1322 1490 modulantibus
1347 1455 1455 1490 archa
1481 1456 1610 1490 domini

217 1533 236 1556 e
270 1526 385 1556 monte
419 1522 513 1566 Syon
547 1522 659 1555 sacris
693 1521 933 1566 apostolorum
972 1521 1169 1556 cervicibus
1202 1523 1366 1566 imposita
1406 1522 1450 1556 ad
1487 1530 1607 1556 sacra<

216 1588 385 1622 tissimam
413 1588 529 1621 villam
555 1586 788 1621 Gethsemane
815 1587 1019 1630 adducitur,
1048 1588 1185 1633 angelis
1211 1587 1499 1622 antecedentibus
1526 1588 1609 1622 sub-

218 1653 538 1698 sequentibusque,
574 1652 723 1697 aliisque
751 1663 885 1686 sacrum
909 1663 1037 1697 corpus
1065 1653 1286 1696 velantibus,
1324 1657 1399 1688 tota
1435 1654 1609 1690 ecelesiae

221 1719 474 1762 ²)multitudine
491 1719 757 1753 concomitante.
791 1718 977 1752 Affuerunt
997 1723 1029 1753 et
1048 1719 1187 1764 quidam
1207 1719 1419 1754 Judaeorum
1441 1720 1608 1755 fermento

218 1786 347 1820 veteris
377 1785 573 1829 ³)malitiae
600 1784 780 1818 obstinati.
829 1782 998 1818 Referunt
1020 1786 1136 1826 etiam,
1163 1786 1324 1828 cnmJam
1345 1796 1362 1820 e
1383 1790 1498 1819 monte
1516 1786 1609 1830 Syon

217 1850 489 1892 descenderent,
536 1860 671 1883 sacrum
717 1859 843 1894 corpus
879 1849 945 1883 Dei
979 1850 1163 1895 genitricis
1201 1849 1373 1892 serentes,
1418 1850 1607 1885 hebraeum

217 1916 388 1961 quendam
416 1925 584 1961 organum
612 1914 754 1959 dyaboli
780 1916 968 1950 temerario
1005 1919 1117 1949 actum
1152 1916 1280 1959 impetu
1308 1914 1517 1961 dyabolique
1544 1918 1607 1950 im-

217 1982 319 2026 pulsu
337 1991 441 2015 cursu
460 1981 505 2015 ad
525 1991 660 2015 sacrum
679 1990 807 2024 eorpus
825 1982 1031 2023 accessisse,
1057 1980 1102 2014 ad
1127 1980 1221 2025 quod
1240 1981 1359 2026 angeli
1384 1981 1609 2025 trepidabant

216 2046 407 2089 accedere,
443 2056 482 2080 ac
520 2050 667 2091 utraque
699 2056 799 2080 manu
836 2046 1021 2081 furibunde
1046 2046 1172 2080 lectum
1205 2047 1378 2090 arripiens
1411 2046 1456 2081 ad
1480 2050 1608 2082 terram

216 2114 382 2148 traxisse.
428 2111 553 2146 Fertur
578 2115 692 2145 tamen
718 2121 838 2146 manus
864 2101 925 2146 illa
948 2116 1122 2157 tamquam
1148 2112 1278 2157 lignum
1306 2112 1407 2146 arida
1433 2112 1609 2149 decidisse

219 2182 364 2222 eratque
400 2177 519 2212 videre
552 2181 724 2222 tamquam
762 2181 915 2212 truncum
963 2178 1138 2220 inutilem,
1183 2177 1294 2212 donec
1336 2177 1420 2212 tides
1462 2183 1608 2214 mentem

216 2243 381 2277 alteravit
412 2244 535 2287 suique
568 2243 712 2278 sceleris
738 2245 910 2287 poenituit
935 2245 1176 2289 ingementem.
1226 2243 1266 2277 lli
1289 2247 1415 2285 autem,
1442 2245 1498 2288 qni
1524 2255 1605 2288 por-

217 2308 339 2342 tabant
365 2308 542 2350 feretrum,
570 2312 714 2350 stetere,
750 2308 863 2343 donee
890 2310 994 2343 miser
1018 2311 1197 2353 imponens
1223 2318 1358 2342 manum
1385 2302 1606 2343 sanctissimo

218 2375 357 2419 corpori
385 2374 428 2408 ad
453 2378 578 2408 tactum
606 2375 682 2419 ejus
713 2375 746 2408 in
772 2378 897 2408 statum
925 2375 1107 2419 pristinum
1145 2378 1341 2410 revocatur.
1390 2374 1472 2410 Inde
1501 2376 1608 2420 igitui-

217 2440 333 2474 aditur
359 2439 609 2482 (ietlisemane,
637 2439 695 2473 ubi
722 2439 862 2481 oscula,
891 2440 1113 2485 complexus,
1143 2440 1255 2485 hymni
1281 2442 1395 2481 sacri,
1423 2441 1603 2485 lacrymae,

217 2505 356 2539 sudoris
381 2510 503 2551 guttae
529 2506 688 2547 fluentes,
716 2507 817 2540 etsie
835 2516 970 2540 sacrum
990 2518 1117 2552 eorpus
1138 2506 1331 2542 vmnerabtli
1359 2509 1391 2540 in
1418 2504 1602 2550 sepulchro

217 2570 379 2611 ponitur,
419 2571 480 2605 sed
516 2583 582 2605 non
619 2575 673 2605 est
710 2570 878 2606 derelicta
914 2574 1027 2607 anima
1053 2577 1112 2607 tua
1137 2575 1171 2607 in
1198 2573 1353 2612 interim,
1385 2580 1446 2605 nec
1476 2580 1603 2614 corpus

284 2668 311 2699 Ι)
332 2667 382 2695 114]-
404 2671 445 2693 1ἰ·.
467 2675 533 2702 post
557 2680 644 2698 vero
664 2671 767 2699 inserit
786 2675 924 2698 natura.
1003 2672 1030 2705 ὲ)
1049 2672 1123 2699 Alii:
1144 2668 1405 2706 plenitudine.
1482 2669 1509 2702 3)
1530 2668 1600 2695 Alii.>

216 2712 507 2739 ·onsi·‹:tn‹lin‹=.
