1742 3005
258 94 336 133 1285
424 95 518 145 Cap.
548 95 705 132 XXVII.
765 95 822 132 De
853 103 982 132 sancto
1012 95 1187 134 Johanne
1217 95 1532 134 Eleeinosinario.

255 207 289 236 et
314 203 483 236 accersito
509 202 646 234 notario
672 199 758 234 dixit
784 200 834 234 ei:
884 203 1054 234 secretum
1080 201 1158 236 volo
1186 201 1248 236 tibi
1273 202 1509 238 committere,
1553 200 1645 246 quod

256 270 284 301 si
305 266 547 312 propalaveris
574 269 634 299 aut
657 267 686 299 si
712 275 764 299 ine
790 275 858 299 non
885 264 1074 308 audiveris,
1104 264 1266 302 barbaris
1297 266 1440 302 vendam
1464 271 1510 308 te,
1540 265 1642 299 ilaus-

257 344 322 379 que
353 333 385 366 ei
416 331 532 365 decem
572 330 681 365 libras
721 332 797 365 auri
830 330 918 364 dixit
954 332 1006 365 ei:
1056 331 1144 367 vade
1168 334 1203 366 in
1229 337 1384 367 sanctam
1408 333 1584 367 civitatem
1610 336 1643 366 et

255 408 386 433 merces
421 397 483 431 tibi
520 407 593 432 eme
629 401 662 432 et
696 407 748 431 me
783 397 889 431 alicui
912 395 1103 431 christiano
1130 398 1241 433 vende
1267 402 1301 433 et
1323 398 1537 443 pauperibus
1564 408 1644 444 pre-

255 466 338 498 tium
361 463 488 499 tribue.
536 462 600 497 lllo
628 467 741 498 autem
769 467 954 498 recusante
979 462 1065 497 dixit
1090 464 1139 498 ei:
1165 465 1195 498 si
1219 474 1272 499 me
1297 474 1366 498 non
1383 463 1550 506 audieris,
1577 474 1644 510 ego

256 530 418 564 barbaris
442 528 589 565 vendam
613 533 661 564 te.
708 529 845 563 Ducens
873 539 959 575 ergo
984 539 1080 572 eum,
1108 533 1144 563 ut
1169 529 1329 573 dixerat,
1355 529 1492 564 cuidam
1517 539 1644 574 argen-

254 598 344 630 tario
377 595 534 630 vestibus
569 594 722 629 sordidis
752 594 907 628 indutum
936 598 1111 640 tamquam
1149 605 1246 629 suum
1273 605 1410 630 servum
1435 595 1592 630 vendidit
1614 599 1647 630 et

255 662 356 696 XXX
381 663 588 695 numismata
611 661 691 695 inde
717 661 892 705 accipiens
917 660 1131 705 pauperibus
1158 662 1330 707 erogavit.
1403 660 1526 695 Petrus
1560 671 1646 707 ergo

255 728 370 760 omnia
398 726 514 760 officia
540 726 623 760 vilia
649 725 822 768 faciebat,
857 727 907 759 ita
933 726 1027 771 quod
1051 725 1095 760 ab
1121 726 1278 760 omnibus
1302 727 1588 761 contemnebatur
1612 731 1646 760 et

254 792 298 826 ab
325 791 404 825 aliis
438 792 550 825 servis
584 791 786 836 frequenter
810 791 1072 835 percutiebatur
1097 795 1131 825 et
1158 793 1260 825 etiam
1282 793 1355 836 jam
1383 802 1500 827 amens
1522 793 1644 837 appel-

255 857 406 892 labatur.
477 856 643 891 Dominus
677 860 791 891 autem
827 856 1028 902 frequenter
1060 856 1128 891 sibi
1160 856 1357 901 apparebat
1382 861 1416 892 et
1441 859 1647 893 vestimenta

255 928 290 959 et
312 923 384 957 alia
412 922 599 957 ostendens
626 923 738 967 ipsum
764 922 1033 965 consolabatur,
1068 933 1185 957 verum
1213 924 1425 968 imperatore
1449 927 1483 958 et
1508 925 1646 959 univer-

255 992 305 1025 sis
334 989 376 1024 de
402 989 589 1023 amissione
614 990 702 1022 tanti
727 990 793 1022 viri
817 988 1028 1024 dolentibus.
1105 988 1249 1029 Quidam
1280 990 1381 1023 vicini
1409 990 1484 1035 ejus
1509 1000 1531 1024 a
1555 990 1646 1025 Con-

254 1055 483 1100 stantinopoli
512 1055 556 1090 ad
583 1054 791 1090 visitandum
818 1055 897 1089 loca
920 1059 1042 1089 sancta
1072 1060 1240 1089 venerunt
1265 1060 1299 1090 et
1325 1065 1347 1089 a
1373 1055 1510 1090 domino
1535 1057 1647 1101 ipsius

255 1123 393 1157 invitati
425 1131 498 1155 cum
532 1121 764 1167 pranderent,
806 1119 873 1155 sibi
907 1120 952 1154 ad
978 1122 1123 1156 invicem
1146 1122 1180 1154 in
1207 1131 1292 1156 aure
1319 1121 1501 1157 dixerunt:
1545 1132 1645 1168 quam

255 1189 378 1223 similis
403 1191 456 1223 est
482 1199 569 1233 puer
594 1189 660 1223 iste
686 1186 825 1221 domino
850 1186 953 1221 Petro
979 1186 1197 1230 teloneario,
1234 1191 1268 1222 et
1292 1189 1430 1222 curiose
1455 1190 1645 1234 respicien-

255 1254 347 1289 tibus
372 1264 459 1288 unus
487 1253 596 1288 dixit:
633 1264 713 1288 vere
739 1252 897 1286 dominus
925 1252 1048 1287 Petrus
1074 1256 1149 1294 est,
1178 1263 1320 1299 surgam
1345 1258 1379 1289 et
1404 1254 1530 1289 tenebo
1556 1265 1642 1289 eum.

255 1320 356 1361 Quod
381 1320 440 1354 ille
468 1319 655 1354 advertens
680 1319 832 1353 latenter
858 1319 960 1365 sugit.
1008 1317 1096 1353 Erat
1122 1322 1237 1353 autem
1266 1320 1432 1354 ostiarius
1458 1320 1584 1355 surdus
1612 1326 1645 1355 et

254 1390 379 1429 mutus,
408 1387 466 1432 qui
493 1396 556 1431 per
580 1386 716 1432 signum
742 1385 869 1419 ostium
894 1387 924 1420 ei
952 1383 1155 1430 aperiebat,
1181 1386 1236 1419 eui
1260 1384 1384 1420 Petrus
1408 1389 1444 1419 ut
1467 1385 1536 1420 sibi
1561 1395 1647 1431 ape·

254 1455 352 1497 riret,
379 1463 448 1487 non
475 1453 600 1499 signis,
623 1450 687 1486 sed
713 1449 830 1486 verbis
855 1452 1050 1497 imperavit.
1098 1449 1143 1486 Et
1166 1451 1226 1486 ille
1251 1453 1414 1486 continuo
1440 1451 1586 1487 audiens
1613 1457 1647 1487 et.

253 1519 428 1565 loquelam
467 1520 641 1563 recipiens
674 1516 812 1562 sibique
837 1516 1054 1562 respondens
1080 1518 1111 1551 ei
1142 1519 1280 1562 aperuit
1305 1521 1339 1552 et
1363 1517 1499 1551 domum
1523 1528 1643 1563 regre-

254 1585 353 1620 diens
381 1586 513 1619 cunctis
541 1583 583 1618 de
609 1584 684 1628 ejus
706 1583 849 1628 loquela
877 1584 911 1628 ¹)
934 1581 1138 1617 mirantibus
1166 1582 1271 1616 dixit:
1293 1583 1352 1618 ille
1379 1584 1438 1628 (1111
1462 1585 1644 1629 coquinam

255 1651 420 1690 faciebat,
444 1652 529 1685 exiit
555 1654 589 1684 et
614 1649 716 1695 sugit,
744 1648 807 1683 sed
834 1649 950 1684 videte
975 1659 1017 1684 ne
1042 1648 1106 1683 Dei
1131 1650 1177 1682 sit
1196 1659 1338 1691 servus;
1365 1659 1439 1683 cum
1455 1651 1543 1683 enim
1563 1649 1643 1684 mihi

253 1717 354 1759 dixit,
380 1717 443 1750 tibi
469 1716 565 1750 dico:
593 1716 704 1760 aperi,
732 1725 810 1748 mox
835 1726 877 1750 ex
904 1726 964 1750 ore
993 1716 1069 1760 ejus
1098 1715 1235 1749 [lamma
1261 1716 1358 1757 exiit,
1385 1725 1474 1760 quae
1490 1715 1643 1761 linguam

254 1787 288 1818 et
315 1794 418 1817 aures
444 1792 540 1816 ineas
563 1782 701 1827 tetigit,
743 1785 777 1815 et
800 1783 962 1816 continuo
990 1781 1143 1815 auditum
1166 1784 1200 1815 et
1222 1780 1399 1825 loquelam
1424 1782 1552 1826 recepi.
1601 1780 1645 1816 Et

253 1849 456 1883 exsilientes
490 1848 645 1882 universi
679 1851 712 1882 et
745 1851 990 1882 concurrentes
1018 1852 1100 1892 post
1133 1858 1208 1882 eum
1232 1848 1345 1892 ipsum
1372 1847 1520 1891 amplius
1546 1847 1642 1881 inve-

253 1916 327 1950 nire
357 1926 425 1949 non
459 1918 655 1959 potuerunt.
727 1913 824 1948 Tunc
861 1924 979 1948 omnes
1005 1913 1047 1948 de
1075 1913 1176 1947 domo
1202 1913 1264 1947 illa
1286 1914 1533 1958 poenitentiam
1559 1922 1642 1957 ege—

253 1987 343 2024 runt,
371 1992 412 2015 eo
439 1980 532 2025 quod
556 1980 659 2015 talem
687 1981 796 2014 virum
821 1981 870 2014 sic
896 1980 1012 2014 viliter
1036 1983 1285 2014 tractaverunt.
1301 1998 1345 2004 —
1372 1998 1412 2003 —-
1435 1998 1480 2003 —
1504 1982 1548 2016 3.
1564 1977 1643 2013 Mo-

253 2046 384 2081 nachus
413 2046 566 2091 quidam⁷
594 2046 720 2081 Vitalis
747 2047 896 2088 nomine,
923 2046 1045 2080 volens
1059 2049 1215 2080 sanctum
1228 2044 1421 2080 Joliannem
1436 2047 1584 2087 tentare,
1613 2044 1642 2077 si

253 2116 374 2158 posset
398 2112 466 2146 sibi
489 2113 607 2147 verbis
633 2112 839 2157 persuaderi
869 2115 906 2146 et
930 2111 974 2146 ad
1001 2111 1202 2146 scandalum
1236 2110 1339 2145 facile
1365 2110 1543 2152 inclinari,
1590 2110 1643 2143 in-

252 2178 416 2224 grediens
442 2188 528 2223 ergo
556 2180 730 2212 civitatem
758 2188 876 2212 omnes
911 2177 1069 2222 publicas
1095 2178 1295 2211 meretrices
1320 2176 1539 2219 conscripsit.
1587 2174 1642 2209 In-

252 2245 370 2280 trabat
394 2255 479 2289 ergo
505 2243 549 2277 ad
578 2245 656 2277 illas
686 2254 748 2287 per
772 2243 928 2277 ordinem
952 2242 1069 2276 dicens
1096 2241 1260 2275 cuilibet:
1285 2240 1377 2274 dona
1401 2240 1483 2274 mihi
1506 2244 1640 2275 noctem

253 2314 353 2346 istam
381 2315 414 2346 et
439 2311 510 2345 noli
536 2310 713 2343 fornicari.
784 2308 862 2353 Ipse
891 2312 1003 2343 autem
1031 2308 1165 2342 (1011111111
1192 2308 1267 2352 ejus
1294 2308 1426 2340 intrans
1455 2307 1488 2340 in
1514 2306 1643 2351 angulo

252 2379 351 2413 flexis
385 2376 533 2423 genibus
571 2379 645 2409 tota
678 2379 779 2409 nocte
814 2376 847 2408 in
886 2375 1045 2409 oratione
1077 2373 1195 2408 stabat
1228 2376 1261 2408 et
1283 2383 1346 2418 pro
1373 2372 1433 2406 illa
1461 2371 1587 2406 orabat
1609 2375 1642 2406 et

253 2449 377 2489 postea
401 2454 499 2478 mane
524 2441 644 2477 exibat
677 2442 896 2486 praecipiens
930 2441 1091 2481 cuilibet,
1140 2450 1182 2474 110
1208 2439 1311 2473 alicui
1336 2438 1520 2474 revelaret.
1569 2437 1642 2472 Una

253 2514 366 2545 autem
393 2511 496 2544 vitam
522 2509 598 2553 ejus
623 2507 882 2550 manifestavit⁷
910 2518 999 2552 quae
1027 2507 1142 2541 statim
1170 2509 1293 2547 orante
1318 2515 1401 2539 sene
1429 2514 1450 2538 a
1474 2503 1641 2537 daemone

255 2576 374 2610 vexari
401 2576 527 2620 coepit*
579 2574 642 2608 (lui
666 2583 785 2608 omnes
812 2573 993 2609 dicebant:
1019 2571 1170 2608 reddidit
1198 2571 1257 2606 tibi
1284 2571 1387 2613 Deus,
1414 2568 1505 2614 quod
1532 2579 1638 2604 mere-

325 2719 350 2751 1)
376 2717 429 2744 Ed.
454 2720 496 2745 l’r.
525 2716 702 2743 mirando
728 2717 866 2751 praeseri.
