1742 3005
350 93 446 142 Cap.
475 92 557 129 XC.
620 92 678 130 De
719 98 851 128 sancto
880 91 1001 128 Paulo
1032 91 1221 143 apostolo,
1402 91 1482 130 393

91 195 240 242 stipula-s
274 199 335 231 aut
365 196 503 231 foenum
537 197 630 242 ignis
665 197 862 238 immissus,
893 198 942 230 sic
983 198 1098 231 omnia
1134 196 1337 232 daemonum
1373 207 1484 242 opera

80 263 289 307 gyrisumsit.
338 261 446 296 Paulo
481 264 570 297 enim
607 263 791 297 insonante
816 263 937 308 lingua
962 267 997 297 et
1023 264 1113 297 omni
1140 264 1220 308 igne
1247 261 1484 298 vehementius

90 327 242 362 irruente
278 327 450 362 cedebant
485 329 600 362 omnia
632 332 736 373 atque
768 327 952 374 fugiebant
986 332 1020 362 et
1055 327 1259 363 daemonum
1293 328 1405 362 cultus
1450 333 1484 363 et

88 395 313 436 tyrannorum
347 394 459 428 minae
492 397 526 428 et
564 393 831 428 domesticorum
873 393 1035 427 insidiae.
1084 393 1204 437 Magis
1243 398 1358 428 autem
1395 395 1484 428 sicut

90 457 200 492 radiis
227 458 313 492 solis
337 459 529 493 orientibus
565 463 600 493 et
623 458 790 493 tenebrae
818 457 984 503 sugantur
1006 462 1040 492 et
1065 457 1215 491 adulteri
1240 468 1281 491 ae
1308 459 1401 493 sures
1429 460 1482 494 fo-

91 524 166 557 veis
199 523 394 557 conduntur
425 528 460 558 et
491 524 646 557 latrones
683 522 871 564 recedunt,
908 522 1102 557 homicidae
1136 522 1180 556 ad
1211 527 1313 558 antra
1347 524 1484 570 fugiunt

92 590 275 633 omniaque
311 589 429 623 lucida
461 588 658 623 efficiuntur
690 593 725 623 et
760 589 858 622 clara
892 588 1045 632 desuper
1076 588 1333 623 illustrantibus
1359 589 1482 631 radiis,

91 654 140 687 sic
164 653 292 698 ubique
309 653 527 699 evangeli-um
549 653 797 689 disseminante
816 653 924 688 Paulo
952 653 1143 699 fugabatur
1168 664 1267 688 error
1291 659 1326 690 et
1351 658 1483 690 veritas

90 717 289 761 remeabat,
325 718 499 754 adulteria
531 724 566 755 et
599 721 670 754 alia
695 720 788 754 dictu
813 719 919 754 foeda
940 719 1143 754 defecerunt
1168 724 1274 764 atque
1303 727 1484 756 consumta

91 787 172 818 sunt
200 785 269 818 isto
302 786 395 831 ignis
433 795 564 830 vapore
597 786 777 832 palearum
803 787 878 820 vice
903 789 1102 830 pereuntes.
1153 785 1257 820 Clara
1284 797 1365 821 vero
1394 789 1485 822 inter

90 848 180 884 haec
213 852 372 885 veritatis
407 851 498 886 fama
530 862 593 887 ceu
627 852 764 886 flamma
789 851 959 897 surgebat
986 850 1214 895 resplendens
1242 855 1277 886 et
1301 862 1411 897 usque
1428 853 1483 886 ad

90 915 179 950 coeli
203 915 448 952 sublimitatem
482 918 719 953 conscendens
756 917 799 951 ab
827 916 880 950 his
907 918 1124 961 potissimum
1149 916 1357 960 sublevata,
1393 929 1484 963 quae

91 990 166 1016 eam
191 984 388 1027 opprimere
413 983 642 1026 videbantur,
669 993 732 1018 nec
757 982 914 1027 pericula
937 986 997 1016 aut
1020 984 1168 1027 impetus
1187 992 1386 1027 processum
1406 985 1482 1029 ejus

90 1048 259 1092 impedire
282 1053 478 1094 potuerunt.
524 1048 664 1083 Eri-oris
691 1059 773 1083 vero
797 1048 880 1082 talis
906 1052 960 1082 est
983 1048 1150 1091 conditio,
1175 1058 1265 1093 quae
1295 1049 1389 1083 nullo
1415 1050 1484 1084 sibi

91 1112 284 1149 obsistente
307 1116 527 1150 consenescit
548 1125 590 1149 ae
615 1114 736 1149 defluit
761 1114 816 1149 vel
842 1113 981 1149 desinit.
1031 1113 1131 1147 Talis
1157 1117 1271 1148 autem
1295 1124 1313 1148 e
1342 1114 1482 1149 diverso

90 1181 249 1214 veritatis
281 1183 416 1222 status,
458 1180 549 1226 quod
585 1181 701 1216 multis
734 1175 1019 1225 impugnantibus
1053 1180 1244 1214 suscitatur
1277 1184 1312 1215 et
1343 1182 1481 1215 crescit.

91 1244 260 1285 Quoniam
290 1248 401 1293 igitur
433 1248 483 1281 ita
513 1257 624 1292 genus
658 1250 811 1280 nostrum
837 1245 1038 1279 nobilitavit
1062 1245 1178 1288 Deus,
1214 1250 1251 1279 ut
1285 1248 1316 1281 ei
1351 1246 1483 1280 similes

90 1311 293 1347 studeamus
317 1313 465 1347 inveniri
490 1322 602 1356 neque
628 1311 845 1356 impossibile
871 1310 963 1345 istud
990 1315 1148 1355 putemus
1165 1338 1173 1353 ,
1214 1313 1375 1356 qnoniam
1409 1312 1481 1346 tale

90 1376 163 1419 illi,
199 1377 302 1422 quale
334 1377 436 1412 nobis
471 1387 598 1423 corpus
631 1377 715 1419 suit,
752 1377 834 1410 talis
858 1378 993 1420 anima,
1019 1377 1110 1411 tales
1141 1376 1230 1419 cibi,
1270 1377 1361 1412 idem
1387 1378 1481 1411 illum

90 1446 195 1487 teque
219 1443 385 1478 formavit
410 1447 444 1478 et
469 1441 756 1488 quemadmodum
782 1442 897 1484 illius,
925 1444 974 1476 ita
999 1446 1053 1476 est
1076 1442 1169 1477 Deus
1194 1446 1284 1477 tuus.
1333 1443 1394 1477 Vis
1418 1443 1481 1478 Dei

91 1499 185 1542 dona
211 1510 244 1542 in
269 1508 379 1544 Paulo
402 1519 630 1555 cognoscere,
657 1509 865 1543 vestimenta
889 1511 965 1552 eJus
990 1512 1105 1543 terror
1126 1508 1353 1542 daemonibus
1371 1513 1482 1543 erant.

91 1573 184 1608 Haec
207 1584 292 1609 vero
317 1575 466 1620 amplius
491 1573 719 1615 admiranda,
758 1575 840 1618 quia
871 1573 1020 1616 Paulus,
1053 1584 1115 1609 nec
1147 1584 1221 1607 cum
1257 1575 1289 1607 in
1326 1574 1484 1619 pericula
1528 1613 1540 1623 ·

90 1641 261 1684 irrueret,
287 1642 494 1676 temeritatis
515 1641 618 1686 argui
643 1644 782 1685 poterat
807 1649 888 1681 nec,
914 1650 988 1673 cum
1014 1640 1170 1685 pericula
1195 1644 1403 1685 surgerent,
1439 1642 1485 1674 ti-

90 1705 271 1759 miditatis.
320 1706 471 1741 Amabat
504 1707 592 1740 enim
628 1710 847 1750 praesentem
886 1707 991 1740 vitam
1030 1705 1074 1739 ob
1109 1705 1239 1739 lucrum
1275 1705 1424 1740 docendi
1450 1710 1484 1740 et

91 1781 211 1805 rursus
243 1782 318 1806 eam
352 1772 455 1807 valde
489 1770 707 1816 despiciebat
740 1771 783 1806 ob
825 1771 1108 1817 philosophiam,
1151 1771 1195 1805 ad
1242 1782 1343 1816 quam
1389 1772 1484 1806 illum

90 1837 206 1871 mundi
235 1841 429 1873 contemtus
463 1841 640 1872 evexerat.
689 1837 846 1883 Denique
879 1848 953 1872 cum
988 1837 1118 1872 videris
1154 1836 1296 1871 Paulum
1328 1837 1487 1882 pericula

90 1901 299 1948 fugientem,
325 1915 393 1939 non
416 1905 528 1938 minus
550 1903 646 1937 illum
670 1903 854 1939 admireris
871 1929 880 1945 ‚
910 1914 1011 1949 quam
1038 1913 1112 1937 cum
1140 1913 1178 1938 se
1205 1904 1371 1948 periculis
1397 1913 1487 1949 gau-

91 1967 150 2002 det
174 1978 363 2013 opponere.
410 1968 454 2004 Ut
479 1970 566 2003 enim
591 1968 660 2003 hoc
684 1969 915 2012 fortitudinis,
943 1971 993 2004 ita
1022 1969 1107 2003 illud
1133 1973 1187 2004 est
1211 1971 1425 2013 sapientiae:
1453 1973 1488 2003 et

90 2042 166 2067 cum
200 2033 333 2068 videris
364 2033 461 2067 illum
494 2033 537 2068 de
571 2044 609 2069 se
634 2036 713 2078 ipso
738 2035 859 2079 aliqua
883 2039 1083 2076 sonantem,
1118 2035 1279 2068 similiter
1301 2034 1487 2067 admireris

91 2108 132 2132 ae
156 2099 187 2133 si
211 2098 461 2133 viderisillum
489 2100 712 2142 semetipsum
739 2098 932 2143 despicere.
980 2098 1024 2134 Ut
1058 2101 1147 2133 enim
1171 2098 1258 2132 illud
1281 2098 1489 2132 humilitatis

92 2168 158 2207 est,
184 2165 234 2198 ita
253 2163 348 2198 istud
364 2165 673 2210 magnanimitatis.
700 2163 820 2209 Magis
839 2165 927 2198 enim
949 2165 1150 2199 merebatur
1175 2162 1352 2209 loquendo
1377 2162 1420 2197 de
1449 2173 1488 2197 se

93 2239 195 2275 quam
221 2229 372 2265 tacendo
397 2229 564 2271 laudare,
593 2230 755 2275 quoniam
780 2230 848 2263 nisi
873 2229 1017 2264 fecisset
1037 2230 1153 2273 istud,
1178 2229 1393 2274 culpabilior
1417 2228 1488 2262 illis

92 2299 199 2338 esset,
229 2297 341 2340 quise
360 2296 458 2340 ipsos
473 2296 670 2340 importune
686 2295 833 2331 laudare
852 2295 1062 2330 didicerunt.
1105 2296 1183 2331 Nisi
1205 2297 1293 2330 enim
1313 2295 1488 2340 gloriatus

92 2361 239 2403 suisset,
273 2360 427 2395 creditos
452 2360 521 2394 sibi
546 2357 665 2396 omne's
698 2361 932 2406 perdidisset,
965 2363 1061 2406 quia,
1089 2361 1167 2395 dum
1193 2371 1231 2396 se
1255 2360 1487 2400 humiliasset,

93 2437 155 2462 eos
180 2426 376 2461 extulisset.
423 2414 585 2477 Amplius
607 2430 688 2460 tunc
711 2426 841 2470 Paulus
867 2422 1001 2471 placuit
1025 2426 1212 2472 gloriando
1230 2453 1238 2469 ,
1271 2435 1372 2470 quam
1400 2425 1490 2459 alter

91 2491 216 2527 laudes
248 2493 411 2536 proprias
445 2491 666 2527 occultando.
712 2490 785 2526 Nee
818 2495 951 2525 tantum
986 2493 1168 2537 quisquam
1211 2490 1367 2536 profuit,
1413 2500 1487 2524 cum

93 2567 159 2592 sua
183 2559 308 2592 merita
335 2557 480 2598 celaret,
505 2560 668 2601 quantum
696 2557 774 2598 iste,
802 2566 876 2590 cum
902 2555 1079 2601 proderet.
1127 2555 1191 2591 Est
1215 2560 1328 2590 autem
1351 2556 1488 2602 grande

94 2622 219 2656 malum
243 2622 286 2657 de
311 2632 350 2657 se
373 2623 452 2667 ipso
478 2621 612 2667 grande
638 2620 769 2667 aliquid
795 2620 913 2656 dicere
937 2625 1041 2667 atque
1066 2621 1225 2660 mirabile
1243 2625 1488 2666 extremaeque

95 2687 288 2724 dementiae
323 2692 396 2730 est,
431 2688 525 2722 nulla
560 2688 754 2722 imminente
790 2688 1001 2724 necessitate
1027 2698 1139 2723 rerum
1164 2687 1318 2723 violenta
1344 2698 1487 2733 prorsus
