1742 3005
228 50 325 100 Cap.
361 49 527 86 cxviii.
586 50 646 86 De
677 59 807 87 sancto
841 52 1049 101 Hyppulito
1082 59 1117 90 et
1147 54 1257 89 sociis
1289 56 1381 104 ejus.
1442 54 1522 92 503

114 161 164 206 ,9²
193 157 246 191 sic
280 155 530 190 miserabiliter
565 159 720 190 mortuus
754 161 816 190 est.
868 156 967 195 Quod
1001 166 1089 189 uxor
1119 157 1195 201 ejus
1219 155 1418 201 Triplionia
1441 167 1517 193 cru-

103 208 217 256 >ilelis
252 219 374 255 videns
405 219 559 254 dimissis
594 221 751 255 omnibus
786 222 830 255 ad
875 226 1029 255 sanctum
1054 221 1225 256 ,Iustinum
1258 233 1332 256 cum
1358 222 1430 257 lilia
1452 234 1516 258 sua

127 286 259 332 Cyrilla
285 286 436 319 accessit
470 290 504 320 et
529 285 572 319 ab
600 297 641 320 eo
668 296 742 320 cum
767 288 880 321 multis
908 288 988 321 aliis
1023 298 1061 321 se
1095 286 1269 331 baptizari
1295 287 1388 322 fecit.
1435 288 1517 322 Alia

111 342 209 387 rvr'ero
235 351 293 386 die
317 361 391 386 cum
417 355 535 385 oraret
554 351 762 396 Triphonia,
790 354 904 386 emisit
928 353 1104 396 spiritum:
1131 354 1230 397 cujus
1255 363 1382 397 corpus
1405 352 1516 388 Justi<

126 429 189 452 nus
222 416 399 462 presbiter
425 417 528 462 juxta
564 427 691 461 corpus
727 418 840 450 sancti
877 416 1055 461 H5ppoliti
1095 417 1270 461 sepelivit.
1319 417 1513 453 Audientes

125 482 250 519 XLVII
273 482 414 524 milites,
442 481 535 526 quod
563 483 686 526 regina
711 486 745 515 et
772 482 848 525 ejus
875 479 947 514 filia
971 480 1186 515 christianae
1212 481 1358 516 effectae
1384 491 1513 525 essent,

124 552 291 584 venerunt
316 557 390 581 cum
417 545 584 580 uxoribus
611 548 685 580 suis
710 545 755 579 ad
781 545 953 581 Justinum
979 546 1234 591 presbiterum,
1269 551 1305 581 ut
1338 546 1515 592 baptisma

123 615 360 658 susciperent,
401 621 490 655 quos
522 621 641 646 omnes
675 611 883 656 Dionysius,
919 613 977 657 qui
1004 616 1127 646 sancto
1153 612 1252 647 Sixto
1279 617 1514 655 successerat,

122 678 335 724 baptizavit,
375 675 542 711 Claudius
584 681 698 712 autem
739 678 930 722 imperator
972 678 1156 722 Cyrsslam,
1199 688 1274 712 cum
1311 678 1513 714 sacrificare

120 743 249 784 nollet,
269 742 428 787 jugulari
455 741 541 776 fecit
564 746 598 776 et
626 746 786 777 caeteros
813 743 941 777 milites
969 743 1157 785 decollari,
1192 754 1336 788 quorum
1363 754 1513 789 corpora

119 812 155 857 in
186 806 275 855 agro
310 807 448 843 Verane
480 817 555 842 cum
582 809 732 842 caeteris
759 808 988 852 sepeliuntur.
1038 807 1080 842 Et
1113 808 1381 851 advertendum,
1420 811 1512 855 quod

78 863 83 865 ⁴
110 859 289 919 *expresse
321 872 472 907 habetur
496 871 571 914 hic,
605 873 697 918 quod
730 873 782 906 illi
807 873 936 915 Decio,
974 875 1034 918 qui
1059 874 1286 908 Laurentium
1313 879 1348 908 et
1369 873 1511 919 Hsppw

119 940 216 974 litum
245 939 490 981 martirisavit‚
526 940 699 973 successit
733 938 911 972 Claudius.
962 938 1130 973 Claudius
1170 944 1285 974 autem
1324 950 1392 973 non
1430 950 1510 974 suc-

121 1006 229 1040 cessit
258 1004 366 1039 Decio
398 1005 623 1048 imperatori,
657 1005 724 1037 imo
756 1003 863 1039 Decio
899 1006 1072 1039 successit
1104 1005 1290 1040 secundnm
1324 1004 1511 1039 chronicas

120 1070 350 1110 Volusianus,
379 1067 569 1103 Volusiano
597 1068 803 1112 Gallienus,
830 1068 991 1104 Gallieno
1018 1070 1201 1106 Claudius,
1249 1070 1399 1114 Oportet
1424 1080 1511 1116 ergo

120 1136 240 1170 dicere
273 1135 334 1176 (ut
363 1134 539 1177 videtur),
578 1134 672 1180 quod
705 1139 786 1169 ante
814 1133 995 1169 Gallienus
1022 1135 1127 1169 fuerit
1151 1135 1324 1168 binomius
1357 1139 1391 1169 et
1416 1135 1508 1180 quod

119 1201 231 1236 dictus
257 1201 303 1235 sit
322 1198 501 1235 Gallienus
529 1204 564 1235 et
588 1199 728 1242 Decius,
752 1202 842 1234 sicut
867 1201 952 1234 dicit
977 1200 1177 1235 Vincentius
1205 1202 1239 1234 in
1265 1200 1430 1234 chronica
1447 1210 1511 1234 sua

119 1272 154 1302 ct
179 1265 396 1302 Godofridus
422 1266 457 1299 in
482 1265 573 1299 libro
599 1276 662 1299 suo
679 1293 686 1306 ,
714 1270 774 1299 aut
809 1266 903 1310 quod
937 1265 1117 1301 Gallienus
1152 1268 1186 1300 in
1219 1268 1273 1300 sni
1299 1266 1508 1310 adjutorium

120 1331 292 1378 quendam
323 1332 461 1365 nomine
495 1331 635 1365 Decium
671 1331 796 1365 feccrit
833 1331 1039 1374 Caesarem,
1072 1343 1141 1366 non
1178 1336 1294 1366 tamen
1319 1332 1509 1376 imperato-

120 1408 211 1439 rem,
250 1398 342 1431 sicut
373 1395 457 1430 dicit
485 1395 680 1430 Richardus
713 1398 747 1430 in
781 1396 947 1430 chronica
980 1407 1054 1430 sua.
1103 1397 1155 1432 De
1189 1397 1254 1430 hoc
1289 1398 1431 1430 martire
1459 1397 1509 1430 sic

121 1464 207 1497 dicit
232 1461 439 1496 Ambrosius
465 1463 498 1496 in
526 1461 765 1506 praefatione:
804 1461 929 1496 beatus
955 1463 1076 1495 martir
1100 1461 1308 1506 Hyppolitus
1335 1460 1508 1495 Christum

120 1539 239 1563 verum
264 1527 385 1562 ducem
410 1528 639 1562 considerans
666 1526 766 1560 miles
792 1527 869 1570 ejus
896 1535 975 1561 esse
993 1527 1127 1568 maluit,
1154 1538 1254 1572 quam
1276 1526 1345 1560 dux
1365 1526 1508 1560 militum

118 1594 342 1638 comprobari
367 1592 576 1638 beatumque
600 1592 826 1627 Laurentium
854 1601 939 1625 suae
975 1592 1158 1626 custodiae
1185 1594 1418 1636 mancipatum
1441 1602 1508 1626 non

120 1663 323 1704 persecutus
350 1662 420 1699 est,
448 1658 510 1692 sed
535 1659 755 1692 subsecutus.
805 1657 870 1697 Qui
904 1668 980 1691 cuin
1015 1656 1202 1692 thesauros
1229 1657 1405 1691 ecclesiae
1433 1657 1506 1691 dis-

120 1727 272 1765 cuteret,
304 1725 437 1759 invenit
466 1722 690 1764 thesaurum,
734 1725 874 1773 ¹)quen1
917 1734 986 1757 non
1026 1726 1192 1767 tyrannus
1228 1723 1400 1767 eriperet,
1444 1723 1506 1757 sed

118 1799 217 1834 quem
249 1789 364 1833 pietas
397 1788 617 1833 possideret,
656 1789 789 1822 invenit
822 1788 1046 1830 thesaurum,
1089 1787 1179 1822 unde
1217 1797 1321 1822 verae
1362 1786 1508 1821 divitiae

117 1858 341 1899 peterentur,
383 1854 519 1898 sprevit
561 1854 596 1897 2)
611 1853 762 1887 furorem
801 1854 960 1898 tyranni,
1010 1857 1047 1887 ut
1091 1863 1165 1887 cum
1211 1847 1308 1899 regis
1349 1854 1508 1897 perpetui

117 1920 238 1965 gratia
277 1918 574 1963 conprobaretur,
630 1918 793 1953 membris
833 1917 942 1952 dividi
979 1929 1049 1952 non
1087 1918 1239 1963 refugit,
1280 1929 1323 1952 ne
1361 1917 1510 1952 nexibus

121 1983 346 2017 divelleretur
393 1984 560 2019 aeternis,
602 2003 646 2008 -—
689 2003 733 2008 -—
773 2004 817 2009 —
872 1987 915 2021 2.
965 1983 1143 2017 Bubulcus
1186 1982 1325 2028 quidam
1372 1984 1509 2017 nomine

120 2048 243 2083 Petrus
290 2056 366 2080 cum
415 2047 451 2079 in
497 2046 588 2080 festo
630 2046 768 2081 Mariae
814 2047 1051 2093 Magdalenae
1100 2047 1293 2091 plaustrum
1332 2048 1512 2090 junxisset

121 2117 155 2148 et
203 2111 313 2146 boves
356 2120 508 2156 sequens
544 2111 643 2155 ipsos
686 2111 882 2146 maledictis
924 2114 1081 2156 urgeret,
1125 2112 1286 2155 protinus
1325 2110 1434 2145 boves
1477 2115 1512 2145 et

119 2181 274 2212 aratrum
310 2186 331 2210 a
365 2175 508 2210 fulmine
546 2180 769 2210 assumuntur
798 2180 832 2211 et
863 2178 941 2221 ipse
971 2176 1118 2219 Petrus,
1153 2177 1213 2221 qui
1246 2175 1313 2210 hoc
1338 2177 1511 2221 impreca-

121 2248 177 2277 tus
202 2242 339 2283 fuerat‚
366 2240 541 2286 supplicio
569 2242 739 2276 atrociori
762 2241 1005 2287 torquebatur,
1032 2251 1109 2276 nam
1136 2242 1230 2287 ignis
1256 2252 1332 2276 eum
1359 2243 1510 2286 arripuit

121 2307 233 2349 adeo,
256 2306 355 2352 quod
381 2305 543 2341 carnibus
569 2310 603 2341 et
627 2308 744 2341 nervis
769 2307 878 2342 tibiae
914 2311 948 2342 et
979 2308 1090 2341 cruris
1123 2307 1313 2341 consumtis
1339 2317 1424 2340 ossa
1449 2316 1511 2350 pa-

123 2376 237 2407 terent
277 2375 311 2406 et
346 2372 426 2416 ipsa
455 2371 594 2406 tandem
628 2372 717 2406 tibia
749 2382 771 2406 a
804 2382 868 2406 sua
903 2382 1074 2418 compage
1119 2373 1260 2417 penitus
1302 2371 1510 2405 solveretur.

125 2437 224 2472 Tunc
254 2436 314 2472 ille
348 2436 395 2471 ad
427 2437 599 2482 quandam
635 2437 820 2472 ecclesiam
855 2437 982 2472 beatae
1018 2438 1166 2483 virginis
1199 2435 1370 2471 accedens
1394 2435 1514 2470 tibiam

123 2504 236 2548 ipsam
271 2503 306 2537 in
341 2501 492 2547 quodam
529 2501 698 2537 foramine
731 2503 844 2547 ipsius
876 2501 1050 2536 ecclesiae
1088 2501 1273 2536 abscondit
1312 2505 1347 2537 et
1379 2501 1514 2536 beatam

193 2644 222 2681 i)
241 2648 342 2677 Verba
361 2657 470 2682 quem
489 2664 520 2669 --
544 2648 768 2675 thesaurum
789 2645 902 2674 omittit
921 2645 977 2673 Ed.
997 2649 1041 2674 Pr.
1145 2647 1174 2680 2)
1193 2645 1253 2674 Alii
1271 2645 1451 2673 [averem.
