1742 3005
305 77 402 128 Cap.
435 77 516 114 CX.
576 76 634 114 De
665 83 795 113 sancto
829 75 940 113 Petro
970 76 1019 112 ad
1054 76 1214 112 vincula.
1372 73 1456 112 459

69 186 136 218 lius
161 186 293 217 inntata
319 180 454 217 faceret
477 182 715 226 apostolorum
743 182 893 225 principi
919 180 1034 215 Petro.
1083 180 1164 224 lpsa
1191 181 1300 226 igitur
1318 180 1456 213 vincula

69 260 161 295 papa
183 258 257 283 cum
283 250 408 294 regina
431 249 466 281 in
491 247 642 282 ecclesia
668 248 779 281 sancti
805 247 896 281 Petri
922 247 966 280 ad
993 246 1129 280 vincula
1155 247 1272 290 posuit
1291 251 1325 280 et
1345 247 1454 290 ipsam

69 314 268 350 muneribus
301 314 417 348 multis
453 318 486 347 et
511 313 708 359 privilegiis
733 313 867 357 magnis
896 311 1031 345 dotavit
1056 321 1097 345 ac
1123 311 1335 355 praedictum
1365 312 1453 346 diem

69 380 197 426 ubique
230 379 402 414 celebrem
435 379 512 413 fore
543 380 704 413 instituit.
754 377 844 411 Haec
868 376 976 411 Beda.
1025 376 1117 409 Idem
1148 376 1233 410 dicit
1258 377 1455 422 SigbertuS.

72 448 230 487 Quantae
262 450 374 479 autem
410 446 547 478 virtutis
580 443 668 478 haec
691 448 815 477 catena
841 442 926 483 fuit,
962 452 1052 475 anno
1079 441 1206 474 domini
1233 441 1457 477 CCCCLXIV

70 513 245 557 apparuit.
294 509 469 550 Quendam
506 510 593 542 enim
628 509 784 542 comitem
813 509 1033 552 imperatoris
1061 506 1200 541 Ottonis
1226 508 1456 552 propinquum

70 577 240 622 dyabolus
266 579 346 609 ante
371 574 518 608 omnium
545 572 666 606 oculos
692 577 759 607 tam
788 573 978 607 crudeliter
1001 574 1166 617 arripuit,
1202 577 1239 606 ut
1272 583 1310 607 se
1344 575 1455 618 ipsum

73 642 236 677 dentibus
268 641 453 675 laceraret.
503 638 602 672 Tunc
629 640 732 683 jussu
766 640 987 683 imperatoris
1026 638 1070 672 ad
1101 638 1294 673 Johannem
1332 650 1456 684 papam

70 708 228 748 ducitur,
263 710 299 739 ut
324 709 449 739 catena
472 706 585 738 sancti
611 704 705 739 Petri
732 705 808 749 ejus
842 705 933 738 collo
959 704 1253 747 circumdaretur,
1291 706 1351 740 sed
1383 717 1457 740 (eum

70 772 240 818 quaedam
264 771 335 805 alia
360 775 484 804 catena
510 770 656 805 furentis
680 771 771 805 collo
799 771 924 805 suisset
948 772 1112 814 imposita
1147 775 1180 804 et
1213 771 1300 805 nibil
1326 782 1368 806 ex
1395 772 1459 806 liae

71 839 293 883 provenisset
317 836 462 878 salutis,
487 838 643 870 nimirum
669 836 726 870 ubi
754 836 838 870 nibil
866 836 998 870 latebat
1025 837 1183 877 virtutis,
1211 836 1349 870 tandem
1377 848 1460 872 vera

70 904 164 938 Petri
189 907 313 938 catena
336 901 540 947 producitur
577 906 610 936 et
644 902 789 935 furentis
817 901 908 935 collo
935 902 1132 945 imponitur.
1181 901 1319 936 Tantae
1344 907 1459 937 autem

72 971 210 1003 virtutis
235 968 371 1014 pondus
401 966 571 1012 dyabolus
599 967 690 1001 ferre
719 979 783 1001 non
814 969 943 1012 potuit,
970 967 1031 1001 scd
1058 978 1135 1001 mox
1161 978 1274 1001 coram
1301 969 1460 1002 omnibus

72 1035 273 1069 exclamans
299 1033 483 1067 abscessit.
533 1032 631 1066 Tunc
659 1033 904 1068 Theodoricus
925 1033 1095 1067 Metensis
1127 1035 1316 1077 episcopus
1350 1035 1459 1078 ipsam

70 1104 226 1135 catenam
255 1100 404 1144 arripnit
430 1102 464 1133 et
492 1108 566 1133 eam
591 1109 630 1133 se
654 1099 851 1133 nullatcnus
879 1099 1121 1141 dimissurum,
1150 1100 1217 1131 nisi
1246 1109 1365 1132 manus
1391 1099 1460 1132 sibi

71 1165 355 1210 praecideretur,
391 1166 556 1199 asseruit.
606 1165 687 1199 Cum
723 1166 832 1210 igitur
868 1174 974 1208 snper
1003 1164 1090 1198 haec
1129 1165 1219 1198 inter
1260 1166 1460 1208 episcopum

71 1234 106 1265 et
128 1240 253 1275 papa-m
281 1220 442 1275 aliosque
466 1230 617 1264 clericos
642 1231 762 1275 gravis
786 1232 938 1264 oriretur
963 1231 1150 1271 contentio,
1177 1232 1368 1273 imperator
1384 1235 1461 1264 tan·

73 1296 147 1330 dem
183 1297 293 1341 ipsum
331 1296 480 1341 litigium
515 1295 651 1329 sedavit
685 1300 719 1330 et
749 1297 918 1340 episeopo
958 1306 998 1329 ex
1034 1297 1111 1340 ipsa
1143 1299 1267 1329 catena
1298 1296 1461 1330 annulum

71 1372 93 1394 a
117 1371 210 1405 papa
235 1362 443 1405 impetravit.
492 1359 620 1394 Narrat
644 1360 786 1395 Miletus
814 1363 845 1395 in
874 1361 1040 1395 chronica
1073 1365 1107 1395 et
1137 1361 1225 1395 idem
1256 1361 1404 1396 habetur
1430 1364 1462 1396 in

71 1426 230 1471 hystoria
252 1428 450 1470 tripartita,
481 1426 574 1471 quod
602 1425 657 1459 his
684 1426 808 1461 diebus
832 1427 925 1472 apud
951 1426 1090 1471 Epirum
1114 1427 1221 1460 draco
1249 1429 1372 1472 ingens
1400 1437 1462 1471 ap-

72 1493 208 1536 paruit,
243 1492 277 1525 in
309 1493 408 1536 cujils
434 1502 494 1526 ore
528 1491 684 1526 Donatus
719 1494 908 1537 episcopus
943 1493 1070 1525 virtute
1102 1494 1252 1537 insignis
1287 1503 1462 1536 exspuens

73 1568 150 1591 mox
178 1560 253 1591 eum
281 1557 431 1599 occidit,
467 1559 562 1602 prius
593 1562 707 1592 tamen
733 1563 813 1593 anto
842 1558 918 1603 ejus
948 1558 1071 1591 faciem
1098 1557 1221 1602 digitis
1246 1568 1380 1592 crucem
1401 1558 1462 1592 de-

73 1623 218 1668 signans
245 1626 278 1658 et
303 1622 415 1657 eidem
448 1622 659 1665 ostendens,
700 1635 798 1669 quem
834 1625 890 1657 vix
924 1622 998 1658 Vlll
1027 1625 1117 1668 juga
1152 1623 1275 1665 boum,
1310 1634 1352 1658 ne
1385 1625 1463 1669 ejus

73 1687 259 1732 putredine
294 1692 355 1722 aer
388 1687 606 1731 inficeretur,
652 1689 695 1723 ad
739 1690 852 1724 locum
890 1689 1041 1723 incendii
1080 1689 1223 1723 trahere
1264 1694 1462 1734 potuerunt.

71 1753 164 1788 ldem
200 1765 339 1799 quoque
371 1756 421 1788 ait
454 1754 580 1789 ibidem
616 1760 649 1790 et
682 1757 716 1790 in
751 1756 870 1790 eadem
904 1756 1084 1799 tripartita
1110 1754 1277 1797 liabetur,
1311 1757 1404 1800 quod
1433 1758 1464 1790 in

73 1818 177 1854 Creta
202 1819 372 1864 dyabolus
398 1822 432 1854 in
457 1823 574 1865 specie
600 1821 714 1866 Moysi
741 1832 780 1856 se
808 1823 936 1867 posuit,
963 1822 1020 1866 qui
1046 1820 1200 1856 Judaeos
1226 1822 1466 1867 undecumque

74 1894 297 1930 congregans
329 1897 437 1931 super
473 1896 632 1932 magnum
665 1889 791 1921 montis
835 1888 1079 1932 praecipitium
1118 1888 1222 1932 juxta
1263 1898 1358 1923 mare
1404 1898 1466 1922 eos

73 1949 182 1983 duxit.
232 1950 326 1989 Quos
356 1951 434 1985 dum
455 1951 499 1985 ad
523 1956 650 1986 terram
678 1954 922 1996 promissionis
949 1954 1045 1986 sicco
1080 1953 1169 1997 pede
1204 1963 1242 1987 se
1277 1958 1467 1997 praeeunte

74 2013 202 2048 ducere
227 2014 474 2059 polliceretur,
498 2017 696 2051 innumeros
723 2019 894 2052 enecavit.
941 2017 1038 2052 Unde
1063 2018 1235 2058 creditur,
1262 2018 1352 2062 quod
1380 2018 1466 2062 dya-

74 2079 177 2113 bolus
203 2079 424 2125 indiguatus,
464 2081 545 2125 quia
569 2083 754 2116 occasione
778 2082 927 2124 Judaei‚
965 2083 1022 2126 qui
1051 2083 1196 2127 reginae
1223 2087 1379 2116 catenam
1406 2083 1466 2117 de-

76 2145 192 2187 derat,
234 2145 380 2190 plausus
423 2145 608 2181 Octaviani
650 2149 823 2189 cessavit,
871 2147 913 2181 de
948 2147 1002 2180 his
1037 2157 1076 2181 se
1109 2147 1228 2181 taliter
1262 2148 1465 2182 vindicavit.

75 2211 178 2246 Multi
203 2216 317 2246 autern
345 2222 386 2246 ex
412 2211 486 2254 liis,
513 2213 572 2257 qui
598 2217 794 2254 evaserunt,
821 2212 866 2246 ad
882 2212 1055 2257 baptismi
1081 2214 1229 2258 gratiam
1256 2214 1466 2248 convolave-

77 2280 166 2310 runt.
216 2276 299 2310 Cum
326 2279 414 2311 enim
440 2288 536 2311 mons
562 2279 638 2322 ipse
663 2278 808 2312 declivis
834 2278 1049 2312 incumberet
1084 2283 1120 2313 et
1143 2279 1194 2312 illi
1220 2290 1300 2313 sese
1325 2280 1466 2314 evolve-

77 2345 172 2383 rent,
206 2345 344 2386 priores
379 2346 449 2376 tam
479 2343 591 2376 acutis
625 2343 769 2387 rupibus
795 2343 941 2378 lacerati
966 2353 1066 2388 quam
1092 2346 1127 2378 in
1159 2347 1244 2378 mari
1271 2346 1466 2389 praefocati

76 2408 202 2441 mortni
236 2411 326 2442 sunt.
375 2407 528 2452 Cumque
561 2408 687 2453 reliqui
719 2409 808 2443 idem
842 2409 958 2443 facere
993 2410 1121 2444 vellent
1148 2410 1249 2444 etde
1275 2411 1465 2455 prioribus,

76 2472 161 2518 quid
187 2474 229 2506 iis
259 2472 447 2515 acciderit,
483 2474 706 2518 ignorarent,
740 2474 878 2519 qnidam
910 2476 1107 2518 piscatores
1140 2475 1222 2510 inde
1244 2480 1467 2510 transeuntes

77 2538 220 2580 malum,
254 2538 345 2583 quod
381 2536 578 2579 acciderat,
619 2543 850 2574 narraverunt
895 2539 1025 2573 eisdem
1070 2544 1104 2574 et
1139 2542 1190 2574 sic
1222 2541 1274 2575 illi
1307 2543 1466 2576 conversi

78 2607 167 2638 sunt.
215 2603 307 2638 Haec
344 2605 376 2637 in
412 2602 569 2648 hystoria
593 2605 781 2648 tripartita.
832 2603 963 2644 Quarta
1001 2615 1108 2639 causa
1145 2607 1375 2641 institutionis
1412 2607 1468 2640 hic

79 2669 256 2714 assignari
286 2673 415 2715 potest.
466 2669 631 2704 Dominus
665 2671 753 2704 enim
790 2680 811 2704 a
839 2670 984 2705 vinculis
1010 2669 1145 2706 Petrum
1173 2672 1379 2707 miraculose
1403 2671 1468 2706 ab-
