1742 3005
278 81 357 121 156
576 85 671 134 Cap.
710 85 880 122 XXXVI.
947 87 1005 124 De
1036 94 1166 125 sancto
1198 88 1355 137 IgnatiO.

274 193 442 231 metuens,
468 188 624 234 TraJano
650 191 866 234 imperatori,
891 192 948 235 qui
973 193 1089 236 eoepit
1114 201 1205 226 anno
1231 191 1360 226 ‹ionuui
1377 192 1427 234 C„
1452 191 1494 226 de
1514 194 1659 228 victoria

275 254 430 289 rede-nuti
457 258 490 288 et
516 253 716 288 christianis
742 253 900 289 omnibus
924 259 1068 290 mortem
1093 260 1236 292 minanti
1263 259 1413 293 occurrit
1436 262 1469 293 ct
1494 257 1603 293 libere
1623 268 1660 292 sc

273 319 498 353 christianum
522 329 600 354 esse
626 322 798 362 asseruit,
827 331 927 366 quem
953 321 1129 367 Trajanus
1157 323 1250 358 ferro
1279 326 1427 358 vinctum
1453 323 1569 359 decem
1594 325 1659 357 mi-

272 384 390 418 litibus
417 384 559 419 lradidit
585 390 618 420 et
648 385 789 420 Romam
815 386 940 421 adduci
969 390 1170 434 praecepit,
1223 391 1357 423 minans
1383 389 1514 430 eidem,
1567 388 1658 434 quod

271 450 468 485 traderetur
491 451 619 486 ibidem
646 450 768 486 bestiis
794 452 1026 488 devorandus.
1078 454 1161 488 Cum
1188 465 1273 500 ergo
1299 453 1440 488 Romam
1462 453 1656 489 duceretur.

272 515 315 550 ad
340 527 458 551 omues
494 518 662 552 ecclesias
701 518 870 562 epistolas
898 518 1097 553 destinabat
1125 524 1157 554 ct
1184 530 1244 554 eas
1270 521 1304 553 iu
1330 519 1396 554 lide
1421 518 1551 553 Christi
1577 529 1658 552 con-

272 582 442 624 firmabat,
470 585 560 617 inter
584 593 672 628 quas
700 593 798 617 unam
826 586 966 630 scripsit
993 585 1038 619 ad
1063 595 1237 620 romanam
1264 585 1469 627 ecclesiam,
1497 585 1586 618 sicut
1608 584 1654 618 le-

271 650 365 693 gitur
388 650 422 682 in
449 648 616 694 hystoriis
643 651 912 692 ecclesiasticis,
952 661 1104 696 rogans,
1138 662 1180 686 ne
1209 662 1306 686 suum
1333 652 1523 685 martirium
1550 651 1658 694 impe-

271 714 353 748 diat.
424 713 490 748 Ubi
514 716 564 749 sie
589 715 689 749 dicit:
732 726 752 750 a
780 717 883 760 Syria
918 727 1028 761 usque
1065 717 1107 751 ad
1142 717 1283 753 Romam
1309 727 1385 751 cum
1410 715 1534 751 bestiis
1564 720 1659 750 terra

271 779 425 824 marique
459 779 622 826 depugno
657 781 712 816 die
744 791 783 815 ac
817 785 917 815 nocte
949 790 1125 816 connexus
1160 786 1193 817 et
1227 783 1414 828 colligatus
1442 781 1558 816 decem
1583 781 1657 816 leo-

269 844 390 888 pardis
414 845 581 880 militibus
608 845 715 880 ducor
739 846 783 881 ad
810 847 1004 882 custodiam
1030 847 1143 891 datis,
1171 849 1227 893 qui
1253 858 1295 882 ex
1323 847 1500 882 beneficiis
1526 847 1656 880 uostris

269 913 450 946 saeviores
473 911 576 954 fiunt,
603 911 665 947 sed
692 923 759 958 ego
788 923 905 947 eorum
933 915 1097 959 nequitiis
1124 915 1236 960 magis
1266 912 1418 948 erudior.
1467 912 1495 947 Ο
1524 911 1655 946 saluta-

269 987 324 1012 res
349 976 504 1019 bestias,
549 987 638 1023 quae
664 982 920 1028 praeparantur
945 979 1026 1013 mihi
1042 1008 1049 1022 ‚
1094 980 1128 1024 ¹)
1154 978 1293 1025 quando
1318 980 1477 1021 venient,
1518 978 1656 1024 quando

269 1044 486 1085 emittentur,
523 1042 662 1088 quando
690 1044 732 1077 iis
758 1043 876 1078 licebit
900 1044 1064 1079 carnibus
1089 1046 1173 1079 meis
1200 1045 1295 1080 frui?
1342 1043 1500 1079 Invitabo
1527 1054 1587 1078 eas
1613 1043 1656 1078 ad

267 1108 527 1144 devorationem
555 1119 665 1144 meam
693 1113 727 1143 et
753 1108 993 1154 deprecabor,
1027 1122 1068 1145 ne
1095 1111 1206 1151 sorte,
1240 1114 1277 1144 ut
1302 1111 1336 1143 in
1360 1110 1534 1143 nonnullis
1564 1109 1656 1144 sece-

267 1178 356 1217 rnut,
383 1176 526 1210 timeant
553 1177 756 1221 contingere
781 1187 907 1221 corpus
936 1187 1058 1219 meum⁷
1087 1177 1283 1222 quinimmo
1300 1174 1653 1211 etsicunetabuntur.

267 1252 334 1286 ego
362 1244 426 1275 vim
454 1241 598 1282 faciam,
629 1252 695 1286 ego
723 1252 775 1275 me
802 1243 970 1288 ingeram.
1018 1242 1108 1277 Date
1134 1252 1265 1287 quaeso
1293 1243 1439 1283 veniam,
1467 1251 1534 1286 ego
1560 1242 1654 1282 novi⁷

268 1307 349 1352 quid
361 1306 440 1341 mihi
454 1306 630 1351 expediat,
652 1308 765 1352 ignes,
784 1316 917 1349 eruces,
938 1308 1086 1350 bestiae,
1109 1308 1346 1353 dispersiones
1360 1308 1501 1348 ossium,
1524 1306 1654 1341 discer-

267 1374 402 1418 ptiones
415 1373 563 1406 omnium
575 1372 803 1406 membrorum
817 1376 851 1407 et
867 1375 974 1407 totius
985 1374 1143 1418 corporis
1154 1377 1188 1408 et
1199 1374 1314 1407 omnia
1321 1382 1432 1417 paene
1444 1374 1478 1406 in
1490 1383 1542 1407 me
1554 1383 1596 1406 un
1603 1383 1655 1406 nm

266 1438 439 1483 supplicia
455 1437 596 1482 dyaboli
620 1440 780 1489 quaesita
805 1439 1009 1481 conflentur,
1036 1438 1217 1473 dunnnodo
1244 1439 1360 1474 Jcsum
1386 1437 1560 1473 Christum
1584 1448 1653 1472 me>

266 1515 346 1539 rear
370 1504 529 1548 adipisci.
579 1504 662 1538 Cum
690 1514 776 1550 ergo
802 1504 943 1540 Romam
974 1505 1128 1539 venisset
1154 1509 1188 1540 et
1210 1508 1291 1539 ante
1317 1503 1507 1548 Trajanum
1533 1502 1654 1537 duetus

267 1571 402 1612 suisset,
427 1569 514 1603 dixit
540 1571 570 1602 ei
595 1568 793 1614 Traianus:
827 1569 955 1615 Ignati,
982 1579 1042 1603 cur
1066 1569 1284 1604 Antiochiam
1311 1568 1483 1604 rebellare
1510 1569 1596 1602 sacis
1620 1573 1652 1603 et
1688 1590 1691 1595 -

265 1639 403 1680 gentem
427 1644 535 1669 meam
563 1633 608 1668 ad
641 1633 930 1669 christianitatem
965 1637 1168 1670 convertis?
1227 1636 1289 1669 Cui
1314 1634 1490 1680 Ignatius:
1524 1634 1652 1667 utinam

265 1707 297 1736 et
322 1706 356 1736 te
380 1711 519 1746 possem
543 1703 767 1741 convertere,
802 1703 837 1733 ut
863 1710 999 1744 semper
1025 1700 1201 1735 obtineres
1229 1700 1452 1735 fortissimum
1478 1700 1650 1745 principa-

264 1773 344 1802 tum.
394 1766 457 1801 Cui
483 1765 676 1811 Trajanus:
701 1766 860 1800 saci-ilica
885 1766 960 1800 Diis
987 1767 1070 1800 meis
1095 1771 1127 1801 et
1155 1767 1374 1801 sacerdotum
1390 1767 1536 1800 omnium
1554 1766 1650 1810 prin-

263 1844 345 1878 ceps
370 1834 451 1867 eris.
501 1832 565 1866 Cui
590 1830 766 1876 Ignatius:
807 1842 869 1866 nec
895 1832 968 1866 Diis
994 1833 1062 1866 tuis
1091 1831 1296 1866 sacrificabo
1322 1842 1384 1866 nec
1406 1835 1499 1865 tuam
1526 1831 1650 1865 affecto

263 1900 480 1944 dignitatem⁷
508 1896 550 1931 de
577 1908 641 1934 me.
669 1897 837 1943 quidquid
864 1899 937 1939 vis,
967 1897 1082 1932 faeere
1108 1899 1261 1942 poteris,
1288 1896 1350 1932 sed
1376 1896 1573 1930 nullatenus
1598 1906 1650 1929 me

263 1964 422 1999 mutabis,
495 1962 670 2007 Trajanus
705 1963 809 1997 dixit:
862 1963 1048 2007 plumbatis
1083 1963 1246 2007 scapulas
1281 1963 1357 2007 ejus
1391 1960 1590 1995 contundite
1617 1966 1650 1996 et

263 2030 400 2076 ungulis
434 2029 548 2063 latera
583 2028 713 2063 laniate
751 2033 785 2063 et
818 2028 913 2063 duris
947 2028 1123 2073 lapidibus
1159 2028 1304 2063 vulnera
1338 2028 1415 2073 ejus
1446 2026 1648 2061 confricate.

210 2100 214 2101 ⁷
262 2099 415 2141 Cuinque
443 2095 529 2129 haec
557 2096 672 2128 omnia
696 2096 730 2128 in
753 2105 827 2129 eum
854 2095 1019 2129 fecissent
1043 2098 1078 2129 et
1104 2095 1180 2139 ipse
1207 2093 1392 2127 immobilis
1418 2095 1648 2137 permaneret,

262 2163 349 2196 dixit
372 2162 568 2206 Traianus:
618 2159 790 2195 carbones
824 2161 923 2195 vivos
957 2160 1081 2195 afferte
1109 2163 1143 2194 et
1168 2161 1279 2203 ipsum
1306 2158 1406 2192 nudis
1433 2157 1562 2202 plantis
1587 2156 1648 2191 de-

261 2239 366 2272 super
394 2226 572 2260 ambulare
597 2225 712 2260 facite.
784 2225 845 2259 Cui
870 2225 1047 2271 Ignatius:
1096 2235 1159 2259 nee
1193 2225 1285 2269 iguis
1316 2223 1442 2257 ardens
1469 2233 1531 2257 nec
1557 2232 1649 2267 aqua

262 2293 409 2327 bulliens
435 2292 565 2336 poterit
588 2292 621 2324 in
649 2301 702 2324 me
728 2290 857 2324 Christi
887 2291 973 2326 Jesu
997 2292 1177 2324 caritatem
1205 2290 1443 2335 exstinguere.
1480 2288 1541 2323 Cui
1558 2287 1647 2322 Tra-

257 2361 382 2403 janus:
419 2357 587 2391 malelicia
611 2359 690 2389 sunt
714 2354 822 2398 haec,
851 2356 943 2400 qnod
967 2360 1065 2390 tanta
1090 2356 1227 2401 paticus
1253 2365 1321 2388 non
1348 2355 1534 2389 consentis.
1585 2354 1646 2388 Cui

263 2424 437 2469 lgnatius:
490 2433 552 2456 nos
585 2421 767 2455 christiani
807 2422 951 2456 malelici
988 2433 1057 2456 non
1084 2432 1220 2461 sumus,
1272 2420 1393 2455 sedin
1420 2421 1499 2466 lege
1526 2422 1646 2453 nostra

261 2489 434 2523 mali-lices
467 2490 581 2522 iiic-re
607 2487 849 2532 prohibemns,
877 2487 937 2522 sed
967 2498 1027 2523 vos
1054 2487 1199 2522 malelici
1227 2487 1325 2528 estis,
1352 2487 1410 2531 qui
1432 2485 1538 2531 ydola
1560 2483 1644 2518 ado-

262 2557 345 2588 ralis
384 2554 560 2599 'l'raJanus
588 2553 692 2586 dixit:
720 2552 857 2587 dorsum
885 2554 960 2597 ejus
986 2556 1017 2595 ³)
1042 2552 1180 2596 ungulis
1207 2552 1335 2586 laniate
1361 2555 1394 2585 et
1418 2551 1544 2597 plagas
1571 2549 1645 2584 sale

330 2702 353 2724 Ιῖ
376 2697 470 2722 Verba
493 2697 640 2729 quandu·
664 2709 672 2723 x
690 2702 819 2723 ’-ιιιιίιΙ
843 2697 951 2723 *viiiitlil
973 2697 1023 2723 Ld.
1046 2701 1086 2722 ΙίΔ
1182 2697 1210 2724 2>
1230 2694 1286 2721 ΛΙίἷ
1310 2695 1388 2720 vini
1407 2693 1477 2720 uli>
1499 2693 1607 2725 legunt.
