<?xml version="1.0" encoding="UTF-8"?>
<!DOCTYPE html PUBLIC "-//W3C//DTD XHTML 1.0 Transitional//EN"
    "http://www.w3.org/TR/xhtml1/DTD/xhtml1-transitional.dtd">
<html xmlns="http://www.w3.org/1999/xhtml" xml:lang="en" lang="en">
 <head>
  <title>
</title>
<meta http-equiv="Content-Type" content="text/html;charset=utf-8" />
  <meta name='ocr-system' content='tesseract 3.04.00' />
  <meta name='ocr-capabilities' content='ocr_page ocr_carea ocr_par ocr_line ocrx_word'/>
</head>
<body>
  <div class='ocr_page' id='page_1' title='image "./legendaaureavulg00jacouoft_0083.png"; bbox 0 0 1742 3005; ppageno 0'>
   <div class='ocr_carea' id='block_1_1' title="bbox 311 115 1482 165">
    <p class='ocr_par' dir='ltr' id='par_1_1' title="bbox 311 115 1482 165">
     <span class='ocr_line' id='line_1_1' title="bbox 311 115 1482 165; baseline 0.003 -13"><span class='ocrx_word' id='word_1_1' title='bbox 311 116 407 165; x_wconf 82' lang='lat' dir='ltr'><strong>Cap.</strong></span> <span class='ocrx_word' id='word_1_2' title='bbox 442 115 505 153; x_wconf 88' lang='lat' dir='ltr'><strong>Xl.</strong></span> <span class='ocrx_word' id='word_1_3' title='bbox 571 115 628 152; x_wconf 89' lang='lat' dir='ltr'><strong>De</strong></span> <span class='ocrx_word' id='word_1_4' title='bbox 660 124 789 153; x_wconf 81' lang='lat' dir='ltr'><strong>sancto</strong></span> <span class='ocrx_word' id='word_1_5' title='bbox 820 115 972 153; x_wconf 82' lang='lat' dir='ltr'><strong>Thema</strong></span> <span class='ocrx_word' id='word_1_6' title='bbox 1002 118 1268 156; x_wconf 82' lang='lat' dir='ltr'>cantuariensi.</span> <span class='ocrx_word' id='word_1_7' title='bbox 1428 120 1482 158; x_wconf 64' lang='lat'><strong>69</strong></span> 
     </span>
    </p>
   </div>
   <div class='ocr_carea' id='block_1_2' title="bbox 98 219 1491 2284">
    <p class='ocr_par' dir='ltr' id='par_1_2' title="bbox 98 219 1491 2284">
     <span class='ocr_line' id='line_1_2' title="bbox 98 219 1481 266; baseline 0.003 -12"><span class='ocrx_word' id='word_1_8' title='bbox 98 220 219 262; x_wconf 69' lang='lat' dir='ltr'><strong>etesia,</strong></span> <span class='ocrx_word' id='word_1_9' title='bbox 244 220 278 253; x_wconf 90' lang='lat' dir='ltr'><strong>in</strong></span> <span class='ocrx_word' id='word_1_10' title='bbox 300 219 449 255; x_wconf 83' lang='lat' dir='ltr'><strong>ecelesia</strong></span> <span class='ocrx_word' id='word_1_11' title='bbox 474 223 507 255; x_wconf 92' lang='lat' dir='ltr'><strong>et</strong></span> <span class='ocrx_word' id='word_1_12' title='bbox 532 222 566 254; x_wconf 90' lang='lat' dir='ltr'><strong>in</strong></span> <span class='ocrx_word' id='word_1_13' title='bbox 591 221 667 255; x_wconf 84' lang='lat' dir='ltr'><strong>loco</strong></span> <span class='ocrx_word' id='word_1_14' title='bbox 694 224 828 262; x_wconf 83' lang='lat' dir='ltr'><strong>saneto,</strong></span> <span class='ocrx_word' id='word_1_15' title='bbox 853 223 1009 266; x_wconf 88' lang='lat' dir='ltr'><strong>tempore</strong></span> <span class='ocrx_word' id='word_1_16' title='bbox 1034 231 1148 264; x_wconf 84' lang='lat' dir='ltr'><strong>sacro,</strong></span> <span class='ocrx_word' id='word_1_17' title='bbox 1175 223 1265 256; x_wconf 88' lang='lat' dir='ltr'><strong>inter</strong></span> <span class='ocrx_word' id='word_1_18' title='bbox 1285 232 1404 258; x_wconf 89' lang='lat' dir='ltr'><strong>manus</strong></span> <span class='ocrx_word' id='word_1_19' title='bbox 1424 234 1481 258; x_wconf 87' lang='lat' dir='ltr'><strong>sa-</strong></span> 
     </span>
     <span class='ocr_line' id='line_1_3' title="bbox 99 284 1478 333; baseline 0.002 -14"><span class='ocrx_word' id='word_1_20' title='bbox 99 284 276 320; x_wconf 75' lang='lat' dir='ltr'><strong>cerdotum</strong></span> <span class='ocrx_word' id='word_1_21' title='bbox 312 288 345 319; x_wconf 87' lang='lat' dir='ltr'><strong>et</strong></span> <span class='ocrx_word' id='word_1_22' title='bbox 376 285 641 331; x_wconf 71' lang='lat' dir='ltr'><strong>religiosorum,</strong></span> <span class='ocrx_word' id='word_1_23' title='bbox 692 290 728 320; x_wconf 87' lang='lat' dir='ltr'><strong>ut</strong></span> <span class='ocrx_word' id='word_1_24' title='bbox 752 287 917 330; x_wconf 85' lang='lat' dir='ltr'><strong>patientis</strong></span> <span class='ocrx_word' id='word_1_25' title='bbox 943 288 1111 321; x_wconf 84' lang='lat' dir='ltr'><strong>sanctitas</strong></span> <span class='ocrx_word' id='word_1_26' title='bbox 1140 291 1174 322; x_wconf 91' lang='lat' dir='ltr'><strong>et</strong></span> <span class='ocrx_word' id='word_1_27' title='bbox 1200 290 1478 333; x_wconf 88' lang='lat' dir='ltr'><strong>persequentium</strong></span> 
     </span>
     <span class='ocr_line' id='line_1_4' title="bbox 100 349 1479 397; baseline 0.002 -13"><span class='ocrx_word' id='word_1_28' title='bbox 100 350 288 385; x_wconf 83' lang='lat' dir='ltr'><strong>erudelitas</strong></span> <span class='ocrx_word' id='word_1_29' title='bbox 320 349 536 385; x_wconf 77' lang='lat' dir='ltr'>ostendatur.</span> <span class='ocrx_word' id='word_1_30' title='bbox 589 350 702 385; x_wconf 79' lang='lat' dir='ltr'><strong>Multa</strong></span> <span class='ocrx_word' id='word_1_31' title='bbox 726 353 868 396; x_wconf 90' lang='lat' dir='ltr'><strong>insuper</strong></span> <span class='ocrx_word' id='word_1_32' title='bbox 893 355 927 386; x_wconf 90' lang='lat' dir='ltr'><strong>et</strong></span> <span class='ocrx_word' id='word_1_33' title='bbox 953 351 1024 385; x_wconf 85' lang='lat' dir='ltr'><strong>alia</strong></span> <span class='ocrx_word' id='word_1_34' title='bbox 1047 352 1213 387; x_wconf 85' lang='lat' dir='ltr'><strong>miracula</strong></span> <span class='ocrx_word' id='word_1_35' title='bbox 1237 364 1299 397; x_wconf 86' lang='lat' dir='ltr'><strong>per</strong></span> <span class='ocrx_word' id='word_1_36' title='bbox 1325 358 1479 388; x_wconf 85' lang='lat' dir='ltr'><strong>sanetum</strong></span> 
     </span>
     <span class='ocr_line' id='line_1_5' title="bbox 100 415 1479 462; baseline 0.002 -12"><span class='ocrx_word' id='word_1_37' title='bbox 100 426 198 450; x_wconf 88' lang='lat' dir='ltr'><strong>suum</strong></span> <span class='ocrx_word' id='word_1_38' title='bbox 227 416 385 450; x_wconf 89' lang='lat' dir='ltr'><strong>dominus</strong></span> <span class='ocrx_word' id='word_1_39' title='bbox 410 418 549 461; x_wconf 90' lang='lat' dir='ltr'><strong>operari</strong></span> <span class='ocrx_word' id='word_1_40' title='bbox 574 415 737 462; x_wconf 82' lang='lat' dir='ltr'><strong>dignatus</strong></span> <span class='ocrx_word' id='word_1_41' title='bbox 760 420 826 460; x_wconf 82' lang='lat' dir='ltr'><strong>est,</strong></span> <span class='ocrx_word' id='word_1_42' title='bbox 851 418 983 451; x_wconf 88' lang='lat' dir='ltr'><strong>meritis</strong></span> <span class='ocrx_word' id='word_1_43' title='bbox 1009 418 1098 452; x_wconf 88' lang='lat' dir='ltr'><strong>enim</strong></span> <span class='ocrx_word' id='word_1_44' title='bbox 1124 419 1199 462; x_wconf 84' lang='lat' dir='ltr'><strong>ejus</strong></span> <span class='ocrx_word' id='word_1_45' title='bbox 1233 420 1347 453; x_wconf 77' lang='lat' dir='ltr'><strong>caecis</strong></span> <span class='ocrx_word' id='word_1_46' title='bbox 1373 421 1479 457; x_wconf 78' lang='lat' dir='ltr'><strong>visus,</strong></span> 
     </span>
     <span class='ocr_line' id='line_1_6' title="bbox 101 481 1481 527; baseline 0.001 -11"><span class='ocrx_word' id='word_1_47' title='bbox 101 482 216 516; x_wconf 87' lang='lat' dir='ltr'><strong>surdis</strong></span> <span class='ocrx_word' id='word_1_48' title='bbox 241 481 391 523; x_wconf 86' lang='lat' dir='ltr'><strong>auditus,</strong></span> <span class='ocrx_word' id='word_1_49' title='bbox 417 481 550 516; x_wconf 77' lang='lat' dir='ltr'><strong>claudis</strong></span> <span class='ocrx_word' id='word_1_50' title='bbox 579 491 734 526; x_wconf 80' lang='lat' dir='ltr'><strong>gressus,</strong></span> <span class='ocrx_word' id='word_1_51' title='bbox 763 483 836 515; x_wconf 90' lang='lat' dir='ltr'><strong>vita</strong></span> <span class='ocrx_word' id='word_1_52' title='bbox 861 483 1004 516; x_wconf 85' lang='lat' dir='ltr'><strong>mortuis</strong></span> <span class='ocrx_word' id='word_1_53' title='bbox 1032 484 1194 517; x_wconf 84' lang='lat' dir='ltr'><strong>restituta</strong></span> <span class='ocrx_word' id='word_1_54' title='bbox 1207 487 1295 516; x_wconf 87' lang='lat' dir='ltr'><strong>sunt.</strong></span> <span class='ocrx_word' id='word_1_55' title='bbox 1325 483 1481 527; x_wconf 89' lang='lat' dir='ltr'><strong>¹)Porro</strong></span> 
     </span>
     <span class='ocr_line' id='line_1_7' title="bbox 101 546 1481 592; baseline 0.001 -11"><span class='ocrx_word' id='word_1_56' title='bbox 101 557 207 592; x_wconf 84' lang='lat' dir='ltr'><strong>aqua,</strong></span> <span class='ocrx_word' id='word_1_57' title='bbox 229 557 297 592; x_wconf 85' lang='lat' dir='ltr'><strong>qua</strong></span> <span class='ocrx_word' id='word_1_58' title='bbox 315 547 419 591; x_wconf 88' lang='lat' dir='ltr'><strong>panni</strong></span> <span class='ocrx_word' id='word_1_59' title='bbox 437 547 617 590; x_wconf 78' lang='lat' dir='ltr'><strong>conspersi</strong></span> <span class='ocrx_word' id='word_1_60' title='bbox 636 547 711 590; x_wconf 77' lang='lat' dir='ltr'><strong>eJus</strong></span> <span class='ocrx_word' id='word_1_61' title='bbox 731 547 901 592; x_wconf 82' lang='lat' dir='ltr'><strong>sanguine</strong></span> <span class='ocrx_word' id='word_1_62' title='bbox 919 546 1141 588; x_wconf 82' lang='lat' dir='ltr'>lavabantur,</span> <span class='ocrx_word' id='word_1_63' title='bbox 1161 547 1277 581; x_wconf 88' lang='lat' dir='ltr'><strong>multis</strong></span> <span class='ocrx_word' id='word_1_64' title='bbox 1297 550 1431 582; x_wconf 78' lang='lat' dir='ltr'><strong>exstitit</strong></span> <span class='ocrx_word' id='word_1_65' title='bbox 1450 552 1481 582; x_wconf 89' lang='lat' dir='ltr'><strong>in</strong></span> 
     </span>
     <span class='ocr_line' id='line_1_8' title="bbox 102 609 1481 656; baseline 0.001 -11"><span class='ocrx_word' id='word_1_66' title='bbox 102 612 280 647; x_wconf 85' lang='lat' dir='ltr'><strong>medelam.</strong></span> <span class='ocrx_word' id='word_1_67' title='bbox 306 609 482 651; x_wconf 81' lang='lat' dir='ltr'><strong>Quaedam</strong></span> <span class='ocrx_word' id='word_1_68' title='bbox 501 609 639 644; x_wconf 86' lang='lat' dir='ltr'><strong>domina</strong></span> <span class='ocrx_word' id='word_1_69' title='bbox 649 610 691 645; x_wconf 89' lang='lat' dir='ltr'><strong>de</strong></span> <span class='ocrx_word' id='word_1_70' title='bbox 702 611 833 656; x_wconf 78' lang='lat' dir='ltr'><strong>Anglia</strong></span> <span class='ocrx_word' id='word_1_71' title='bbox 842 613 960 646; x_wconf 85' lang='lat' dir='ltr'><strong>varios</strong></span> <span class='ocrx_word' id='word_1_72' title='bbox 972 612 1092 646; x_wconf 82' lang='lat' dir='ltr'><strong>oeulos</strong></span> <span class='ocrx_word' id='word_1_73' title='bbox 1102 611 1232 647; x_wconf 85' lang='lat' dir='ltr'><strong>habere</strong></span> <span class='ocrx_word' id='word_1_74' title='bbox 1245 612 1289 646; x_wconf 88' lang='lat' dir='ltr'><strong>ob</strong></span> <span class='ocrx_word' id='word_1_75' title='bbox 1302 613 1481 647; x_wconf 71' lang='lat' dir='ltr'><strong>lasciviam</strong></span> 
     </span>
     <span class='ocr_line' id='line_1_9' title="bbox 103 674 1483 723; baseline 0.001 -12"><span class='ocrx_word' id='word_1_76' title='bbox 103 681 135 711; x_wconf 87' lang='lat' dir='ltr'><strong>et</strong></span> <span class='ocrx_word' id='word_1_77' title='bbox 147 678 312 722; x_wconf 86' lang='lat' dir='ltr'><strong>maj0rem</strong></span> <span class='ocrx_word' id='word_1_78' title='bbox 326 674 613 720; x_wconf 88' lang='lat' dir='ltr'><strong>pulchritudinem</strong></span> <span class='ocrx_word' id='word_1_79' title='bbox 623 675 822 717; x_wconf 75' lang='lat' dir='ltr'><strong>affectabat,</strong></span> <span class='ocrx_word' id='word_1_80' title='bbox 837 687 942 722; x_wconf 88' lang='lat' dir='ltr'><strong>super</strong></span> <span class='ocrx_word' id='word_1_81' title='bbox 955 688 1021 722; x_wconf 89' lang='lat' dir='ltr'><strong>quo</strong></span> <span class='ocrx_word' id='word_1_82' title='bbox 1037 687 1165 711; x_wconf 90' lang='lat' dir='ltr'><strong>vovens</strong></span> <span class='ocrx_word' id='word_1_83' title='bbox 1177 682 1292 712; x_wconf 89' lang='lat' dir='ltr'><strong>votum</strong></span> <span class='ocrx_word' id='word_1_84' title='bbox 1306 678 1407 712; x_wconf 85' lang='lat' dir='ltr'><strong>nudis</strong></span> <span class='ocrx_word' id='word_1_85' title='bbox 1423 690 1483 723; x_wconf 91' lang='lat' dir='ltr'><strong>pe-</strong></span> 
     </span>
     <span class='ocr_line' id='line_1_10' title="bbox 103 740 1476 795; baseline 0.001 -18"><span class='ocrx_word' id='word_1_86' title='bbox 103 742 204 777; x_wconf 89' lang='lat' dir='ltr'><strong>dibus</strong></span> <span class='ocrx_word' id='word_1_87' title='bbox 218 740 437 795; x_wconf 62' lang='lat' dir='ltr'><strong>sepulchrum</strong></span> <span class='ocrx_word' id='word_1_88' title='bbox 451 740 715 776; x_wconf 87' lang='lat' dir='ltr'><strong>heatinomae</strong></span> <span class='ocrx_word' id='word_1_89' title='bbox 734 743 900 778; x_wconf 86' lang='lat' dir='ltr'><strong>visitavit.</strong></span> <span class='ocrx_word' id='word_1_90' title='bbox 935 742 1032 783; x_wconf 84' lang='lat' dir='ltr'><strong>Quae</strong></span> <span class='ocrx_word' id='word_1_91' title='bbox 1055 752 1129 776; x_wconf 86' lang='lat' dir='ltr'><strong>cum</strong></span> <span class='ocrx_word' id='word_1_92' title='bbox 1155 744 1190 776; x_wconf 93' lang='lat' dir='ltr'><strong>in</strong></span> <span class='ocrx_word' id='word_1_93' title='bbox 1215 746 1374 780; x_wconf 86' lang='lat' dir='ltr'><strong>oratione</strong></span> <span class='ocrx_word' id='word_1_94' title='bbox 1399 756 1476 790; x_wconf 68' lang='lat' dir='ltr'><strong>pro</strong></span> 
     </span>
     <span class='ocr_line' id='line_1_11' title="bbox 102 808 1483 855; baseline 0.002 -13"><span class='ocrx_word' id='word_1_95' title='bbox 102 811 214 843; x_wconf 88' lang='lat' dir='ltr'><strong>strata</strong></span> <span class='ocrx_word' id='word_1_96' title='bbox 239 810 354 849; x_wconf 85' lang='lat' dir='ltr'><strong>esset,</strong></span> <span class='ocrx_word' id='word_1_97' title='bbox 380 817 528 853; x_wconf 84' lang='lat' dir='ltr'><strong>surgens</strong></span> <span class='ocrx_word' id='word_1_98' title='bbox 553 808 684 841; x_wconf 77' lang='lat' dir='ltr'>Invenit</span> <span class='ocrx_word' id='word_1_99' title='bbox 710 818 747 842; x_wconf 91' lang='lat' dir='ltr'><strong>se</strong></span> <span class='ocrx_word' id='word_1_100' title='bbox 773 809 910 852; x_wconf 89' lang='lat' dir='ltr'><strong>penitus</strong></span> <span class='ocrx_word' id='word_1_101' title='bbox 936 812 1158 843; x_wconf 78' lang='lat' dir='ltr'>excaecatam</span> <span class='ocrx_word' id='word_1_102' title='bbox 1184 811 1370 855; x_wconf 85' lang='lat' dir='ltr'><strong>statimque</strong></span> <span class='ocrx_word' id='word_1_103' title='bbox 1400 822 1483 855; x_wconf 57' lang='lat' dir='ltr'><strong>poe&lt;</strong></span> 
     </span>
     <span class='ocr_line' id='line_1_12' title="bbox 103 872 1485 920; baseline 0.002 -13"><span class='ocrx_word' id='word_1_104' title='bbox 103 875 216 908; x_wconf 86' lang='lat' dir='ltr'><strong>nitens</strong></span> <span class='ocrx_word' id='word_1_105' title='bbox 238 874 354 917; x_wconf 79' lang='lat' dir='ltr'><strong>eoepit</strong></span> <span class='ocrx_word' id='word_1_106' title='bbox 376 882 504 918; x_wconf 83' lang='lat' dir='ltr'><strong>rogare</strong></span> <span class='ocrx_word' id='word_1_107' title='bbox 529 872 667 908; x_wconf 89' lang='lat' dir='ltr'><strong>beatum</strong></span> <span class='ocrx_word' id='word_1_108' title='bbox 693 872 881 917; x_wconf 85' lang='lat' dir='ltr'><strong>Thomam,</strong></span> <span class='ocrx_word' id='word_1_109' title='bbox 911 877 948 908; x_wconf 93' lang='lat' dir='ltr'><strong>ut</strong></span> <span class='ocrx_word' id='word_1_110' title='bbox 964 875 1039 920; x_wconf 86' lang='lat' dir='ltr'><strong>jam</strong></span> <span class='ocrx_word' id='word_1_111' title='bbox 1064 885 1133 908; x_wconf 91' lang='lat' dir='ltr'><strong>non</strong></span> <span class='ocrx_word' id='word_1_112' title='bbox 1159 876 1299 917; x_wconf 85' lang='lat' dir='ltr'><strong>varios,</strong></span> <span class='ocrx_word' id='word_1_113' title='bbox 1326 875 1387 910; x_wconf 90' lang='lat' dir='ltr'><strong>sed</strong></span> <span class='ocrx_word' id='word_1_114' title='bbox 1413 876 1485 910; x_wconf 86' lang='lat' dir='ltr'><strong>sal-</strong></span> 
     </span>
     <span class='ocr_line' id='line_1_13' title="bbox 101 937 1484 986; baseline 0.001 -14"><span class='ocrx_word' id='word_1_115' title='bbox 101 943 169 973; x_wconf 88' lang='lat' dir='ltr'><strong>tem</strong></span> <span class='ocrx_word' id='word_1_116' title='bbox 196 937 263 973; x_wconf 85' lang='lat' dir='ltr'><strong>sibi</strong></span> <span class='ocrx_word' id='word_1_117' title='bbox 288 948 371 972; x_wconf 86' lang='lat' dir='ltr'><strong>suos</strong></span> <span class='ocrx_word' id='word_1_118' title='bbox 396 938 559 973; x_wconf 87' lang='lat' dir='ltr'><strong>redderet</strong></span> <span class='ocrx_word' id='word_1_119' title='bbox 582 938 714 980; x_wconf 69' lang='lat' dir='ltr'><strong>oeulos,</strong></span> <span class='ocrx_word' id='word_1_120' title='bbox 744 939 836 984; x_wconf 88' lang='lat' dir='ltr'><strong>quod</strong></span> <span class='ocrx_word' id='word_1_121' title='bbox 863 940 1001 974; x_wconf 90' lang='lat' dir='ltr'><strong>tandem</strong></span> <span class='ocrx_word' id='word_1_122' title='bbox 1028 950 1102 974; x_wconf 85' lang='lat' dir='ltr'><strong>eum</strong></span> <span class='ocrx_word' id='word_1_123' title='bbox 1128 950 1255 986; x_wconf 81' lang='lat' dir='ltr'><strong>magna</strong></span> <span class='ocrx_word' id='word_1_124' title='bbox 1281 940 1484 976; x_wconf 80' lang='lat' dir='ltr'><strong>difficultate</strong></span> 
     </span>
     <span class='ocr_line' id='line_1_14' title="bbox 104 1003 1484 1052; baseline 0.002 -15"><span class='ocrx_word' id='word_1_125' title='bbox 104 1005 162 1038; x_wconf 85' lang='lat' dir='ltr'><strong>vix</strong></span> <span class='ocrx_word' id='word_1_126' title='bbox 189 1003 296 1038; x_wconf 87' lang='lat' dir='ltr'><strong>valuit</strong></span> <span class='ocrx_word' id='word_1_127' title='bbox 326 1003 496 1039; x_wconf 86' lang='lat' dir='ltr'><strong>obtinere.</strong></span> <span class='ocrx_word' id='word_1_128' title='bbox 530 1025 575 1029; x_wconf 91' lang='lat'>—</span> <span class='ocrx_word' id='word_1_129' title='bbox 605 1008 650 1040; x_wconf 70' lang='lat'><strong>4.</strong></span> <span class='ocrx_word' id='word_1_130' title='bbox 684 1004 830 1044; x_wconf 83' lang='lat' dir='ltr'><strong>Quidam</strong></span> <span class='ocrx_word' id='word_1_131' title='bbox 855 1009 968 1040; x_wconf 85' lang='lat' dir='ltr'><strong>autem</strong></span> <span class='ocrx_word' id='word_1_132' title='bbox 993 1005 1118 1040; x_wconf 87' lang='lat' dir='ltr'><strong>illusor</strong></span> <span class='ocrx_word' id='word_1_133' title='bbox 1145 1015 1270 1051; x_wconf 87' lang='lat' dir='ltr'><strong>aquam</strong></span> <span class='ocrx_word' id='word_1_134' title='bbox 1296 1007 1484 1052; x_wconf 70' lang='lat' dir='ltr'><strong>simplicem</strong></span> 
     </span>
     <span class='ocr_line' id='line_1_15' title="bbox 104 1068 1483 1117; baseline 0.001 -13"><span class='ocrx_word' id='word_1_135' title='bbox 104 1080 167 1115; x_wconf 86' lang='lat' dir='ltr'><strong>pro</strong></span> <span class='ocrx_word' id='word_1_136' title='bbox 192 1079 286 1115; x_wconf 85' lang='lat' dir='ltr'><strong>aqua</strong></span> <span class='ocrx_word' id='word_1_137' title='bbox 319 1071 429 1104; x_wconf 83' lang='lat' dir='ltr'><strong>sancti</strong></span> <span class='ocrx_word' id='word_1_138' title='bbox 461 1068 618 1104; x_wconf 88' lang='lat' dir='ltr'><strong>Thomae</strong></span> <span class='ocrx_word' id='word_1_139' title='bbox 652 1070 789 1105; x_wconf 89' lang='lat' dir='ltr'><strong>domino</strong></span> <span class='ocrx_word' id='word_1_140' title='bbox 826 1082 888 1117; x_wconf 82' lang='lat' dir='ltr'><strong>suo</strong></span> <span class='ocrx_word' id='word_1_141' title='bbox 914 1073 948 1105; x_wconf 94' lang='lat' dir='ltr'><strong>in</strong></span> <span class='ocrx_word' id='word_1_142' title='bbox 974 1071 1094 1116; x_wconf 80' lang='lat' dir='ltr'><strong>pixide</strong></span> <span class='ocrx_word' id='word_1_143' title='bbox 1121 1071 1247 1106; x_wconf 87' lang='lat' dir='ltr'><strong>obtulit</strong></span> <span class='ocrx_word' id='word_1_144' title='bbox 1272 1074 1483 1109; x_wconf 76' lang='lat' dir='ltr'><strong>convivanti,</strong></span> 
     </span>
     <span class='ocr_line' id='line_1_16' title="bbox 103 1135 1485 1181; baseline 0.002 -12"><span class='ocrx_word' id='word_1_145' title='bbox 103 1137 158 1169; x_wconf 87' lang='lat' dir='ltr'><strong>eui</strong></span> <span class='ocrx_word' id='word_1_146' title='bbox 181 1135 338 1170; x_wconf 90' lang='lat' dir='ltr'><strong>dominus</strong></span> <span class='ocrx_word' id='word_1_147' title='bbox 362 1137 429 1170; x_wconf 85' lang='lat' dir='ltr'><strong>ait:</strong></span> <span class='ocrx_word' id='word_1_148' title='bbox 469 1137 499 1169; x_wconf 86' lang='lat' dir='ltr'><strong>si</strong></span> <span class='ocrx_word' id='word_1_149' title='bbox 525 1135 571 1169; x_wconf 85' lang='lat' dir='ltr'><strong>nil</strong></span> <span class='ocrx_word' id='word_1_150' title='bbox 590 1145 737 1181; x_wconf 90' lang='lat' dir='ltr'><strong>unquam</strong></span> <span class='ocrx_word' id='word_1_151' title='bbox 766 1136 899 1171; x_wconf 88' lang='lat' dir='ltr'><strong>furatus</strong></span> <span class='ocrx_word' id='word_1_152' title='bbox 927 1137 1022 1172; x_wconf 90' lang='lat' dir='ltr'><strong>fuisti</strong></span> <span class='ocrx_word' id='word_1_153' title='bbox 1049 1137 1144 1180; x_wconf 89' lang='lat' dir='ltr'><strong>mihi,</strong></span> <span class='ocrx_word' id='word_1_154' title='bbox 1172 1141 1312 1171; x_wconf 81' lang='lat' dir='ltr'><strong>sanctus</strong></span> <span class='ocrx_word' id='word_1_155' title='bbox 1331 1137 1485 1175; x_wconf 77' lang='lat' dir='ltr'><strong>Thomas</strong></span> 
     </span>
     <span class='ocr_line' id='line_1_17' title="bbox 104 1199 1485 1248; baseline 0.001 -12"><span class='ocrx_word' id='word_1_156' title='bbox 104 1211 229 1247; x_wconf 85' lang='lat' dir='ltr'><strong>aquam</strong></span> <span class='ocrx_word' id='word_1_157' title='bbox 253 1200 320 1235; x_wconf 85' lang='lat' dir='ltr'><strong>hue</strong></span> <span class='ocrx_word' id='word_1_158' title='bbox 341 1204 376 1234; x_wconf 88' lang='lat' dir='ltr'><strong>te</strong></span> <span class='ocrx_word' id='word_1_159' title='bbox 402 1199 540 1236; x_wconf 85' lang='lat' dir='ltr'><strong>deferre</strong></span> <span class='ocrx_word' id='word_1_160' title='bbox 565 1203 761 1245; x_wconf 87' lang='lat' dir='ltr'><strong>permittat,</strong></span> <span class='ocrx_word' id='word_1_161' title='bbox 789 1203 817 1235; x_wconf 92' lang='lat' dir='ltr'><strong>si</strong></span> <span class='ocrx_word' id='word_1_162' title='bbox 844 1206 957 1237; x_wconf 86' lang='lat' dir='ltr'><strong>autem</strong></span> <span class='ocrx_word' id='word_1_163' title='bbox 985 1214 1063 1239; x_wconf 89' lang='lat' dir='ltr'><strong>reus</strong></span> <span class='ocrx_word' id='word_1_164' title='bbox 1092 1204 1173 1237; x_wconf 88' lang='lat' dir='ltr'><strong>furti</strong></span> <span class='ocrx_word' id='word_1_165' title='bbox 1200 1214 1256 1245; x_wconf 87' lang='lat' dir='ltr'><strong>es,</strong></span> <span class='ocrx_word' id='word_1_166' title='bbox 1290 1213 1382 1248; x_wconf 88' lang='lat' dir='ltr'><strong>aqua</strong></span> <span class='ocrx_word' id='word_1_167' title='bbox 1408 1205 1485 1248; x_wconf 87' lang='lat' dir='ltr'><strong>ipsa</strong></span> 
     </span>
     <span class='ocr_line' id='line_1_18' title="bbox 104 1267 1486 1314; baseline 0.002 -14"><span class='ocrx_word' id='word_1_168' title='bbox 104 1268 262 1312; x_wconf 87' lang='lat' dir='ltr'><strong>protinus</strong></span> <span class='ocrx_word' id='word_1_169' title='bbox 287 1270 485 1302; x_wconf 80' lang='lat' dir='ltr'><strong>evanescat.</strong></span> <span class='ocrx_word' id='word_1_170' title='bbox 542 1267 627 1301; x_wconf 86' lang='lat' dir='ltr'><strong>Huic</strong></span> <span class='ocrx_word' id='word_1_171' title='bbox 652 1268 760 1313; x_wconf 77' lang='lat' dir='ltr'><strong>igitur</strong></span> <span class='ocrx_word' id='word_1_172' title='bbox 781 1268 873 1302; x_wconf 83' lang='lat' dir='ltr'><strong>dieto</strong></span> <span class='ocrx_word' id='word_1_173' title='bbox 898 1271 1074 1304; x_wconf 77' lang='lat' dir='ltr'><strong>consensit</strong></span> <span class='ocrx_word' id='word_1_174' title='bbox 1095 1271 1230 1310; x_wconf 79' lang='lat' dir='ltr'><strong>sciens,</strong></span> <span class='ocrx_word' id='word_1_175' title='bbox 1280 1269 1372 1314; x_wconf 89' lang='lat' dir='ltr'><strong>quod</strong></span> <span class='ocrx_word' id='word_1_176' title='bbox 1398 1271 1486 1314; x_wconf 14' lang='lat' dir='ltr'><strong>pixis</strong></span> 
     </span>
     <span class='ocr_line' id='line_1_19' title="bbox 105 1332 1488 1379; baseline 0.001 -13"><span class='ocrx_word' id='word_1_177' title='bbox 105 1332 181 1367; x_wconf 87' lang='lat' dir='ltr'><strong>dem</strong></span> <span class='ocrx_word' id='word_1_178' title='bbox 207 1342 301 1377; x_wconf 86' lang='lat' dir='ltr'><strong>aqua</strong></span> <span class='ocrx_word' id='word_1_179' title='bbox 325 1343 436 1377; x_wconf 82' lang='lat' dir='ltr'><strong>nuper</strong></span> <span class='ocrx_word' id='word_1_180' title='bbox 460 1332 651 1377; x_wconf 86' lang='lat' dir='ltr'><strong>implesset.</strong></span> <span class='ocrx_word' id='word_1_181' title='bbox 691 1332 784 1367; x_wconf 82' lang='lat' dir='ltr'><strong>Mira</strong></span> <span class='ocrx_word' id='word_1_182' title='bbox 802 1344 870 1368; x_wconf 82' lang='lat' dir='ltr'><strong>res.</strong></span> <span class='ocrx_word' id='word_1_183' title='bbox 905 1334 1060 1369; x_wconf 80' lang='lat' dir='ltr'><strong>Pixidem</strong></span> <span class='ocrx_word' id='word_1_184' title='bbox 1086 1335 1250 1368; x_wconf 82' lang='lat' dir='ltr'><strong>continuo</strong></span> <span class='ocrx_word' id='word_1_185' title='bbox 1276 1339 1488 1379; x_wconf 84' lang='lat' dir='ltr'><strong>aperuerunt</strong></span> 
     </span>
     <span class='ocr_line' id='line_1_20' title="bbox 106 1399 1489 1443; baseline 0.001 -12"><span class='ocrx_word' id='word_1_186' title='bbox 106 1401 141 1432; x_wconf 88' lang='lat' dir='ltr'><strong>et</strong></span> <span class='ocrx_word' id='word_1_187' title='bbox 168 1407 310 1432; x_wconf 82' lang='lat' dir='ltr'><strong>vacuam</strong></span> <span class='ocrx_word' id='word_1_188' title='bbox 335 1399 540 1432; x_wconf 87' lang='lat' dir='ltr'><strong>invenerunt</strong></span> <span class='ocrx_word' id='word_1_189' title='bbox 564 1399 682 1443; x_wconf 83' lang='lat' dir='ltr'><strong>sieque</strong></span> <span class='ocrx_word' id='word_1_190' title='bbox 709 1400 865 1433; x_wconf 87' lang='lat' dir='ltr'><strong>serviens</strong></span> <span class='ocrx_word' id='word_1_191' title='bbox 891 1400 924 1433; x_wconf 91' lang='lat' dir='ltr'><strong>in</strong></span> <span class='ocrx_word' id='word_1_192' title='bbox 951 1399 1129 1433; x_wconf 82' lang='lat' dir='ltr'><strong>mendacio</strong></span> <span class='ocrx_word' id='word_1_193' title='bbox 1157 1401 1330 1443; x_wconf 86' lang='lat' dir='ltr'><strong>reperitur</strong></span> <span class='ocrx_word' id='word_1_194' title='bbox 1356 1404 1390 1434; x_wconf 89' lang='lat' dir='ltr'><strong>et</strong></span> <span class='ocrx_word' id='word_1_195' title='bbox 1407 1400 1489 1434; x_wconf 85' lang='lat' dir='ltr'><strong>furti</strong></span> 
     </span>
     <span class='ocr_line' id='line_1_21' title="bbox 105 1462 1490 1510; baseline 0.001 -13"><span class='ocrx_word' id='word_1_196' title='bbox 105 1474 184 1497; x_wconf 88' lang='lat' dir='ltr'><strong>reus</strong></span> <span class='ocrx_word' id='word_1_197' title='bbox 210 1462 404 1498; x_wconf 87' lang='lat' dir='ltr'><strong>evidentius</strong></span> <span class='ocrx_word' id='word_1_198' title='bbox 427 1462 654 1507; x_wconf 82' lang='lat' dir='ltr'><strong>approbatur.</strong></span> <span class='ocrx_word' id='word_1_199' title='bbox 679 1484 723 1489; x_wconf 86' lang='lat'><strong>-——</strong></span> <span class='ocrx_word' id='word_1_200' title='bbox 745 1485 788 1489; x_wconf 88' lang='lat'>—</span> <span class='ocrx_word' id='word_1_201' title='bbox 811 1466 856 1501; x_wconf 76' lang='lat'><strong>5.</strong></span> <span class='ocrx_word' id='word_1_202' title='bbox 882 1465 967 1499; x_wconf 76' lang='lat' dir='ltr'><strong>Avis</strong></span> <span class='ocrx_word' id='word_1_203' title='bbox 995 1464 1164 1510; x_wconf 87' lang='lat' dir='ltr'><strong>quaedam</strong></span> <span class='ocrx_word' id='word_1_204' title='bbox 1190 1466 1303 1498; x_wconf 80' lang='lat' dir='ltr'><strong>sciens</strong></span> <span class='ocrx_word' id='word_1_205' title='bbox 1329 1469 1363 1499; x_wconf 90' lang='lat' dir='ltr'><strong>et</strong></span> <span class='ocrx_word' id='word_1_206' title='bbox 1387 1465 1490 1499; x_wconf 71' lang='lat' dir='ltr'><strong>docta</strong></span> 
     </span>
     <span class='ocr_line' id='line_1_22' title="bbox 106 1529 1487 1574; baseline 0.001 -12"><span class='ocrx_word' id='word_1_207' title='bbox 106 1530 216 1574; x_wconf 86' lang='lat' dir='ltr'><strong>loqui,</strong></span> <span class='ocrx_word' id='word_1_208' title='bbox 243 1538 318 1563; x_wconf 88' lang='lat' dir='ltr'><strong>cum</strong></span> <span class='ocrx_word' id='word_1_209' title='bbox 342 1529 438 1562; x_wconf 90' lang='lat' dir='ltr'><strong>nisus</strong></span> <span class='ocrx_word' id='word_1_210' title='bbox 464 1537 538 1562; x_wconf 87' lang='lat' dir='ltr'><strong>eam</strong></span> <span class='ocrx_word' id='word_1_211' title='bbox 565 1529 822 1573; x_wconf 69' lang='lat' dir='ltr'><strong>insequeretur,</strong></span> <span class='ocrx_word' id='word_1_212' title='bbox 849 1531 937 1563; x_wconf 78' lang='lat' dir='ltr'><strong>sicut</strong></span> <span class='ocrx_word' id='word_1_213' title='bbox 965 1529 1148 1566; x_wconf 75' lang='lat' dir='ltr'><strong>didicerat,</strong></span> <span class='ocrx_word' id='word_1_214' title='bbox 1176 1531 1291 1574; x_wconf 82' lang='lat' dir='ltr'><strong>eoepit</strong></span> <span class='ocrx_word' id='word_1_215' title='bbox 1317 1530 1487 1565; x_wconf 71' lang='lat' dir='ltr'><strong>clamare:</strong></span> 
     </span>
     <span class='ocr_line' id='line_1_23' title="bbox 106 1591 1489 1638; baseline 0 -9"><span class='ocrx_word' id='word_1_216' title='bbox 106 1598 224 1629; x_wconf 80' lang='lat' dir='ltr'><strong>sancte</strong></span> <span class='ocrx_word' id='word_1_217' title='bbox 247 1592 383 1628; x_wconf 87' lang='lat' dir='ltr'><strong>Thoma</strong></span> <span class='ocrx_word' id='word_1_218' title='bbox 410 1591 541 1638; x_wconf 86' lang='lat' dir='ltr'><strong>adjuva</strong></span> <span class='ocrx_word' id='word_1_219' title='bbox 565 1604 617 1628; x_wconf 88' lang='lat' dir='ltr'><strong>me</strong></span> <span class='ocrx_word' id='word_1_220' title='bbox 634 1621 641 1635; x_wconf 93' lang='lat'>‚</span> <span class='ocrx_word' id='word_1_221' title='bbox 689 1599 723 1629; x_wconf 85' lang='lat' dir='ltr'><strong>et</strong></span> <span class='ocrx_word' id='word_1_222' title='bbox 750 1596 866 1627; x_wconf 84' lang='lat' dir='ltr'><strong>statim</strong></span> <span class='ocrx_word' id='word_1_223' title='bbox 902 1597 997 1628; x_wconf 88' lang='lat' dir='ltr'><strong>nisus</strong></span> <span class='ocrx_word' id='word_1_224' title='bbox 1031 1594 1155 1629; x_wconf 73' lang='lat' dir='ltr'><strong>cecidit</strong></span> <span class='ocrx_word' id='word_1_225' title='bbox 1188 1599 1342 1629; x_wconf 80' lang='lat' dir='ltr'><strong>mortuus</strong></span> <span class='ocrx_word' id='word_1_226' title='bbox 1368 1600 1401 1630; x_wconf 84' lang='lat' dir='ltr'><strong>et</strong></span> <span class='ocrx_word' id='word_1_227' title='bbox 1428 1596 1489 1629; x_wconf 78' lang='lat' dir='ltr'><strong>illa</strong></span> 
     </span>
     <span class='ocr_line' id='line_1_24' title="bbox 106 1658 1487 1704; baseline 0 -10"><span class='ocrx_word' id='word_1_228' title='bbox 106 1660 230 1694; x_wconf 87' lang='lat' dir='ltr'><strong>evasit.</strong></span> <span class='ocrx_word' id='word_1_229' title='bbox 255 1679 300 1684; x_wconf 93' lang='lat'><strong>-—</strong></span> <span class='ocrx_word' id='word_1_230' title='bbox 325 1679 370 1684; x_wconf 82' lang='lat'><strong>-—-</strong></span> <span class='ocrx_word' id='word_1_231' title='bbox 403 1662 451 1696; x_wconf 76' lang='grc'><strong>6.</strong></span> <span class='ocrx_word' id='word_1_232' title='bbox 479 1658 647 1700; x_wconf 84' lang='lat' dir='ltr'><strong>Quidam,</strong></span> <span class='ocrx_word' id='word_1_233' title='bbox 697 1669 796 1704; x_wconf 88' lang='lat' dir='ltr'><strong>quem</strong></span> <span class='ocrx_word' id='word_1_234' title='bbox 825 1664 965 1694; x_wconf 77' lang='lat' dir='ltr'><strong>sanetus</strong></span> <span class='ocrx_word' id='word_1_235' title='bbox 992 1659 1145 1694; x_wconf 81' lang='lat' dir='ltr'><strong>Thomas</strong></span> <span class='ocrx_word' id='word_1_236' title='bbox 1175 1660 1277 1694; x_wconf 86' lang='lat' dir='ltr'><strong>valde</strong></span> <span class='ocrx_word' id='word_1_237' title='bbox 1303 1660 1487 1703; x_wconf 79' lang='lat' dir='ltr'><strong>dilexerat,</strong></span> 
     </span>
     <span class='ocr_line' id='line_1_25' title="bbox 105 1723 1490 1771; baseline 0.001 -12"><span class='ocrx_word' id='word_1_238' title='bbox 105 1736 179 1759; x_wconf 81' lang='lat' dir='ltr'><strong>eum</strong></span> <span class='ocrx_word' id='word_1_239' title='bbox 204 1725 362 1770; x_wconf 84' lang='lat' dir='ltr'><strong>graviter</strong></span> <span class='ocrx_word' id='word_1_240' title='bbox 385 1723 635 1767; x_wconf 81' lang='lat' dir='ltr'><strong>infirmaretur,</strong></span> <span class='ocrx_word' id='word_1_241' title='bbox 662 1727 725 1758; x_wconf 91' lang='lat' dir='ltr'><strong>ivit</strong></span> <span class='ocrx_word' id='word_1_242' title='bbox 749 1725 793 1759; x_wconf 88' lang='lat' dir='ltr'><strong>ad</strong></span> <span class='ocrx_word' id='word_1_243' title='bbox 819 1727 895 1770; x_wconf 84' lang='lat' dir='ltr'><strong>ejus</strong></span> <span class='ocrx_word' id='word_1_244' title='bbox 923 1725 1073 1759; x_wconf 84' lang='lat' dir='ltr'><strong>tumbam</strong></span> <span class='ocrx_word' id='word_1_245' title='bbox 1101 1730 1135 1761; x_wconf 88' lang='lat' dir='ltr'><strong>et</strong></span> <span class='ocrx_word' id='word_1_246' title='bbox 1160 1737 1222 1771; x_wconf 90' lang='lat' dir='ltr'><strong>pro</strong></span> <span class='ocrx_word' id='word_1_247' title='bbox 1249 1727 1399 1761; x_wconf 86' lang='lat' dir='ltr'><strong>sanitate</strong></span> <span class='ocrx_word' id='word_1_248' title='bbox 1425 1737 1490 1761; x_wconf 86' lang='lat' dir='ltr'><strong>sua</strong></span> 
     </span>
     <span class='ocr_line' id='line_1_26' title="bbox 106 1788 1489 1837; baseline 0.001 -13"><span class='ocrx_word' id='word_1_249' title='bbox 106 1791 247 1837; x_wconf 83' lang='lat' dir='ltr'><strong>rogavit</strong></span> <span class='ocrx_word' id='word_1_250' title='bbox 270 1793 305 1825; x_wconf 87' lang='lat' dir='ltr'><strong>et</strong></span> <span class='ocrx_word' id='word_1_251' title='bbox 328 1788 372 1823; x_wconf 82' lang='lat' dir='ltr'><strong>ad</strong></span> <span class='ocrx_word' id='word_1_252' title='bbox 396 1789 529 1823; x_wconf 90' lang='lat' dir='ltr'><strong>lihitum</strong></span> <span class='ocrx_word' id='word_1_253' title='bbox 556 1792 766 1836; x_wconf 85' lang='lat' dir='ltr'><strong>impetravit.</strong></span> <span class='ocrx_word' id='word_1_254' title='bbox 814 1791 883 1826; x_wconf 88' lang='lat' dir='ltr'><strong>Sed</strong></span> <span class='ocrx_word' id='word_1_255' title='bbox 907 1802 981 1825; x_wconf 75' lang='lat' dir='ltr'><strong>rum</strong></span> <span class='ocrx_word' id='word_1_256' title='bbox 1007 1795 1151 1826; x_wconf 85' lang='lat' dir='ltr'><strong>sanatus</strong></span> <span class='ocrx_word' id='word_1_257' title='bbox 1178 1791 1329 1834; x_wconf 82' lang='lat' dir='ltr'><strong>rediret,</strong></span> <span class='ocrx_word' id='word_1_258' title='bbox 1372 1794 1489 1837; x_wconf 86' lang='lat' dir='ltr'><strong>eoepit</strong></span> 
     </span>
     <span class='ocr_line' id='line_1_27' title="bbox 105 1854 1488 1902; baseline 0.001 -11"><span class='ocrx_word' id='word_1_259' title='bbox 105 1857 285 1902; x_wconf 74' lang='lat' dir='ltr'><strong>cogitare,</strong></span> <span class='ocrx_word' id='word_1_260' title='bbox 335 1854 428 1901; x_wconf 89' lang='lat' dir='ltr'><strong>quod</strong></span> <span class='ocrx_word' id='word_1_261' title='bbox 466 1855 527 1890; x_wconf 86' lang='lat' dir='ltr'><strong>illa</strong></span> <span class='ocrx_word' id='word_1_262' title='bbox 559 1858 697 1890; x_wconf 86' lang='lat' dir='ltr'><strong>sanatio</strong></span> <span class='ocrx_word' id='word_1_263' title='bbox 733 1858 867 1891; x_wconf 87' lang='lat' dir='ltr'><strong>animae</strong></span> <span class='ocrx_word' id='word_1_264' title='bbox 901 1867 986 1892; x_wconf 86' lang='lat' dir='ltr'><strong>suae</strong></span> <span class='ocrx_word' id='word_1_265' title='bbox 1023 1857 1169 1891; x_wconf 78' lang='lat' dir='ltr'><strong>forsitan</strong></span> <span class='ocrx_word' id='word_1_266' title='bbox 1204 1868 1271 1891; x_wconf 90' lang='lat' dir='ltr'><strong>non</strong></span> <span class='ocrx_word' id='word_1_267' title='bbox 1296 1858 1488 1902; x_wconf 78' lang='lat' dir='ltr'><strong>expediret.</strong></span> 
     </span>
     <span class='ocr_line' id='line_1_28' title="bbox 109 1920 1490 1966; baseline -0.001 -8"><span class='ocrx_word' id='word_1_268' title='bbox 109 1921 202 1958; x_wconf 79' lang='lat' dir='ltr'><strong>Unde</strong></span> <span class='ocrx_word' id='word_1_269' title='bbox 236 1923 357 1956; x_wconf 88' lang='lat' dir='ltr'><strong>iterum</strong></span> <span class='ocrx_word' id='word_1_270' title='bbox 392 1920 531 1956; x_wconf 89' lang='lat' dir='ltr'><strong>rediens</strong></span> <span class='ocrx_word' id='word_1_271' title='bbox 564 1920 607 1956; x_wconf 89' lang='lat' dir='ltr'><strong>ad</strong></span> <span class='ocrx_word' id='word_1_272' title='bbox 644 1921 862 1966; x_wconf 78' lang='lat' dir='ltr'><strong>sepulchrum</strong></span> <span class='ocrx_word' id='word_1_273' title='bbox 892 1925 1022 1965; x_wconf 76' lang='lat' dir='ltr'><strong>oravit,</strong></span> <span class='ocrx_word' id='word_1_274' title='bbox 1077 1928 1111 1956; x_wconf 93' lang='lat' dir='ltr'><strong>ut</strong></span> <span class='ocrx_word' id='word_1_275' title='bbox 1136 1924 1165 1957; x_wconf 84' lang='lat' dir='ltr'><strong>si</strong></span> <span class='ocrx_word' id='word_1_276' title='bbox 1191 1934 1258 1957; x_wconf 89' lang='lat' dir='ltr'><strong>non</strong></span> <span class='ocrx_word' id='word_1_277' title='bbox 1284 1927 1378 1957; x_wconf 87' lang='lat' dir='ltr'><strong>esset</strong></span> <span class='ocrx_word' id='word_1_278' title='bbox 1407 1924 1490 1957; x_wconf 89' lang='lat' dir='ltr'><strong>utile</strong></span> 
     </span>
     <span class='ocr_line' id='line_1_29' title="bbox 108 1988 1489 2034; baseline 0 -12"><span class='ocrx_word' id='word_1_279' title='bbox 108 1989 242 2023; x_wconf 83' lang='lat' dir='ltr'><strong>animae</strong></span> <span class='ocrx_word' id='word_1_280' title='bbox 265 1996 370 2028; x_wconf 88' lang='lat' dir='ltr'><strong>suae,</strong></span> <span class='ocrx_word' id='word_1_281' title='bbox 404 1988 566 2021; x_wconf 82' lang='lat' dir='ltr'><strong>continuo</strong></span> <span class='ocrx_word' id='word_1_282' title='bbox 593 1988 772 2021; x_wconf 81' lang='lat' dir='ltr'><strong>infirmitas</strong></span> <span class='ocrx_word' id='word_1_283' title='bbox 799 1990 876 2032; x_wconf 85' lang='lat' dir='ltr'><strong>ipsa</strong></span> <span class='ocrx_word' id='word_1_284' title='bbox 902 1989 1051 2031; x_wconf 66' lang='lat' dir='ltr'><strong>rediret,</strong></span> <span class='ocrx_word' id='word_1_285' title='bbox 1096 1990 1282 2034; x_wconf 84' lang='lat' dir='ltr'><strong>statimque</strong></span> <span class='ocrx_word' id='word_1_286' title='bbox 1310 1989 1489 2022; x_wconf 82' lang='lat' dir='ltr'><strong>infirmitas</strong></span> 
     </span>
     <span class='ocr_line' id='line_1_30' title="bbox 108 2051 1489 2097; baseline 0 -8"><span class='ocrx_word' id='word_1_287' title='bbox 108 2053 211 2089; x_wconf 90' lang='lat' dir='ltr'><strong>rediit</strong></span> <span class='ocrx_word' id='word_1_288' title='bbox 234 2053 323 2086; x_wconf 84' lang='lat' dir='ltr'><strong>sieut</strong></span> <span class='ocrx_word' id='word_1_289' title='bbox 347 2053 454 2096; x_wconf 86' lang='lat' dir='ltr'><strong>priuS.</strong></span> <span class='ocrx_word' id='word_1_290' title='bbox 527 2051 563 2086; x_wconf 90' lang='lat' dir='ltr'><strong>In</strong></span> <span class='ocrx_word' id='word_1_291' title='bbox 590 2054 666 2097; x_wconf 86' lang='lat' dir='ltr'><strong>ejus</strong></span> <span class='ocrx_word' id='word_1_292' title='bbox 701 2058 815 2089; x_wconf 85' lang='lat' dir='ltr'><strong>autem</strong></span> <span class='ocrx_word' id='word_1_293' title='bbox 842 2053 1084 2089; x_wconf 71' lang='lat' dir='ltr'><strong>interfectores</strong></span> <span class='ocrx_word' id='word_1_294' title='bbox 1113 2055 1196 2088; x_wconf 83' lang='lat' dir='ltr'><strong>ultio</strong></span> <span class='ocrx_word' id='word_1_295' title='bbox 1222 2054 1339 2088; x_wconf 82' lang='lat' dir='ltr'><strong>divina</strong></span> <span class='ocrx_word' id='word_1_296' title='bbox 1366 2054 1489 2089; x_wconf 58' lang='lat' dir='ltr'><strong>desae&gt;</strong></span> 
     </span>
     <span class='ocr_line' id='line_1_31' title="bbox 111 2116 1491 2164; baseline 0 -11"><span class='ocrx_word' id='word_1_297' title='bbox 111 2121 184 2161; x_wconf 76' lang='lat' dir='ltr'><strong>viii,</strong></span> <span class='ocrx_word' id='word_1_298' title='bbox 208 2122 243 2152; x_wconf 89' lang='lat' dir='ltr'><strong>ut</strong></span> <span class='ocrx_word' id='word_1_299' title='bbox 263 2117 322 2151; x_wconf 91' lang='lat' dir='ltr'><strong>alii</strong></span> <span class='ocrx_word' id='word_1_300' title='bbox 338 2116 468 2163; x_wconf 84' lang='lat' dir='ltr'><strong>digitos</strong></span> <span class='ocrx_word' id='word_1_301' title='bbox 494 2117 654 2152; x_wconf 82' lang='lat' dir='ltr'><strong>dentibus</strong></span> <span class='ocrx_word' id='word_1_302' title='bbox 680 2121 752 2153; x_wconf 81' lang='lat' dir='ltr'><strong>suis</strong></span> <span class='ocrx_word' id='word_1_303' title='bbox 780 2119 951 2153; x_wconf 75' lang='lat' dir='ltr'><strong>frustatim</strong></span> <span class='ocrx_word' id='word_1_304' title='bbox 978 2119 1228 2164; x_wconf 80' lang='lat' dir='ltr'><strong>discerpentes,</strong></span> <span class='ocrx_word' id='word_1_305' title='bbox 1256 2120 1366 2164; x_wconf 64' lang='lat' dir='ltr'><strong>alii2)</strong></span> <span class='ocrx_word' id='word_1_306' title='bbox 1393 2121 1491 2153; x_wconf 88' lang='lat' dir='ltr'><strong>sanie</strong></span> 
     </span>
     <span class='ocr_line' id='line_1_32' title="bbox 108 2182 1490 2229; baseline -0.001 -10"><span class='ocrx_word' id='word_1_307' title='bbox 108 2185 318 2225; x_wconf 84' lang='lat' dir='ltr'><strong>defluentes,</strong></span> <span class='ocrx_word' id='word_1_308' title='bbox 358 2182 417 2217; x_wconf 89' lang='lat' dir='ltr'><strong>alii</strong></span> <span class='ocrx_word' id='word_1_309' title='bbox 444 2183 588 2229; x_wconf 81' lang='lat' dir='ltr'><strong>paralisi</strong></span> <span class='ocrx_word' id='word_1_310' title='bbox 616 2183 796 2219; x_wconf 81' lang='lat' dir='ltr'><strong>dissoluti.</strong></span> <span class='ocrx_word' id='word_1_311' title='bbox 841 2185 897 2220; x_wconf 77' lang='lat' dir='ltr'><strong>alii</strong></span> <span class='ocrx_word' id='word_1_312' title='bbox 925 2189 1078 2219; x_wconf 77' lang='lat' dir='ltr'><strong>amentes</strong></span> <span class='ocrx_word' id='word_1_313' title='bbox 1105 2186 1215 2219; x_wconf 61' lang='lat' dir='ltr'><strong>effecti</strong></span> <span class='ocrx_word' id='word_1_314' title='bbox 1243 2184 1490 2220; x_wconf 82' lang='lat' dir='ltr'><strong>miserabiliter</strong></span> 
     </span>
     <span class='ocr_line' id='line_1_33' title="bbox 107 2251 298 2284; baseline 0.005 -2"><span class='ocrx_word' id='word_1_315' title='bbox 107 2251 298 2284; x_wconf 84' lang='lat' dir='ltr'><strong>interirent.</strong></span> 
     </span>
    </p>
   </div>
   <div class='ocr_carea' id='block_1_3' title="bbox 111 2393 1493 2473">
    <p class='ocr_par' dir='ltr' id='par_1_3' title="bbox 111 2393 1493 2473">
     <span class='ocr_line' id='line_1_34' title="bbox 193 2393 1493 2429; baseline -0.001 -8"><span class='ocrx_word' id='word_1_316' title='bbox 193 2395 221 2427; x_wconf 80' lang='grc'><strong>1)</strong></span> <span class='ocrx_word' id='word_1_317' title='bbox 240 2394 340 2420; x_wconf 81' lang='lat' dir='ltr'><strong>Verba</strong></span> <span class='ocrx_word' id='word_1_318' title='bbox 365 2403 475 2429; x_wconf 78' lang='lat' dir='ltr'><strong>porro</strong></span> <span class='ocrx_word' id='word_1_319' title='bbox 496 2410 525 2416; x_wconf 92' lang='lat'><strong>—-</strong></span> <span class='ocrx_word' id='word_1_320' title='bbox 547 2396 734 2422; x_wconf 65' lang='lat' dir='ltr'><strong>modelam</strong></span> <span class='ocrx_word' id='word_1_321' title='bbox 762 2397 871 2423; x_wconf 60' lang='lat' dir='ltr'><strong>enituit</strong></span> <span class='ocrx_word' id='word_1_322' title='bbox 900 2396 951 2422; x_wconf 63' lang='lat' dir='ltr'><strong>tid.</strong></span> <span class='ocrx_word' id='word_1_323' title='bbox 971 2395 1075 2424; x_wconf 50' lang='lat' dir='ltr'><strong>Ure-:th</strong></span> <span class='ocrx_word' id='word_1_324' title='bbox 1100 2398 1174 2422; x_wconf 54' lang='grc'><strong>[473.</strong></span> <span class='ocrx_word' id='word_1_325' title='bbox 1254 2396 1278 2427; x_wconf 71' lang='lat'><strong>2)</strong></span> <span class='ocrx_word' id='word_1_326' title='bbox 1300 2393 1350 2421; x_wconf 63' lang='lat' dir='ltr'><strong>[il.</strong></span> <span class='ocrx_word' id='word_1_327' title='bbox 1373 2396 1493 2420; x_wconf 59' lang='lat' dir='ltr'><strong>[teuent.</strong></span> 
     </span>
     <span class='ocr_line' id='line_1_35' title="bbox 111 2437 760 2473; baseline 0 -7"><span class='ocrx_word' id='word_1_328' title='bbox 111 2438 187 2466; x_wconf 74' lang='lat' dir='ltr'><strong>male</strong></span> <span class='ocrx_word' id='word_1_329' title='bbox 207 2437 377 2473; x_wconf 78' lang='lat' dir='ltr'><strong>praeferunt</strong></span> <span class='ocrx_word' id='word_1_330' title='bbox 396 2438 487 2466; x_wconf 80' lang='lat' dir='ltr'><strong>fame</strong></span> <span class='ocrx_word' id='word_1_331' title='bbox 508 2439 760 2466; x_wconf 62' lang='lat' dir='ltr'><strong>diffluentes.</strong></span> 
     </span>
    </p>
   </div>
  </div>
 </body>
</html>
