1742 3005
137 89 232 136 Καρ.
265 85 516 124 CXXXVIII.
577 86 637 123 De
669 94 798 125 sancto
829 87 1002 127 Johanne
1034 89 1317 138 Chrysostonio.
1377 91 1458 131 (5¹5

70 191 281 226 Severianus
316 188 526 225 Gabalcnsls
560 193 749 239 episcopus
775 193 994 229 honorabilis
1019 195 1112 240 apud
1139 195 1266 230 multos
1291 206 1458 240 proceres

70 260 103 291 et
129 255 172 290 ab
200 257 280 300 ipso
306 257 517 300 Imperatore
544 262 578 292 et
601 259 764 305 Augusta
789 260 929 294 multum
949 260 1097 296 dilectus
1118 262 1456 306 Constantinopolim

70 323 163 357 venit
181 326 216 356 et
232 331 253 355 a
268 321 428 356 Johanne
446 327 628 368 gratanter
639 329 806 369 acceptus
827 330 892 367 est,
920 337 1065 371 cumque
1083 327 1263 362 Johanues
1285 327 1456 362 in—Asiam

67 389 304 433 perrexisset,
342 398 438 421 suam
474 388 584 423 eidem
617 389 799 424 ecclesiam
838 391 1101 424 commendavit.
1151 392 1213 426 lile
1248 396 1454 427 autemnon

66 453 218 488 fideliter
244 452 456 494 ambulabat,
483 453 545 488 sed
566 457 787 498 semetipsum
808 455 938 499 populo
958 455 1234 490 commendabat.
1283 457 1455 501 Serapion

65 523 180 553 autem
212 519 360 553 clericus
386 518 557 553 Johannis
592 518 658 553 hoc
686 519 836 554 Johanni
863 519 995 553 studuit
1020 522 1192 556 nuntiare.
1242 521 1455 555 Transeunti

65 590 179 619 autem
201 584 391 618 Severiano
412 594 480 617 uon
504 585 699 618 assurrexit
715 585 900 629 Sci-apion,
928 585 987 620 ille
1007 589 1121 620 autem
1147 586 1352 632 indignatus
1379 586 1454 620 cla-

64 652 186 685 mavit:
219 651 248 683 si
283 648 458 693 Serapion
493 648 643 683 clericus
679 660 748 683 uon
785 654 940 685 mortuus
973 650 1098 693 suerit,
1136 651 1298 687 Christus
1323 654 1359 686 in
1387 652 1453 687 hu-

64 725 164 750 mana.
188 718 314 749 natura
336 719 438 749 natus
463 726 532 749 non
557 719 621 750 est.
670 715 762 750 llaec
788 716 934 750 audiens
959 716 1140 752 Johannes
1165 718 1270 752 rediit
1287 722 1321 753 et
1339 720 1451 763 ipsum

62 786 235 827 tamquam
267 779 510 825 blasphemum
545 780 588 816 de
623 782 765 816 civitate
805 783 921 827 ejecit.
971 782 1069 822 Quod
1105 783 1287 830 Augustae
1312 784 1452 818 multum

54 847 243 892 displicuit
275 850 310 881 et
335 847 446 890 ipsum
473 848 615 881 evocari
639 846 724 881 fecit
748 858 878 892 rogans
905 846 1097 883 Johannem
1124 849 1193 882 sibi
1218 850 1450 891 reconciliari,

62 914 121 958 qui
145 904 344 946 nullatenus
371 913 569 957 acquievit,
606 911 716 946 donee
748 913 912 957 Augusta
948 912 1053 946 lilium
1088 924 1185 947 suum
1212 913 1452 948 Theodosium

62 980 138 1024 ejus
169 978 321 1024 genibus
353 978 564 1022 imponeret,
599 977 802 1022 supplicans
838 981 872 1011 et
905 979 1114 1023 conjurans,
1156 983 1193 1013 ut
1226 979 1451 1014 Severianum

57 1044 316 1095 =reconciliaret.
379 1042 508 1077 Eodem
551 1053 689 1088 quoquc
729 1047 888 1087 tempore
928 1043 1150 1088 Theophilus
1190 1044 1450 1079 Alexandrinus

59 1111 247 1155 episcopus
283 1108 496 1154 Dyoseorum
528 1111 637 1143 virum
669 1110 926 1143 sanctissimum
962 1114 997 1143 et
1031 1109 1213 1143 Ysidorum
1249 1111 1345 1154 prius
1381 1110 1450 1144 sibi

58 1176 306 1210 amicissimum
348 1175 480 1219 injuste
524 1175 640 1220 ejecit.
698 1174 763 1214 Qui
802 1174 1141 1219 Constantinopolim
1179 1180 1368 1216 venerunt,
1413 1180 1451 1210 ut

57 1241 208 1286 principi
234 1244 268 1275 et
290 1239 445 1276 Johanni
470 1250 512 1275 ea
538 1241 633 1275 sacta
658 1243 853 1274 narrarent,
901 1239 1081 1275 Johannes
1098 1244 1210 1275 autem
1230 1251 1291 1275 eos
1313 1241 1450 1286 quidem

57 1306 268 1349 honorabat,
295 1306 360 1341 sed
384 1311 465 1341 ante
483 1317 612 1341 causae
640 1306 875 1351 cognitionem
904 1316 978 1340 eum
1002 1307 1047 1340 ils
1064 1307 1277 1351 participare
1294 1306 1450 1340 nolebat.

56 1371 182 1407 Falsus
206 1376 323 1407 tamen
348 1383 465 1406 rumor
489 1371 535 1405 ad
560 1370 795 1415 Theophilum
825 1373 929 1413 venit,
956 1371 1047 1416 quod
1071 1371 1250 1406 Johannes
1276 1382 1351 1405 cum
1377 1372 1448 1406 illis

58 1438 329 1472 communicaret
353 1441 387 1472 ct
411 1439 454 1471 iis
479 1437 644 1471 auxilium
671 1437 791 1472 ferret.
839 1438 885 1472 At
906 1436 1127 1481 Theophilus
1152 1437 1356 1482 indignatus
1382 1448 1449 1470 non

58 1503 171 1538 solum
198 1504 231 1536 in
258 1503 340 1537 illos
366 1503 548 1537 vindictam
576 1514 763 1545 exercere,
799 1503 861 1538 sed
887 1502 1078 1538 Johannem
1107 1502 1284 1547 deponere
1312 1502 1449 1536 sortiter

58 1580 98 1605 se
131 1568 307 1606 armabat.
355 1569 481 1604 Celans
511 1571 621 1615 igitur
654 1570 878 1603 intentionem
914 1578 1009 1602 suam
1043 1569 1138 1601 misit
1162 1567 1205 1601 ad
1232 1568 1449 1613 singularum

58 1638 247 1682 episcopos
283 1637 461 1670 civitatum
503 1634 646 1677 dicens,
694 1644 733 1668 se
777 1633 942 1679 Origenis
982 1633 1074 1668 velle
1119 1633 1230 1667 libros
1270 1633 1450 1670 damnare.

57 1701 291 1747 Epiphanium
327 1711 466 1747 quoque
499 1701 699 1745 episcopum
727 1699 831 1745 Cypri
857 1701 966 1734 virum
992 1700 1250 1733 sanctissimum
1276 1703 1310 1733 et
1335 1699 1447 1732 samo-

57 1769 232 1802 sissimum
257 1767 484 1802 circumvenit
511 1769 546 1801 et
568 1766 714 1800 amicum
741 1765 825 1800 secit
849 1775 1001 1811 rogans,
1035 1769 1073 1799 ut
1108 1768 1143 1800 et
1176 1765 1254 1809 ipse
1286 1765 1450 1799 similiter

54 1833 167 1868 libros
192 1832 359 1880 Origenis
385 1832 576 1867 damnaret.
623 1830 843 1877 Epiphanius
869 1836 1015 1876 propter
1042 1831 1096 1864 sui
1128 1831 1346 1865 sanctitatem
1371 1831 1448 1875 ejus

56 1900 216 1934 l'allacIas
258 1910 328 1934 non
359 1898 545 1934 attendens
588 1897 681 1943 apud
713 1898 862 1943 Cyprum
893 1907 977 1931 suos
1015 1897 1207 1942 episcopos
1244 1897 1450 1931 convocavit

56 1968 91 2000 ct
113 1964 300 1998 lectionem
327 1963 492 2010 Origenis
515 1963 717 2006 interdixit,
752 1972 884 2008 rogans
908 1961 1101 1998 Johannem
1127 1973 1190 2007 per
1214 1963 1374 2005 litteras,
1410 1965 1450 1996 ut

55 2040 95 2065 se
118 2028 162 2064 ab
189 2027 312 2063 horum
345 2029 495 2063 lectione
521 2028 691 2062 librorum
715 2027 952 2072 suspenderet
983 2031 1035 2069 et,
1062 2037 1152 2071 quae
1178 2027 1344 2061 ordinata
1369 2027 1446 2060 sue-

55 2099 152 2138 rant,
184 2092 415 2128 confirmaret.
467 2092 649 2128 ,lohannes
684 2096 800 2126 autem
832 2091 900 2124 hoc
931 2091 1191 2135 parvipendens
1226 2092 1261 2124 in
1286 2091 1447 2124 doctrina

56 2161 301 2196 ecclesiastica
332 2157 522 2193 laborabat
555 2160 590 2192 et
622 2158 658 2191 in
691 2166 735 2191 ea
767 2155 918 2190 florebat
960 2154 1117 2200 nihilque
1161 2154 1203 2190 de
1241 2155 1314 2198 his,
1356 2165 1445 2201 quae

55 2232 180 2261 contra
210 2236 287 2260 eum
313 2223 581 2270 cogitabantur,
617 2222 776 2258 curabat.
823 2221 964 2256 Demum
993 2219 1215 2265 Theophilus
1244 2220 1360 2255 odium
1386 2220 1446 2255 diu

54 2293 204 2326 celatum
245 2289 486 2325 manifestavit
522 2292 558 2323 et
600 2298 639 2323 se
680 2287 772 2323 velle
811 2286 1005 2322 Johannem
1053 2285 1231 2331 deponere
1266 2286 1444 2321 indicavit.

54 2357 141 2393 Mox
176 2358 304 2391 inimici
342 2354 513 2390 Johannis
547 2354 716 2399 multique
748 2353 869 2388 clerici
901 2356 937 2387 et
964 2362 1132 2397 proceres
1158 2351 1284 2397 palatii
1310 2355 1446 2395 tempus

55 2426 287 2468 opportunum
314 2421 533 2455 invenientes
559 2419 782 2461 nitebantur,
807 2422 846 2452 ut
871 2421 994 2452 contra
1015 2417 1208 2453 Johannem
1235 2415 1327 2460 apud
1354 2415 1446 2450 Cou-

57 2488 320 2532 stantinopolim
353 2485 537 2521 consilium
570 2484 680 2519 fieret.
727 2483 813 2518 Post
846 2483 915 2517 hoc
952 2487 1065 2517 autem
1099 2481 1318 2527 Epiphanius
1352 2480 1446 2516 Con·

55 2553 318 2598 stantinopolim
351 2552 456 2592 venit,
484 2549 740 2584 damnationem
768 2548 935 2583 librorum
965 2547 1130 2593 Origenis
1170 2557 1286 2581 secum
1315 2547 1445 2602 serens,

55 2623 91 2654 et
127 2619 368 2654 invitationem
409 2615 581 2651 Johannis
631 2624 739 2649 causa
778 2613 972 2659 Theophili
1011 2612 1200 2648 declinavit
1236 2616 1272 2648 ct
1304 2612 1444 2658 quidam

55 2687 202 2730 propter
220 2665 409 2728 Epiphanii
430 2682 661 2718 reverentiam
683 2680 897 2715 damnationi
918 2679 1084 2714 libroruin
1104 2677 1271 2724 Origenis
1290 2678 1447 2712 subscri-
