<?xml version="1.0" encoding="UTF-8"?>
<!DOCTYPE html PUBLIC "-//W3C//DTD XHTML 1.0 Transitional//EN"
    "http://www.w3.org/TR/xhtml1/DTD/xhtml1-transitional.dtd">
<html xmlns="http://www.w3.org/1999/xhtml" xml:lang="en" lang="en">
 <head>
  <title>
</title>
<meta http-equiv="Content-Type" content="text/html;charset=utf-8" />
  <meta name='ocr-system' content='tesseract 3.04.00' />
  <meta name='ocr-capabilities' content='ocr_page ocr_carea ocr_par ocr_line ocrx_word'/>
</head>
<body>
  <div class='ocr_page' id='page_1' title='image "./legendaaureavulg00jacouoft_0378.png"; bbox 0 0 1742 3005; ppageno 0'>
   <div class='ocr_carea' id='block_1_1' title="bbox 294 49 1491 103">
    <p class='ocr_par' dir='ltr' id='par_1_1' title="bbox 294 49 1491 103">
     <span class='ocr_line' id='line_1_1' title="bbox 294 49 1491 103; baseline 0.006 -15"><span class='ocrx_word' id='word_1_1' title='bbox 294 49 376 90; x_wconf 86' lang='lat'>350</span> <span class='ocrx_word' id='word_1_2' title='bbox 489 52 584 103; x_wconf 79' lang='lat' dir='ltr'>Cap.</span> <span class='ocrx_word' id='word_1_3' title='bbox 608 52 800 90; x_wconf 84' lang='lat' dir='ltr'>LXXXII.</span> <span class='ocrx_word' id='word_1_4' title='bbox 860 54 918 92; x_wconf 82' lang='lat' dir='ltr'>De</span> <span class='ocrx_word' id='word_1_5' title='bbox 949 54 1088 91; x_wconf 84' lang='lat' dir='ltr'>sanctis</span> <span class='ocrx_word' id='word_1_6' title='bbox 1118 55 1203 93; x_wconf 83' lang='lat' dir='ltr'>Vito</span> <span class='ocrx_word' id='word_1_7' title='bbox 1234 61 1272 93; x_wconf 83' lang='lat' dir='ltr'>et</span> <span class='ocrx_word' id='word_1_8' title='bbox 1303 55 1491 95; x_wconf 79' lang='lat' dir='ltr'>Modesto.</span> 
     </span>
    </p>
   </div>
   <div class='ocr_carea' id='block_1_2' title="bbox 714 267 1262 334">
    <p class='ocr_par' dir='ltr' id='par_1_2' title="bbox 714 267 1262 334">
     <span class='ocr_line' id='line_1_2' title="bbox 714 267 1262 334; baseline 0.009 -5"><span class='ocrx_word' id='word_1_9' title='bbox 714 268 840 330; x_wconf 74' lang='lat' dir='ltr'>etr.</span> <span class='ocrx_word' id='word_1_10' title='bbox 875 267 1085 329; x_wconf 83' lang='lat' dir='ltr'>LXXXII.</span> <span class='ocrx_word' id='word_1_11' title='bbox 1133 268 1262 334; x_wconf 79' lang='lat'><em>(77.)</em></span> 
     </span>
    </p>
   </div>
   <div class='ocr_carea' id='block_1_3' title="bbox 496 368 1483 417">
    <p class='ocr_par' dir='ltr' id='par_1_3' title="bbox 496 368 1483 417">
     <span class='ocr_line' id='line_1_3' title="bbox 496 368 1483 417; baseline 0.003 -3"><span class='ocrx_word' id='word_1_12' title='bbox 496 370 595 414; x_wconf 80' lang='lat' dir='ltr'>De</span> <span class='ocrx_word' id='word_1_13' title='bbox 627 368 868 414; x_wconf 82' lang='lat' dir='ltr'>sanctis</span> <span class='ocrx_word' id='word_1_14' title='bbox 898 368 1045 413; x_wconf 69' lang='lat' dir='ltr'>vito</span> <span class='ocrx_word' id='word_1_15' title='bbox 1083 371 1150 414; x_wconf 77' lang='lat' dir='ltr'>et</span> <span class='ocrx_word' id='word_1_16' title='bbox 1177 369 1483 417; x_wconf 75' lang='lat' dir='ltr'><strong>Modesto.</strong></span> 
     </span>
    </p>
   </div>
   <div class='ocr_carea' id='block_1_4' title="bbox 295 477 1692 2695">
    <p class='ocr_par' dir='ltr' id='par_1_4' title="bbox 295 477 1688 786">
     <span class='ocr_line' id='line_1_4' title="bbox 383 477 1686 524; baseline 0.001 -10"><span class='ocrx_word' id='word_1_17' title='bbox 383 478 482 514; x_wconf 74' lang='lat' dir='ltr'>Vitas</span> <span class='ocrx_word' id='word_1_18' title='bbox 512 478 638 513; x_wconf 87' lang='lat' dir='ltr'>dicitur</span> <span class='ocrx_word' id='word_1_19' title='bbox 665 488 686 512; x_wconf 86' lang='lat' dir='ltr'>a</span> <span class='ocrx_word' id='word_1_20' title='bbox 711 480 800 520; x_wconf 78' lang='lat' dir='ltr'>vita3</span> <span class='ocrx_word' id='word_1_21' title='bbox 843 477 1031 524; x_wconf 80' lang='lat' dir='ltr'>distinguit</span> <span class='ocrx_word' id='word_1_22' title='bbox 1069 482 1182 513; x_wconf 88' lang='lat' dir='ltr'>autem</span> <span class='ocrx_word' id='word_1_23' title='bbox 1219 477 1438 524; x_wconf 75' lang='lat' dir='ltr'>Augustinus</span> <span class='ocrx_word' id='word_1_24' title='bbox 1467 481 1500 513; x_wconf 92' lang='lat' dir='ltr'>in</span> <span class='ocrx_word' id='word_1_25' title='bbox 1526 479 1616 514; x_wconf 87' lang='lat' dir='ltr'>libro</span> <span class='ocrx_word' id='word_1_26' title='bbox 1643 480 1686 515; x_wconf 89' lang='lat' dir='ltr'>de</span> 
     </span>
     <span class='ocr_line' id='line_1_5' title="bbox 295 544 1688 591; baseline -0.001 -11"><span class='ocrx_word' id='word_1_27' title='bbox 295 548 435 581; x_wconf 65' lang='lat' dir='ltr'>cis&#39;itate</span> <span class='ocrx_word' id='word_1_28' title='bbox 461 545 525 579; x_wconf 92' lang='lat' dir='ltr'>Dei</span> <span class='ocrx_word' id='word_1_29' title='bbox 551 544 680 589; x_wconf 77' lang='lat' dir='ltr'>triplex</span> <span class='ocrx_word' id='word_1_30' title='bbox 706 555 818 589; x_wconf 78' lang='lat' dir='ltr'>genus</span> <span class='ocrx_word' id='word_1_31' title='bbox 855 545 971 586; x_wconf 68' lang='lat' dir='ltr'>vitae,</span> <span class='ocrx_word' id='word_1_32' title='bbox 1006 544 1141 578; x_wconf 85' lang='lat' dir='ltr'>seilicet</span> <span class='ocrx_word' id='word_1_33' title='bbox 1175 549 1377 588; x_wconf 79' lang='lat' dir='ltr'>actuosum,</span> <span class='ocrx_word' id='word_1_34' title='bbox 1413 545 1505 590; x_wconf 90' lang='lat' dir='ltr'>quod</span> <span class='ocrx_word' id='word_1_35' title='bbox 1537 547 1688 591; x_wconf 88' lang='lat' dir='ltr'>pertinet</span> 
     </span>
     <span class='ocr_line' id='line_1_6' title="bbox 295 604 1688 656; baseline -0.001 -9"><span class='ocrx_word' id='word_1_36' title='bbox 295 613 340 647; x_wconf 79' lang='lat' dir='ltr'>ad</span> <span class='ocrx_word' id='word_1_37' title='bbox 364 614 469 647; x_wconf 67' lang='lat' dir='ltr'>vitam</span> <span class='ocrx_word' id='word_1_38' title='bbox 495 612 640 644; x_wconf 81' lang='lat' dir='ltr'>activam</span> <span class='ocrx_word' id='word_1_39' title='bbox 657 637 664 651; x_wconf 85' lang='lat'><strong>‚</strong></span> <span class='ocrx_word' id='word_1_40' title='bbox 691 611 853 652; x_wconf 66' lang='lat' dir='ltr'>otiosum,</span> <span class='ocrx_word' id='word_1_41' title='bbox 883 609 974 655; x_wconf 88' lang='lat' dir='ltr'>quod</span> <span class='ocrx_word' id='word_1_42' title='bbox 1001 611 1153 654; x_wconf 79' lang='lat' dir='ltr'>pertinet</span> <span class='ocrx_word' id='word_1_43' title='bbox 1179 611 1222 644; x_wconf 89' lang='lat' dir='ltr'>ad</span> <span class='ocrx_word' id='word_1_44' title='bbox 1251 613 1356 645; x_wconf 89' lang='lat' dir='ltr'>otium</span> <span class='ocrx_word' id='word_1_45' title='bbox 1384 604 1569 656; x_wconf 71' lang='lat' dir='ltr'>spirituale</span> <span class='ocrx_word' id='word_1_46' title='bbox 1595 613 1688 646; x_wconf 83' lang='lat' dir='ltr'>vitae</span> 
     </span>
     <span class='ocr_line' id='line_1_7' title="bbox 296 675 1688 724; baseline -0.001 -12"><span class='ocrx_word' id='word_1_47' title='bbox 296 676 600 720; x_wconf 82' lang='lat' dir='ltr'>contemplativae,</span> <span class='ocrx_word' id='word_1_48' title='bbox 637 680 671 710; x_wconf 90' lang='lat' dir='ltr'>et</span> <span class='ocrx_word' id='word_1_49' title='bbox 695 686 737 709; x_wconf 83' lang='lat' dir='ltr'>ex</span> <span class='ocrx_word' id='word_1_50' title='bbox 762 680 911 720; x_wconf 86' lang='lat' dir='ltr'>utroque</span> <span class='ocrx_word' id='word_1_51' title='bbox 936 677 1175 719; x_wconf 89' lang='lat' dir='ltr'>compositum.</span> <span class='ocrx_word' id='word_1_52' title='bbox 1225 675 1267 711; x_wconf 88' lang='lat' dir='ltr'>Et</span> <span class='ocrx_word' id='word_1_53' title='bbox 1295 678 1388 712; x_wconf 89' lang='lat' dir='ltr'>istud</span> <span class='ocrx_word' id='word_1_54' title='bbox 1422 678 1551 722; x_wconf 72' lang='lat' dir='ltr'>triplex</span> <span class='ocrx_word' id='word_1_55' title='bbox 1576 688 1688 724; x_wconf 80' lang='lat' dir='ltr'>genus</span> 
     </span>
     <span class='ocr_line' id='line_1_8' title="bbox 298 740 1560 786; baseline 0.001 -10"><span class='ocrx_word' id='word_1_56' title='bbox 298 745 388 777; x_wconf 78' lang='lat' dir='ltr'>vitae</span> <span class='ocrx_word' id='word_1_57' title='bbox 424 742 487 774; x_wconf 86' lang='lat' dir='ltr'>fuit</span> <span class='ocrx_word' id='word_1_58' title='bbox 519 742 553 774; x_wconf 92' lang='lat' dir='ltr'>in</span> <span class='ocrx_word' id='word_1_59' title='bbox 588 751 640 774; x_wconf 78' lang='lat' dir='ltr'>eo,</span> <span class='ocrx_word' id='word_1_60' title='bbox 689 740 755 775; x_wconf 75' lang='lat' dir='ltr'>Vel</span> <span class='ocrx_word' id='word_1_61' title='bbox 783 741 882 775; x_wconf 76' lang='lat' dir='ltr'>Vitus</span> <span class='ocrx_word' id='word_1_62' title='bbox 915 743 1017 786; x_wconf 83' lang='lat' dir='ltr'>quasi</span> <span class='ocrx_word' id='word_1_63' title='bbox 1050 743 1182 784; x_wconf 79' lang='lat' dir='ltr'>virtus,</span> <span class='ocrx_word' id='word_1_64' title='bbox 1224 743 1257 776; x_wconf 89' lang='lat' dir='ltr'>id</span> <span class='ocrx_word' id='word_1_65' title='bbox 1287 748 1340 777; x_wconf 90' lang='lat' dir='ltr'>est</span> <span class='ocrx_word' id='word_1_66' title='bbox 1372 746 1560 777; x_wconf 63' lang='lat' dir='ltr'>virtuosus.</span> 
     </span>
    </p>

    <p class='ocr_par' dir='ltr' id='par_1_5' title="bbox 295 806 1691 1181">
     <span class='ocr_line' id='line_1_9' title="bbox 383 806 1687 851; baseline 0 -9"><span class='ocrx_word' id='word_1_67' title='bbox 383 807 569 843; x_wconf 83' lang='lat' dir='ltr'>Modestus</span> <span class='ocrx_word' id='word_1_68' title='bbox 612 807 713 851; x_wconf 84' lang='lat' dir='ltr'>quasi</span> <span class='ocrx_word' id='word_1_69' title='bbox 756 810 853 840; x_wconf 85' lang='lat' dir='ltr'>stans</span> <span class='ocrx_word' id='word_1_70' title='bbox 887 808 922 840; x_wconf 93' lang='lat' dir='ltr'>in</span> <span class='ocrx_word' id='word_1_71' title='bbox 952 806 1086 848; x_wconf 88' lang='lat' dir='ltr'>medio,</span> <span class='ocrx_word' id='word_1_72' title='bbox 1136 806 1204 840; x_wconf 84' lang='lat' dir='ltr'>hoe</span> <span class='ocrx_word' id='word_1_73' title='bbox 1235 813 1290 841; x_wconf 88' lang='lat' dir='ltr'>est</span> <span class='ocrx_word' id='word_1_74' title='bbox 1323 809 1356 841; x_wconf 92' lang='lat' dir='ltr'>in</span> <span class='ocrx_word' id='word_1_75' title='bbox 1390 809 1504 841; x_wconf 86' lang='lat' dir='ltr'>medio</span> <span class='ocrx_word' id='word_1_76' title='bbox 1540 810 1687 848; x_wconf 74' lang='lat' dir='ltr'>virtutiS,</span> 
     </span>
     <span class='ocr_line' id='line_1_10' title="bbox 296 872 1689 922; baseline -0.002 -12"><span class='ocrx_word' id='word_1_77' title='bbox 296 873 487 922; x_wconf 82' lang='lat' dir='ltr'>quamlibet</span> <span class='ocrx_word' id='word_1_78' title='bbox 521 873 609 907; x_wconf 87' lang='lat' dir='ltr'>enim</span> <span class='ocrx_word' id='word_1_79' title='bbox 643 874 803 905; x_wconf 70' lang='lat' dir='ltr'>virtutem</span> <span class='ocrx_word' id='word_1_80' title='bbox 840 877 1004 917; x_wconf 80' lang='lat' dir='ltr'>tanquam</span> <span class='ocrx_word' id='word_1_81' title='bbox 1046 872 1195 906; x_wconf 91' lang='lat' dir='ltr'>medium</span> <span class='ocrx_word' id='word_1_82' title='bbox 1232 874 1456 907; x_wconf 80' lang='lat' dir='ltr'>circumstant</span> <span class='ocrx_word' id='word_1_83' title='bbox 1489 873 1557 907; x_wconf 91' lang='lat' dir='ltr'>duo</span> <span class='ocrx_word' id='word_1_84' title='bbox 1593 875 1689 915; x_wconf 72' lang='lat' dir='ltr'>vitia,</span> 
     </span>
     <span class='ocr_line' id='line_1_11' title="bbox 295 937 1688 985; baseline -0.002 -9"><span class='ocrx_word' id='word_1_85' title='bbox 295 948 469 985; x_wconf 80' lang='lat' dir='ltr'>tamquam</span> <span class='ocrx_word' id='word_1_86' title='bbox 486 943 653 973; x_wconf 79' lang='lat' dir='ltr'>extrema.</span> <span class='ocrx_word' id='word_1_87' title='bbox 692 937 777 971; x_wconf 80' lang='lat' dir='ltr'>Nam</span> <span class='ocrx_word' id='word_1_88' title='bbox 799 942 953 972; x_wconf 83' lang='lat' dir='ltr'>extrema</span> <span class='ocrx_word' id='word_1_89' title='bbox 970 939 1178 983; x_wconf 83' lang='lat' dir='ltr'>prudentiae</span> <span class='ocrx_word' id='word_1_90' title='bbox 1195 944 1274 973; x_wconf 89' lang='lat' dir='ltr'>sunt</span> <span class='ocrx_word' id='word_1_91' title='bbox 1292 939 1463 973; x_wconf 82' lang='lat' dir='ltr'>dolositas</span> <span class='ocrx_word' id='word_1_92' title='bbox 1482 943 1515 973; x_wconf 89' lang='lat' dir='ltr'>et</span> <span class='ocrx_word' id='word_1_93' title='bbox 1533 940 1688 981; x_wconf 84' lang='lat' dir='ltr'>fatuitaS,</span> 
     </span>
     <span class='ocr_line' id='line_1_12' title="bbox 297 1003 1691 1050; baseline -0.002 -8"><span class='ocrx_word' id='word_1_94' title='bbox 297 1012 452 1042; x_wconf 85' lang='lat' dir='ltr'>extrema</span> <span class='ocrx_word' id='word_1_95' title='bbox 468 1005 720 1049; x_wconf 78' lang='lat' dir='ltr'>temperantiae</span> <span class='ocrx_word' id='word_1_96' title='bbox 736 1003 990 1038; x_wconf 84' lang='lat' dir='ltr'>desideriorum</span> <span class='ocrx_word' id='word_1_97' title='bbox 1010 1004 1199 1038; x_wconf 90' lang='lat' dir='ltr'>carnalium</span> <span class='ocrx_word' id='word_1_98' title='bbox 1216 1005 1420 1050; x_wconf 88' lang='lat' dir='ltr'>adimpletio</span> <span class='ocrx_word' id='word_1_99' title='bbox 1445 1009 1477 1039; x_wconf 89' lang='lat' dir='ltr'>et</span> <span class='ocrx_word' id='word_1_100' title='bbox 1493 1005 1691 1039; x_wconf 85' lang='lat' dir='ltr'>omnimoda</span> 
     </span>
     <span class='ocr_line' id='line_1_13' title="bbox 296 1070 1688 1116; baseline -0.003 -8"><span class='ocrx_word' id='word_1_101' title='bbox 296 1075 351 1108; x_wconf 87' lang='lat' dir='ltr'>sui</span> <span class='ocrx_word' id='word_1_102' title='bbox 384 1071 550 1112; x_wconf 70' lang='lat' dir='ltr'>afflictio,</span> <span class='ocrx_word' id='word_1_103' title='bbox 585 1074 741 1104; x_wconf 81' lang='lat' dir='ltr'>extrema</span> <span class='ocrx_word' id='word_1_104' title='bbox 776 1070 993 1105; x_wconf 86' lang='lat' dir='ltr'>fortitudinis</span> <span class='ocrx_word' id='word_1_105' title='bbox 1028 1071 1299 1116; x_wconf 86' lang='lat' dir='ltr'>pusillanimitas</span> <span class='ocrx_word' id='word_1_106' title='bbox 1333 1075 1367 1106; x_wconf 90' lang='lat' dir='ltr'>et</span> <span class='ocrx_word' id='word_1_107' title='bbox 1391 1072 1592 1114; x_wconf 87' lang='lat' dir='ltr'>temeritas,</span> <span class='ocrx_word' id='word_1_108' title='bbox 1628 1081 1688 1106; x_wconf 81' lang='lat' dir='ltr'>ex-</span> 
     </span>
     <span class='ocr_line' id='line_1_14' title="bbox 296 1135 1062 1181; baseline -0.005 -7"><span class='ocrx_word' id='word_1_109' title='bbox 296 1145 406 1174; x_wconf 84' lang='lat' dir='ltr'>trema</span> <span class='ocrx_word' id='word_1_110' title='bbox 425 1137 587 1181; x_wconf 86' lang='lat' dir='ltr'>justitiae</span> <span class='ocrx_word' id='word_1_111' title='bbox 612 1135 802 1169; x_wconf 85' lang='lat' dir='ltr'>crudelitas</span> <span class='ocrx_word' id='word_1_112' title='bbox 831 1141 864 1170; x_wconf 88' lang='lat' dir='ltr'>et</span> <span class='ocrx_word' id='word_1_113' title='bbox 889 1138 1062 1171; x_wconf 89' lang='lat' dir='ltr'>remissio.</span> 
     </span>
    </p>

    <p class='ocr_par' dir='ltr' id='par_1_6' title="bbox 296 1201 1692 2695">
     <span class='ocr_line' id='line_1_15' title="bbox 387 1201 1688 1247; baseline -0.001 -10"><span class='ocrx_word' id='word_1_114' title='bbox 387 1204 487 1238; x_wconf 72' lang='lat' dir='ltr'>Yitus</span> <span class='ocrx_word' id='word_1_115' title='bbox 514 1212 600 1247; x_wconf 90' lang='lat' dir='ltr'>puer</span> <span class='ocrx_word' id='word_1_116' title='bbox 627 1203 793 1247; x_wconf 75' lang='lat' dir='ltr'>egregins</span> <span class='ocrx_word' id='word_1_117' title='bbox 821 1206 855 1236; x_wconf 88' lang='lat' dir='ltr'>et</span> <span class='ocrx_word' id='word_1_118' title='bbox 878 1201 991 1235; x_wconf 87' lang='lat' dir='ltr'>tidelis</span> <span class='ocrx_word' id='word_1_119' title='bbox 1017 1212 1183 1236; x_wconf 89' lang='lat' dir='ltr'>annorum</span> <span class='ocrx_word' id='word_1_120' title='bbox 1206 1201 1268 1236; x_wconf 88' lang='lat' dir='ltr'>XII</span> <span class='ocrx_word' id='word_1_121' title='bbox 1294 1205 1327 1236; x_wconf 93' lang='lat' dir='ltr'>in</span> <span class='ocrx_word' id='word_1_122' title='bbox 1352 1202 1474 1237; x_wconf 88' lang='lat' dir='ltr'>Sicilia</span> <span class='ocrx_word' id='word_1_123' title='bbox 1498 1204 1688 1236; x_wconf 89' lang='lat' dir='ltr'>martirium</span> 
     </span>
     <span class='ocr_line' id='line_1_16' title="bbox 297 1267 1687 1317; baseline -0.004 -11"><span class='ocrx_word' id='word_1_124' title='bbox 297 1281 423 1317; x_wconf 86' lang='lat' dir='ltr'>passus</span> <span class='ocrx_word' id='word_1_125' title='bbox 450 1274 514 1304; x_wconf 87' lang='lat' dir='ltr'>est.</span> <span class='ocrx_word' id='word_1_126' title='bbox 564 1268 625 1302; x_wconf 83' lang='lat' dir='ltr'>llic</span> <span class='ocrx_word' id='word_1_127' title='bbox 650 1277 669 1301; x_wconf 89' lang='lat' dir='ltr'>a</span> <span class='ocrx_word' id='word_1_128' title='bbox 696 1272 796 1312; x_wconf 86' lang='lat' dir='ltr'>patre</span> <span class='ocrx_word' id='word_1_129' title='bbox 823 1268 947 1301; x_wconf 84' lang='lat' dir='ltr'>crebro</span> <span class='ocrx_word' id='word_1_130' title='bbox 975 1267 1180 1302; x_wconf 73' lang='lat' dir='ltr'>verberatus</span> <span class='ocrx_word' id='word_1_131' title='bbox 1209 1279 1248 1301; x_wconf 82' lang='lat' dir='ltr'>ex</span> <span class='ocrx_word' id='word_1_132' title='bbox 1276 1279 1329 1310; x_wconf 91' lang='lat' dir='ltr'>eo,</span> <span class='ocrx_word' id='word_1_133' title='bbox 1357 1268 1448 1313; x_wconf 84' lang='lat' dir='ltr'>quod</span> <span class='ocrx_word' id='word_1_134' title='bbox 1474 1268 1580 1313; x_wconf 61' lang='lat' dir='ltr'>⁸ydola</span> <span class='ocrx_word' id='word_1_135' title='bbox 1605 1279 1687 1302; x_wconf 85' lang='lat' dir='ltr'>con-</span> 
     </span>
     <span class='ocr_line' id='line_1_17' title="bbox 296 1333 1688 1380; baseline -0.003 -7"><span class='ocrx_word' id='word_1_136' title='bbox 296 1336 473 1373; x_wconf 85' lang='lat' dir='ltr'>temnebat</span> <span class='ocrx_word' id='word_1_137' title='bbox 498 1345 561 1369; x_wconf 84' lang='lat' dir='ltr'>nee</span> <span class='ocrx_word' id='word_1_138' title='bbox 590 1336 668 1380; x_wconf 89' lang='lat' dir='ltr'>ipsa</span> <span class='ocrx_word' id='word_1_139' title='bbox 695 1334 846 1368; x_wconf 87' lang='lat' dir='ltr'>adorare</span> <span class='ocrx_word' id='word_1_140' title='bbox 874 1334 1035 1368; x_wconf 80' lang='lat' dir='ltr'>volebat:</span> <span class='ocrx_word' id='word_1_141' title='bbox 1061 1333 1152 1379; x_wconf 92' lang='lat' dir='ltr'>quod</span> <span class='ocrx_word' id='word_1_142' title='bbox 1180 1334 1326 1368; x_wconf 88' lang='lat' dir='ltr'>audiens</span> <span class='ocrx_word' id='word_1_143' title='bbox 1350 1333 1558 1368; x_wconf 73' lang='lat' dir='ltr'>Valerianus</span> <span class='ocrx_word' id='word_1_144' title='bbox 1584 1344 1688 1379; x_wconf 86' lang='lat' dir='ltr'>prae-</span> 
     </span>
     <span class='ocr_line' id='line_1_18' title="bbox 298 1399 1688 1447; baseline -0.004 -7"><span class='ocrx_word' id='word_1_145' title='bbox 298 1407 411 1440; x_wconf 77' lang='lat' dir='ltr'>fectus</span> <span class='ocrx_word' id='word_1_146' title='bbox 440 1413 582 1447; x_wconf 88' lang='lat' dir='ltr'>puerum</span> <span class='ocrx_word' id='word_1_147' title='bbox 610 1402 797 1445; x_wconf 69' lang='lat' dir='ltr'>accersivit</span> <span class='ocrx_word' id='word_1_148' title='bbox 825 1404 858 1434; x_wconf 88' lang='lat' dir='ltr'>et</span> <span class='ocrx_word' id='word_1_149' title='bbox 883 1399 1084 1434; x_wconf 78' lang='lat' dir='ltr'>sacrificare</span> <span class='ocrx_word' id='word_1_150' title='bbox 1101 1400 1273 1434; x_wconf 87' lang='lat' dir='ltr'>nolentem</span> <span class='ocrx_word' id='word_1_151' title='bbox 1292 1399 1442 1434; x_wconf 86' lang='lat' dir='ltr'>fustibus</span> <span class='ocrx_word' id='word_1_152' title='bbox 1458 1399 1688 1444; x_wconf 86' lang='lat' dir='ltr'>caedijussit‚</span> 
     </span>
     <span class='ocr_line' id='line_1_19' title="bbox 297 1466 1688 1510; baseline -0.005 -4"><span class='ocrx_word' id='word_1_153' title='bbox 297 1471 443 1506; x_wconf 81' lang='lat' dir='ltr'>brachia</span> <span class='ocrx_word' id='word_1_154' title='bbox 469 1473 581 1502; x_wconf 89' lang='lat' dir='ltr'>autem</span> <span class='ocrx_word' id='word_1_155' title='bbox 610 1466 866 1501; x_wconf 84' lang='lat' dir='ltr'>verberantium</span> <span class='ocrx_word' id='word_1_156' title='bbox 892 1470 925 1501; x_wconf 92' lang='lat' dir='ltr'>et</span> <span class='ocrx_word' id='word_1_157' title='bbox 951 1476 1071 1499; x_wconf 91' lang='lat' dir='ltr'>manus</span> <span class='ocrx_word' id='word_1_158' title='bbox 1097 1466 1270 1510; x_wconf 80' lang='lat' dir='ltr'>praefecti</span> <span class='ocrx_word' id='word_1_159' title='bbox 1291 1467 1405 1499; x_wconf 87' lang='lat' dir='ltr'>statim</span> <span class='ocrx_word' id='word_1_160' title='bbox 1426 1470 1591 1501; x_wconf 88' lang='lat' dir='ltr'>aruerunt</span> <span class='ocrx_word' id='word_1_161' title='bbox 1616 1466 1688 1500; x_wconf 84' lang='lat' dir='ltr'>cla-</span> 
     </span>
     <span class='ocr_line' id='line_1_20' title="bbox 296 1531 1689 1582; baseline -0.006 -10"><span class='ocrx_word' id='word_1_162' title='bbox 296 1539 472 1582; x_wconf 78' lang='lat' dir='ltr'>mavitque</span> <span class='ocrx_word' id='word_1_163' title='bbox 509 1533 732 1579; x_wconf 75' lang='lat' dir='ltr'>praefectus:</span> <span class='ocrx_word' id='word_1_164' title='bbox 767 1531 856 1567; x_wconf 74' lang='lat' dir='ltr'>vaeli</span> <span class='ocrx_word' id='word_1_165' title='bbox 882 1531 983 1574; x_wconf 86' lang='lat' dir='ltr'>mihi,</span> <span class='ocrx_word' id='word_1_166' title='bbox 1026 1534 1107 1577; x_wconf 90' lang='lat' dir='ltr'>quia</span> <span class='ocrx_word' id='word_1_167' title='bbox 1140 1542 1276 1566; x_wconf 89' lang='lat' dir='ltr'>manum</span> <span class='ocrx_word' id='word_1_168' title='bbox 1310 1533 1422 1565; x_wconf 85' lang='lat' dir='ltr'>amisi.</span> <span class='ocrx_word' id='word_1_169' title='bbox 1472 1532 1535 1566; x_wconf 91' lang='lat' dir='ltr'>Cui</span> <span class='ocrx_word' id='word_1_170' title='bbox 1571 1531 1689 1566; x_wconf 74' lang='lat' dir='ltr'>Vitas:</span> 
     </span>
     <span class='ocr_line' id='line_1_21' title="bbox 297 1597 1692 1642; baseline -0.005 -4"><span class='ocrx_word' id='word_1_171' title='bbox 297 1603 469 1638; x_wconf 81' lang='lat' dir='ltr'>accedant</span> <span class='ocrx_word' id='word_1_172' title='bbox 501 1601 556 1636; x_wconf 89' lang='lat' dir='ltr'>Dii</span> <span class='ocrx_word' id='word_1_173' title='bbox 587 1601 638 1633; x_wconf 87' lang='lat' dir='ltr'>tui</span> <span class='ocrx_word' id='word_1_174' title='bbox 669 1603 703 1633; x_wconf 91' lang='lat' dir='ltr'>et</span> <span class='ocrx_word' id='word_1_175' title='bbox 736 1603 862 1632; x_wconf 84' lang='lat' dir='ltr'>sanent</span> <span class='ocrx_word' id='word_1_176' title='bbox 895 1603 950 1637; x_wconf 82' lang='lat' dir='ltr'>te,</span> <span class='ocrx_word' id='word_1_177' title='bbox 986 1599 1015 1631; x_wconf 86' lang='lat' dir='ltr'>si</span> <span class='ocrx_word' id='word_1_178' title='bbox 1044 1602 1202 1642; x_wconf 84' lang='lat' dir='ltr'>possunt.</span> <span class='ocrx_word' id='word_1_179' title='bbox 1253 1598 1315 1632; x_wconf 85' lang='lat' dir='ltr'>Cui</span> <span class='ocrx_word' id='word_1_180' title='bbox 1352 1597 1430 1631; x_wconf 90' lang='lat' dir='ltr'>ille:</span> <span class='ocrx_word' id='word_1_181' title='bbox 1464 1597 1628 1642; x_wconf 87' lang='lat' dir='ltr'>numquid</span> <span class='ocrx_word' id='word_1_182' title='bbox 1658 1601 1692 1632; x_wconf 87' lang='lat' dir='ltr'>et</span> 
     </span>
     <span class='ocr_line' id='line_1_22' title="bbox 297 1663 1690 1706; baseline -0.005 -2"><span class='ocrx_word' id='word_1_183' title='bbox 297 1675 334 1704; x_wconf 89' lang='lat' dir='ltr'>tu</span> <span class='ocrx_word' id='word_1_184' title='bbox 358 1670 477 1703; x_wconf 85' lang='lat' dir='ltr'>facere</span> <span class='ocrx_word' id='word_1_185' title='bbox 502 1667 599 1701; x_wconf 70' lang='lat' dir='ltr'>vales</span> <span class='ocrx_word' id='word_1_186' title='bbox 625 1665 719 1700; x_wconf 77' lang='lat' dir='ltr'>hoe?</span> <span class='ocrx_word' id='word_1_187' title='bbox 768 1665 831 1699; x_wconf 86' lang='lat' dir='ltr'>Cui</span> <span class='ocrx_word' id='word_1_188' title='bbox 854 1663 971 1698; x_wconf 74' lang='lat' dir='ltr'>Vitus:</span> <span class='ocrx_word' id='word_1_189' title='bbox 999 1665 1201 1698; x_wconf 89' lang='lat' dir='ltr'>innomine</span> <span class='ocrx_word' id='word_1_190' title='bbox 1226 1664 1354 1698; x_wconf 86' lang='lat' dir='ltr'>domini</span> <span class='ocrx_word' id='word_1_191' title='bbox 1382 1665 1449 1698; x_wconf 89' lang='lat' dir='ltr'>mei</span> <span class='ocrx_word' id='word_1_192' title='bbox 1473 1663 1588 1706; x_wconf 76' lang='lat' dir='ltr'>valeo,</span> <span class='ocrx_word' id='word_1_193' title='bbox 1615 1667 1690 1698; x_wconf 90' lang='lat' dir='ltr'>sta—</span> 
     </span>
     <span class='ocr_line' id='line_1_23' title="bbox 299 1730 1690 1781; baseline -0.005 -12"><span class='ocrx_word' id='word_1_194' title='bbox 299 1738 426 1781; x_wconf 88' lang='lat' dir='ltr'>timque</span> <span class='ocrx_word' id='word_1_195' title='bbox 452 1745 514 1779; x_wconf 85' lang='lat' dir='ltr'>pre</span> <span class='ocrx_word' id='word_1_196' title='bbox 542 1744 582 1767; x_wconf 90' lang='lat' dir='ltr'>eo</span> <span class='ocrx_word' id='word_1_197' title='bbox 609 1732 722 1765; x_wconf 79' lang='lat' dir='ltr'>oravit</span> <span class='ocrx_word' id='word_1_198' title='bbox 743 1734 777 1764; x_wconf 90' lang='lat' dir='ltr'>et</span> <span class='ocrx_word' id='word_1_199' title='bbox 793 1731 976 1764; x_wconf 86' lang='lat' dir='ltr'>sanitatem</span> <span class='ocrx_word' id='word_1_200' title='bbox 992 1731 1061 1764; x_wconf 86' lang='lat' dir='ltr'>sibi</span> <span class='ocrx_word' id='word_1_201' title='bbox 1086 1731 1246 1764; x_wconf 82' lang='lat' dir='ltr'>obtinuit.</span> <span class='ocrx_word' id='word_1_202' title='bbox 1295 1730 1461 1775; x_wconf 77' lang='lat' dir='ltr'>Dixitque</span> <span class='ocrx_word' id='word_1_203' title='bbox 1488 1730 1690 1774; x_wconf 82' lang='lat' dir='ltr'>praefectus</span> 
     </span>
     <span class='ocr_line' id='line_1_24' title="bbox 298 1794 1688 1847; baseline -0.005 -13"><span class='ocrx_word' id='word_1_204' title='bbox 298 1803 408 1847; x_wconf 83' lang='lat' dir='ltr'>patri:</span> <span class='ocrx_word' id='word_1_205' title='bbox 434 1800 571 1842; x_wconf 84' lang='lat' dir='ltr'>corripe</span> <span class='ocrx_word' id='word_1_206' title='bbox 598 1806 740 1841; x_wconf 90' lang='lat' dir='ltr'>puerum</span> <span class='ocrx_word' id='word_1_207' title='bbox 768 1799 873 1836; x_wconf 89' lang='lat' dir='ltr'>tuum,</span> <span class='ocrx_word' id='word_1_208' title='bbox 901 1806 943 1829; x_wconf 91' lang='lat' dir='ltr'>ne</span> <span class='ocrx_word' id='word_1_209' title='bbox 968 1796 1058 1830; x_wconf 89' lang='lat' dir='ltr'>male</span> <span class='ocrx_word' id='word_1_210' title='bbox 1082 1801 1216 1839; x_wconf 85' lang='lat' dir='ltr'>pereat.</span> <span class='ocrx_word' id='word_1_211' title='bbox 1266 1794 1366 1828; x_wconf 89' lang='lat' dir='ltr'>Tune</span> <span class='ocrx_word' id='word_1_212' title='bbox 1392 1805 1467 1828; x_wconf 92' lang='lat' dir='ltr'>eum</span> <span class='ocrx_word' id='word_1_213' title='bbox 1494 1796 1527 1827; x_wconf 95' lang='lat' dir='ltr'>in</span> <span class='ocrx_word' id='word_1_214' title='bbox 1554 1794 1688 1828; x_wconf 91' lang='lat' dir='ltr'>domum</span> 
     </span>
     <span class='ocr_line' id='line_1_25' title="bbox 298 1859 1689 1905; baseline -0.006 -4"><span class='ocrx_word' id='word_1_215' title='bbox 298 1867 428 1901; x_wconf 88' lang='lat' dir='ltr'>ducens</span> <span class='ocrx_word' id='word_1_216' title='bbox 454 1864 605 1898; x_wconf 65' lang='lat' dir='ltr'>dirersis</span> <span class='ocrx_word' id='word_1_217' title='bbox 630 1862 837 1894; x_wconf 86' lang='lat' dir='ltr'>musicorum</span> <span class='ocrx_word' id='word_1_218' title='bbox 862 1860 1053 1905; x_wconf 82' lang='lat' dir='ltr'>generibus</span> <span class='ocrx_word' id='word_1_219' title='bbox 1079 1865 1112 1894; x_wconf 90' lang='lat' dir='ltr'>et</span> <span class='ocrx_word' id='word_1_220' title='bbox 1139 1860 1333 1904; x_wconf 89' lang='lat' dir='ltr'>puellarum</span> <span class='ocrx_word' id='word_1_221' title='bbox 1358 1859 1494 1893; x_wconf 87' lang='lat' dir='ltr'>lusibus</span> <span class='ocrx_word' id='word_1_222' title='bbox 1523 1859 1689 1893; x_wconf 89' lang='lat' dir='ltr'>aliarum-</span> 
     </span>
     <span class='ocr_line' id='line_1_26' title="bbox 298 1925 1689 1980; baseline -0.007 -12"><span class='ocrx_word' id='word_1_223' title='bbox 298 1944 363 1980; x_wconf 87' lang='lat' dir='ltr'>que</span> <span class='ocrx_word' id='word_1_224' title='bbox 391 1932 592 1966; x_wconf 85' lang='lat' dir='ltr'>deliciarnm</span> <span class='ocrx_word' id='word_1_225' title='bbox 618 1926 808 1971; x_wconf 69' lang='lat' dir='ltr'>generibus</span> <span class='ocrx_word' id='word_1_226' title='bbox 846 1927 1024 1960; x_wconf 85' lang='lat' dir='ltr'>immutare</span> <span class='ocrx_word' id='word_1_227' title='bbox 1060 1927 1206 1959; x_wconf 85' lang='lat' dir='ltr'>animam</span> <span class='ocrx_word' id='word_1_228' title='bbox 1234 1926 1333 1969; x_wconf 84' lang='lat' dir='ltr'>pueri</span> <span class='ocrx_word' id='word_1_229' title='bbox 1359 1925 1556 1969; x_wconf 76' lang='lat' dir='ltr'>satagebat.</span> <span class='ocrx_word' id='word_1_230' title='bbox 1606 1926 1689 1959; x_wconf 88' lang='lat' dir='ltr'>Cum</span> 
     </span>
     <span class='ocr_line' id='line_1_27' title="bbox 298 1990 1690 2036; baseline -0.006 -3"><span class='ocrx_word' id='word_1_231' title='bbox 298 2004 412 2033; x_wconf 88' lang='lat' dir='ltr'>autem</span> <span class='ocrx_word' id='word_1_232' title='bbox 448 2006 523 2030; x_wconf 92' lang='lat' dir='ltr'>eum</span> <span class='ocrx_word' id='word_1_233' title='bbox 557 1996 591 2028; x_wconf 91' lang='lat' dir='ltr'>in</span> <span class='ocrx_word' id='word_1_234' title='bbox 629 1993 816 2026; x_wconf 85' lang='lat' dir='ltr'>thalamum</span> <span class='ocrx_word' id='word_1_235' title='bbox 852 1991 1075 2034; x_wconf 78' lang='lat' dir='ltr'>inclusisset,</span> <span class='ocrx_word' id='word_1_236' title='bbox 1115 1990 1286 2024; x_wconf 86' lang='lat' dir='ltr'>mirabilis</span> <span class='ocrx_word' id='word_1_237' title='bbox 1332 1990 1453 2024; x_wconf 87' lang='lat' dir='ltr'>odoris</span> <span class='ocrx_word' id='word_1_238' title='bbox 1495 1990 1690 2036; x_wconf 73' lang='lat' dir='ltr'>fragrantia</span> 
     </span>
     <span class='ocr_line' id='line_1_28' title="bbox 297 2056 1689 2105; baseline -0.006 -6"><span class='ocrx_word' id='word_1_239' title='bbox 297 2065 377 2099; x_wconf 88' lang='lat' dir='ltr'>inde</span> <span class='ocrx_word' id='word_1_240' title='bbox 415 2064 519 2103; x_wconf 69' lang='lat' dir='ltr'>exiit,</span> <span class='ocrx_word' id='word_1_241' title='bbox 554 2070 643 2105; x_wconf 88' lang='lat' dir='ltr'>quae</span> <span class='ocrx_word' id='word_1_242' title='bbox 678 2063 812 2103; x_wconf 89' lang='lat' dir='ltr'>patrem</span> <span class='ocrx_word' id='word_1_243' title='bbox 845 2060 880 2091; x_wconf 78' lang='lat' dir='ltr'>et</span> <span class='ocrx_word' id='word_1_244' title='bbox 913 2061 1020 2091; x_wconf 88' lang='lat' dir='ltr'>totam</span> <span class='ocrx_word' id='word_1_245' title='bbox 1056 2057 1223 2092; x_wconf 87' lang='lat' dir='ltr'>familiam</span> <span class='ocrx_word' id='word_1_246' title='bbox 1259 2057 1365 2090; x_wconf 91' lang='lat' dir='ltr'>nimio</span> <span class='ocrx_word' id='word_1_247' title='bbox 1401 2056 1510 2091; x_wconf 89' lang='lat' dir='ltr'>odore</span> <span class='ocrx_word' id='word_1_248' title='bbox 1535 2056 1689 2101; x_wconf 90' lang='lat' dir='ltr'>perfudit</span> 
     </span>
     <span class='ocr_line' id='line_1_29' title="bbox 298 2122 1688 2175; baseline -0.006 -10"><span class='ocrx_word' id='word_1_249' title='bbox 298 2131 568 2175; x_wconf 85' lang='lat' dir='ltr'>adspiciensque</span> <span class='ocrx_word' id='word_1_250' title='bbox 594 2130 694 2170; x_wconf 83' lang='lat' dir='ltr'>pater</span> <span class='ocrx_word' id='word_1_251' title='bbox 717 2136 779 2169; x_wconf 88' lang='lat' dir='ltr'>per</span> <span class='ocrx_word' id='word_1_252' title='bbox 804 2126 929 2158; x_wconf 89' lang='lat' dir='ltr'>ostium</span> <span class='ocrx_word' id='word_1_253' title='bbox 958 2122 1043 2157; x_wconf 85' lang='lat' dir='ltr'>vidit</span> <span class='ocrx_word' id='word_1_254' title='bbox 1069 2127 1202 2167; x_wconf 88' lang='lat' dir='ltr'>septem</span> <span class='ocrx_word' id='word_1_255' title='bbox 1229 2122 1377 2167; x_wconf 74' lang='lat' dir='ltr'>angelos</span> <span class='ocrx_word' id='word_1_256' title='bbox 1404 2123 1498 2156; x_wconf 84' lang='lat' dir='ltr'>circa</span> <span class='ocrx_word' id='word_1_257' title='bbox 1523 2122 1688 2156; x_wconf 83' lang='lat' dir='ltr'>infantem</span> 
     </span>
     <span class='ocr_line' id='line_1_30' title="bbox 298 2188 1687 2237; baseline -0.007 -6"><span class='ocrx_word' id='word_1_258' title='bbox 298 2201 431 2231; x_wconf 85' lang='lat' dir='ltr'>stantes</span> <span class='ocrx_word' id='word_1_259' title='bbox 460 2194 633 2237; x_wconf 71' lang='lat' dir='ltr'>dixitque:</span> <span class='ocrx_word' id='word_1_260' title='bbox 661 2190 716 2224; x_wconf 87' lang='lat' dir='ltr'>Dii</span> <span class='ocrx_word' id='word_1_261' title='bbox 745 2193 911 2224; x_wconf 69' lang='lat' dir='ltr'>venerunt</span> <span class='ocrx_word' id='word_1_262' title='bbox 938 2190 970 2223; x_wconf 92' lang='lat' dir='ltr'>in</span> <span class='ocrx_word' id='word_1_263' title='bbox 1000 2189 1136 2223; x_wconf 89' lang='lat' dir='ltr'>domum</span> <span class='ocrx_word' id='word_1_264' title='bbox 1163 2198 1283 2228; x_wconf 90' lang='lat' dir='ltr'>meam,</span> <span class='ocrx_word' id='word_1_265' title='bbox 1309 2188 1497 2232; x_wconf 88' lang='lat' dir='ltr'>statimque</span> <span class='ocrx_word' id='word_1_266' title='bbox 1524 2192 1687 2221; x_wconf 85' lang='lat' dir='ltr'>coecatus</span> 
     </span>
     <span class='ocr_line' id='line_1_31' title="bbox 297 2253 1688 2303; baseline -0.008 -6"><span class='ocrx_word' id='word_1_267' title='bbox 297 2267 361 2297; x_wconf 87' lang='lat' dir='ltr'>est.</span> <span class='ocrx_word' id='word_1_268' title='bbox 411 2260 465 2294; x_wconf 67' lang='lat' dir='ltr'>Ad</span> <span class='ocrx_word' id='word_1_269' title='bbox 499 2260 598 2303; x_wconf 83' lang='lat' dir='ltr'>cujus</span> <span class='ocrx_word' id='word_1_270' title='bbox 634 2256 819 2290; x_wconf 85' lang='lat' dir='ltr'>clamorem</span> <span class='ocrx_word' id='word_1_271' title='bbox 853 2260 927 2288; x_wconf 85' lang='lat' dir='ltr'>tota</span> <span class='ocrx_word' id='word_1_272' title='bbox 952 2256 1075 2288; x_wconf 76' lang='lat' dir='ltr'>civitas</span> <span class='ocrx_word' id='word_1_273' title='bbox 1099 2253 1242 2287; x_wconf 87' lang='lat' dir='ltr'>Lucana</span> <span class='ocrx_word' id='word_1_274' title='bbox 1268 2257 1437 2286; x_wconf 87' lang='lat' dir='ltr'>commota</span> <span class='ocrx_word' id='word_1_275' title='bbox 1465 2257 1541 2295; x_wconf 84' lang='lat' dir='ltr'>est,</span> <span class='ocrx_word' id='word_1_276' title='bbox 1578 2254 1628 2287; x_wconf 88' lang='lat' dir='ltr'>ita</span> <span class='ocrx_word' id='word_1_277' title='bbox 1651 2256 1688 2286; x_wconf 82' lang='lat' dir='ltr'>ut</span> 
     </span>
     <span class='ocr_line' id='line_1_32' title="bbox 296 2318 1686 2365; baseline -0.009 -3"><span class='ocrx_word' id='word_1_278' title='bbox 296 2328 507 2362; x_wconf 77' lang='lat' dir='ltr'>Valerianus</span> <span class='ocrx_word' id='word_1_279' title='bbox 537 2326 737 2358; x_wconf 79' lang='lat' dir='ltr'>accurreret</span> <span class='ocrx_word' id='word_1_280' title='bbox 774 2325 820 2362; x_wconf 86' lang='lat' dir='ltr'>et,</span> <span class='ocrx_word' id='word_1_281' title='bbox 855 2320 937 2365; x_wconf 88' lang='lat' dir='ltr'>quid</span> <span class='ocrx_word' id='word_1_282' title='bbox 973 2319 1041 2353; x_wconf 88' lang='lat' dir='ltr'>sibi</span> <span class='ocrx_word' id='word_1_283' title='bbox 1078 2318 1292 2361; x_wconf 76' lang='lat' dir='ltr'>accidisset,</span> <span class='ocrx_word' id='word_1_284' title='bbox 1334 2320 1575 2365; x_wconf 67' lang='lat' dir='ltr'>interrogavit.</span> <span class='ocrx_word' id='word_1_285' title='bbox 1623 2318 1686 2352; x_wconf 86' lang='lat' dir='ltr'>Cui</span> 
     </span>
     <span class='ocr_line' id='line_1_33' title="bbox 297 2384 1683 2433; baseline -0.009 -5"><span class='ocrx_word' id='word_1_286' title='bbox 297 2394 378 2427; x_wconf 88' lang='lat' dir='ltr'>ille:</span> <span class='ocrx_word' id='word_1_287' title='bbox 415 2392 510 2427; x_wconf 88' lang='lat' dir='ltr'>Deos</span> <span class='ocrx_word' id='word_1_288' title='bbox 545 2389 615 2423; x_wconf 79' lang='lat' dir='ltr'>vidi</span> <span class='ocrx_word' id='word_1_289' title='bbox 643 2389 767 2433; x_wconf 67' lang='lat' dir='ltr'>igneos</span> <span class='ocrx_word' id='word_1_290' title='bbox 795 2390 829 2421; x_wconf 87' lang='lat' dir='ltr'>et</span> <span class='ocrx_word' id='word_1_291' title='bbox 853 2385 981 2420; x_wconf 85' lang='lat' dir='ltr'>vultum</span> <span class='ocrx_word' id='word_1_292' title='bbox 1008 2396 1124 2419; x_wconf 90' lang='lat' dir='ltr'>eorum</span> <span class='ocrx_word' id='word_1_293' title='bbox 1152 2385 1244 2419; x_wconf 86' lang='lat' dir='ltr'>ferre</span> <span class='ocrx_word' id='word_1_294' title='bbox 1269 2395 1336 2418; x_wconf 92' lang='lat' dir='ltr'>non</span> <span class='ocrx_word' id='word_1_295' title='bbox 1361 2385 1471 2429; x_wconf 88' lang='lat' dir='ltr'>potui.</span> <span class='ocrx_word' id='word_1_296' title='bbox 1518 2384 1572 2419; x_wconf 82' lang='lat' dir='ltr'>Ad</span> <span class='ocrx_word' id='word_1_297' title='bbox 1598 2387 1683 2418; x_wconf 87' lang='lat' dir='ltr'>tem-</span> 
     </span>
     <span class='ocr_line' id='line_1_34' title="bbox 296 2450 1685 2503; baseline -0.007 -11"><span class='ocrx_word' id='word_1_298' title='bbox 296 2459 389 2503; x_wconf 83' lang='lat' dir='ltr'>pium</span> <span class='ocrx_word' id='word_1_299' title='bbox 415 2456 636 2501; x_wconf 71' lang='lat' dir='ltr'>igiturJovis</span> <span class='ocrx_word' id='word_1_300' title='bbox 654 2453 835 2488; x_wconf 80' lang='lat' dir='ltr'>deducitur</span> <span class='ocrx_word' id='word_1_301' title='bbox 861 2455 895 2486; x_wconf 88' lang='lat' dir='ltr'>et</span> <span class='ocrx_word' id='word_1_302' title='bbox 919 2462 981 2495; x_wconf 90' lang='lat' dir='ltr'>pro</span> <span class='ocrx_word' id='word_1_303' title='bbox 1007 2452 1273 2495; x_wconf 87' lang='lat' dir='ltr'>recuperatione</span> <span class='ocrx_word' id='word_1_304' title='bbox 1299 2450 1438 2484; x_wconf 88' lang='lat' dir='ltr'>luminis</span> <span class='ocrx_word' id='word_1_305' title='bbox 1460 2454 1591 2483; x_wconf 89' lang='lat' dir='ltr'>taurum</span> <span class='ocrx_word' id='word_1_306' title='bbox 1611 2459 1685 2482; x_wconf 83' lang='lat' dir='ltr'>cum</span> 
     </span>
     <span class='ocr_line' id='line_1_35' title="bbox 299 2515 1686 2564; baseline -0.005 -9"><span class='ocrx_word' id='word_1_307' title='bbox 299 2522 463 2556; x_wconf 82' lang='lat' dir='ltr'>cornibus</span> <span class='ocrx_word' id='word_1_308' title='bbox 490 2522 606 2555; x_wconf 88' lang='lat' dir='ltr'>aureis</span> <span class='ocrx_word' id='word_1_309' title='bbox 633 2519 838 2564; x_wconf 85' lang='lat' dir='ltr'>pollicetur,</span> <span class='ocrx_word' id='word_1_310' title='bbox 867 2516 929 2551; x_wconf 91' lang='lat' dir='ltr'>sed</span> <span class='ocrx_word' id='word_1_311' title='bbox 956 2528 1030 2551; x_wconf 91' lang='lat' dir='ltr'>cum</span> <span class='ocrx_word' id='word_1_312' title='bbox 1056 2516 1140 2550; x_wconf 80' lang='lat' dir='ltr'>nihii</span> <span class='ocrx_word' id='word_1_313' title='bbox 1167 2516 1370 2561; x_wconf 75' lang='lat' dir='ltr'>proliceret,</span> <span class='ocrx_word' id='word_1_314' title='bbox 1402 2515 1504 2548; x_wconf 85' lang='lat' dir='ltr'>tilium</span> <span class='ocrx_word' id='word_1_315' title='bbox 1532 2525 1595 2558; x_wconf 89' lang='lat' dir='ltr'>pro</span> <span class='ocrx_word' id='word_1_316' title='bbox 1622 2525 1686 2548; x_wconf 84' lang='lat' dir='ltr'>sua</span> 
     </span>
     <span class='ocr_line' id='line_1_36' title="bbox 303 2578 1685 2631; baseline -0.004 -12"><span class='ocrx_word' id='word_1_317' title='bbox 303 2590 484 2621; x_wconf 81' lang='lat' dir='ltr'>sanatione</span> <span class='ocrx_word' id='word_1_318' title='bbox 508 2586 647 2631; x_wconf 80' lang='lat' dir='ltr'>rogavit</span> <span class='ocrx_word' id='word_1_319' title='bbox 672 2589 705 2618; x_wconf 90' lang='lat' dir='ltr'>et</span> <span class='ocrx_word' id='word_1_320' title='bbox 730 2584 841 2618; x_wconf 89' lang='lat' dir='ltr'>lumen</span> <span class='ocrx_word' id='word_1_321' title='bbox 869 2584 941 2617; x_wconf 91' lang='lat' dir='ltr'>suis</span> <span class='ocrx_word' id='word_1_322' title='bbox 978 2582 1141 2627; x_wconf 83' lang='lat' dir='ltr'>precibus</span> <span class='ocrx_word' id='word_1_323' title='bbox 1175 2581 1406 2625; x_wconf 86' lang='lat' dir='ltr'>recuperavit.</span> <span class='ocrx_word' id='word_1_324' title='bbox 1455 2578 1536 2613; x_wconf 88' lang='lat' dir='ltr'>Cum</span> <span class='ocrx_word' id='word_1_325' title='bbox 1572 2584 1685 2614; x_wconf 91' lang='lat' dir='ltr'>autem</span> 
     </span>
     <span class='ocr_line' id='line_1_37' title="bbox 300 2645 1684 2695; baseline -0.004 -10"><span class='ocrx_word' id='word_1_326' title='bbox 300 2662 364 2686; x_wconf 87' lang='lat' dir='ltr'>nee</span> <span class='ocrx_word' id='word_1_327' title='bbox 389 2653 440 2685; x_wconf 85' lang='lat' dir='ltr'>sie</span> <span class='ocrx_word' id='word_1_328' title='bbox 464 2652 641 2694; x_wconf 87' lang='lat' dir='ltr'>crederet,</span> <span class='ocrx_word' id='word_1_329' title='bbox 667 2649 729 2686; x_wconf 90' lang='lat' dir='ltr'>sed</span> <span class='ocrx_word' id='word_1_330' title='bbox 756 2651 872 2695; x_wconf 91' lang='lat' dir='ltr'>potius</span> <span class='ocrx_word' id='word_1_331' title='bbox 898 2649 1002 2683; x_wconf 89' lang='lat' dir='ltr'>tilium</span> <span class='ocrx_word' id='word_1_332' title='bbox 1031 2647 1192 2682; x_wconf 80' lang='lat' dir='ltr'>occidere</span> <span class='ocrx_word' id='word_1_333' title='bbox 1214 2646 1408 2692; x_wconf 83' lang='lat' dir='ltr'>cogitaret,</span> <span class='ocrx_word' id='word_1_334' title='bbox 1447 2645 1592 2691; x_wconf 76' lang='lat' dir='ltr'>angelus</span> <span class='ocrx_word' id='word_1_335' title='bbox 1621 2645 1684 2679; x_wconf 91' lang='lat' dir='ltr'>do-</span> 
     </span>
    </p>
   </div>
  </div>
 </body>
</html>
