1742 3005
263 81 357 130 Cap.
381 79 553 117 CLVIll.
617 80 673 117 De
706 80 880 118 undecim
914 80 1079 117 millibus
1111 81 1306 130 xirgintun.
1397 80 1474 118 703

96 193 235 220 numero
270 193 474 219 reversuras
510 188 543 218 et
576 193 724 218 coronas
759 182 886 218 ibidem
919 185 1064 218 martirii
1100 187 1338 228 percepturas.
1392 183 1476 219 lnde

95 251 204 297 igitur
229 250 274 285 ad
298 249 415 296 angeli
441 249 709 284 admonitionem
738 248 878 283 Romam
904 249 1086 284 tendentes
1105 249 1149 283 ad
1168 248 1286 284 urbem
1301 248 1476 285 Basileam

93 316 336 361 applicuerunt
371 319 406 350 et
435 314 562 349 ibidem
597 314 727 349 relictis
752 315 899 349 navibus
924 314 1065 348 Romam
1089 313 1272 358 pedestres
1299 320 1475 350 venerunt,

92 380 145 415 Ad
181 390 324 426 quarum
362 380 545 415 adventum
578 389 671 425 papa
703 380 867 424 Cyriacus
905 379 1005 413 valde
1030 379 1197 424 gavisus,
1232 389 1306 413 cum
1333 381 1408 425 ipse
1435 381 1477 415 de

93 445 275 481 Britannia
301 445 467 479 oriundus
494 449 589 479 esset
614 448 649 479 et
675 444 800 478 multas
826 444 953 478 ibidem
986 444 1076 477 inter
1108 453 1168 476 eas
1197 446 1476 490 consanguineas

93 510 260 554 haberet,
293 521 368 546 cum
402 510 494 544 omni
527 509 621 543 clero
655 510 751 552 ipsas
783 518 915 542 summo
956 518 1030 542 cum
1065 507 1198 541 honore
1228 511 1393 553 suscepit.
1440 509 1478 543 In

93 578 173 621 ipsa
195 580 310 611 autem
335 578 436 609 nocte
461 582 575 618 papae
600 572 765 607 divinitus
792 573 987 615 revelatur,
1024 584 1099 608 eum
1133 584 1207 607 cum
1247 574 1334 618 ipsis
1368 575 1476 620 virgi—

92 641 195 676 nibus
217 641 364 686 pa-lmam
389 639 537 672 martirii
570 642 822 683 percepturum.
874 638 973 679 Quod
1002 638 1095 683 apud
1128 649 1165 673 se
1197 639 1316 673 celans
1350 639 1477 674 multas

93 717 135 742 ex
162 707 271 751 ipsis,
306 714 395 750 quae
430 703 546 738 adhuc
570 703 772 748 baptizatae
806 715 873 738 non
905 704 1063 746 fuerant,
1097 704 1300 749 baptizavit.
1351 705 1476 740 Verum

91 782 166 806 cum
192 774 424 816 opportunum
450 773 583 813 tempus
611 769 745 803 videret
768 773 802 803 et
827 779 917 803 anno
946 781 1013 804 uno
1042 774 1075 805 et
1102 770 1259 804 undecim
1286 769 1477 804 hebdoma-

91 836 184 871 tibus
220 840 301 881 post
331 835 469 870 Petrum
503 834 685 869 ecclesiam
722 834 875 869 decimus
902 846 1013 869 nonus
1040 837 1206 870 rexisset.
1246 836 1279 868 in
1306 839 1476 869 conventu

91 903 240 937 omnium
274 902 490 946 propositum
525 910 622 933 suum
654 899 819 933 indicavit
852 904 885 934 et
912 910 1026 934 coram
1059 901 1217 933 omnibus
1254 904 1287 933 et
1313 899 1478 945 dignitati

94 970 128 1002 et
156 966 272 1001 officio
297 967 501 1012 resignavit.
551 965 621 1000 Sed
654 974 726 998 cum
755 974 873 999 omnes
902 965 1133 1000 reclamarent
1169 970 1202 1000 et
1228 967 1373 1000 maxime
1396 976 1475 1000 car-

91 1032 248 1075 dinales,
281 1032 340 1077 qui
366 1041 441 1066 eum
469 1030 664 1075 ¹)delirare
688 1029 879 1074 putabant,
916 1042 957 1065 eo
985 1031 1078 1076 quod
1107 1032 1228 1065 relicta
1254 1031 1479 1076 pontificatus

91 1098 208 1145 gloria
232 1101 312 1142 post
339 1096 506 1141 quasdam
540 1096 765 1130 mulierculas
800 1096 915 1130 fatuas
944 1099 996 1132 ire
1029 1097 1152 1137 vellet,
1189 1097 1248 1131 ille
1280 1097 1478 1132 nullatenus

91 1164 317 1208 acquiescens
344 1161 516 1206 quendam
542 1164 650 1197 virum
675 1166 842 1203 sanctum,
870 1165 928 1207 qui
957 1164 1144 1205 ²)Ametos
1169 1162 1281 1196 dictus
1309 1167 1372 1205 est,
1400 1163 1477 1197 loco

92 1239 155 1264 suo
182 1230 217 1263 in
244 1227 440 1273 pontificem
466 1226 652 1269 ordinavit,
679 1232 713 1262 et
739 1229 820 1273 quia
846 1228 962 1264 sedem
989 1228 1220 1273 apostolicam
1250 1230 1359 1263 invito
1382 1229 1477 1263 clero

91 1294 254 1340 reliquit,
297 1303 422 1328 nomen
453 1294 530 1338 eJus
562 1292 604 1327 de
641 1293 806 1339 catalogo
841 1294 1040 1338 pontificum
1072 1294 1160 1328 idem
1195 1294 1309 1328 clerus
1345 1294 1479 1328 abrasit

90 1370 293 1405 omnemque
319 1360 492 1405 gratiam,
527 1369 628 1404 quam
662 1368 763 1393 sacer
787 1359 847 1394 ille
874 1361 1045 1406 virginum
1070 1359 1197 1394 chorus
1223 1361 1256 1393 in
1283 1363 1381 1393 curia.
1406 1359 1477 1394 Ro—

90 1435 193 1460 mana
215 1424 407 1465 habuerat,
434 1433 456 1457 a
478 1428 635 1469 tempore
662 1424 722 1458 illo
749 1426 876 1459 amisit.
924 1426 1000 1460 Duo
1028 1431 1141 1460 autem
1167 1426 1274 1470 iniqui
1299 1426 1477 1469 principes

89 1491 265 1526 Romanae
290 1489 457 1531 militiae,
485 1489 620 1525 scilicet
642 1489 818 1525 Maximus
845 1495 879 1525 et
904 1491 1103 1533 Africanus,
1132 1491 1290 1525 videntes
1317 1500 1477 1536 magnam

89 1555 343 1591 multitudinem
371 1556 544 1601 virginum
571 1559 605 1590 et
629 1555 722 1600 quod
748 1557 844 1590 multi
869 1557 1067 1601 multaeque
1096 1556 1141 1590 ad
1167 1566 1227 1590 eas
1250 1556 1477 1597 confluerent,

88 1623 297 1664 timuerunt,
324 1631 368 1656 ne
396 1631 460 1666 per
484 1631 545 1656 eas
571 1622 672 1655 nimis
697 1626 871 1656 cresceret
897 1622 1024 1668 religio
1051 1621 1331 1656 christianornm.
1384 1622 1476 1662 Qua-

89 1690 233 1732 propter
275 1688 342 1721 iter
383 1696 500 1721 earum
543 1686 747 1732 diligentius
790 1687 1014 1732 explorantes
1052 1689 1191 1722 nuntios
1233 1689 1400 1721 miserunt
1431 1687 1475 1722 ad

87 1752 214 1788 Julium
240 1755 424 1798 cognatum
450 1762 547 1785 suum
571 1753 763 1797 principem
781 1754 898 1798 gentis
915 1752 1126 1796 Hunnorum,
1154 1758 1191 1787 ut
1209 1754 1333 1788 educto
1355 1758 1477 1788 contra

90 1827 151 1853 eas
178 1818 337 1853 exercitu
358 1817 470 1862 ipsas,
496 1827 570 1851 cum
600 1816 814 1853 christianae
840 1823 970 1862 essent,
996 1830 1072 1853 cum
1099 1821 1257 1855 venirent
1281 1819 1476 1862 Coloniam,

89 1883 321 1921 trucidarent.
367 1881 501 1918 Beatus
525 1884 635 1929 igitur
659 1884 826 1929 Cyriacus
859 1895 935 1920 cum
962 1885 1024 1919 illa
1053 1885 1164 1920 nobili
1191 1887 1362 1932 virginum
1388 1886 1476 1920 mul-

88 1947 238 1983 titudine
263 1948 307 1984 de
331 1949 417 1984 urbe
442 1959 608 1995 egressus
636 1953 708 1991 est,
745 1954 885 1984 secutus
918 1955 972 1986 est
998 1955 1110 1986 autem
1137 1953 1248 1996 ipsum
1275 1950 1477 1986 Vincentius

89 2012 265 2058 presbiter
296 2013 487 2049 cardinalis
519 2018 553 2049 et
583 2014 759 2058 Jacobus,
797 2017 855 2060 qui
894 2015 936 2050 de
966 2016 1148 2050 Britannia
1186 2018 1302 2060 patria
1344 2027 1408 2051 sua
1442 2019 1475 2050 in

88 2077 311 2113 Antiochiam
335 2077 515 2123 profectus
540 2078 865 2124 archiepiscopatus
891 2080 1098 2126 dignitatem
1124 2084 1256 2125 septem
1283 2083 1382 2115 annis
1407 2081 1477 2115 ihi-

88 2143 164 2179 dem
190 2144 310 2186 tenuit.
360 2142 426 2183 Qui
450 2153 524 2177 cum
549 2153 675 2188 papam
701 2149 781 2179 tunc
805 2146 974 2189 temporis
1001 2147 1181 2180 visitasset
1205 2149 1238 2179 et
1259 2147 1332 2190 Jam
1356 2145 1477 2180 urbem

88 2218 255 2255 egressus
294 2208 338 2244 de
371 2210 544 2255 virginum
571 2209 724 2244 adventu
747 2210 937 2253 audiisset,
973 2211 1130 2245 concitus
1155 2210 1260 2245 rediit
1282 2214 1317 2245 et
1340 2212 1477 2246 itineris

88 2284 130 2310 ac
163 2276 345 2320 passionis
377 2284 416 2310 se
450 2276 493 2309 iis
527 2276 659 2309 socium
690 2275 787 2312 fecit.
847 2275 1082 2320 ³)Maurisius
1107 2287 1246 2322 quoque
1277 2275 1476 2312 Levicanae

89 2340 188 2375 urbis
213 2341 420 2384 episcopus,
452 2340 643 2375 avunculus
667 2341 816 2377 Babilae
851 2346 886 2377 et
908 2342 1072 2378 ,Iulianae
1089 2369 1098 2385 ,
1135 2351 1270 2376 necnon
1299 2346 1333 2376 et
1357 2340 1475 2376 Folla-

89 2406 162 2440 rIus
195 2405 368 2440 Lucensis
401 2406 590 2450 episcopus
623 2410 659 2442 et
688 2406 866 2453 Sulpicius
897 2407 1138 2443 Ravennensis
1173 2408 1382 2452 episcopus,
1417 2408 1477 2452 qui

89 2474 170 2507 tunc
186 2470 328 2506 Romam
347 2469 573 2513 advenerant,
601 2471 795 2516 praedictis
816 2473 1010 2519 virginibus
1030 2472 1276 2507 adhaeserunt.
1304 2470 1476 2507 Ethereus

92 2546 231 2581 quoque
256 2545 407 2581 sponsus
435 2535 563 2571 beatae
581 2535 728 2571 Ursulae
752 2547 896 2573 manens
934 2539 968 2572 in
993 2537 1175 2572 Britannia
1207 2547 1269 2582 per
1307 2537 1474 2573 visionem

160 2636 186 2668 1)
204 2636 257 2666 Ed,
277 2640 320 2666 Pr.
340 2636 553 2664 detrahere
572 2635 650 2668 legit.
738 2637 766 2669 2)
786 2635 837 2665 Ed.
858 2640 902 2664 Pr.
922 2640 1047 2666 Metos
1067 2637 1148 2670 legit.
1236 2638 1263 2670 3)
1283 2636 1357 2664 Alii:
1376 2639 1473 2664 Mau-

93 2678 223 2707 vitius.
