1742 3005
278 97 362 138 880
447 100 544 149 Cap.
571 96 728 134 CXCIL
788 95 847 134 De
876 96 952 134 vita
982 96 1103 133 sancti
1131 96 1234 134 Galli
1263 99 1510 147 confessoris.

278 203 425 231 contraria
451 206 519 229 sunt
543 201 635 229 cultui
661 201 783 234 divino,
808 200 1017 236 superstitiosa
1044 205 1205 230 sectantes.
1240 203 1342 230 Sancti
1360 211 1429 235 ergo
1447 203 1584 231 homiues
1604 213 1671 231 cum

277 247 448 281 coepissent
467 246 544 273 iuter
562 246 631 273 illos
650 246 801 279 habitare,
825 246 975 272 docebant
995 254 1046 273 eos
1066 246 1191 274 adorare
1209 252 1325 282 patrem
1349 253 1378 276 et
1403 248 1497 275 filium
1523 253 1552 275 et
1578 249 1669 284 spiri-

277 297 338 318 tum
358 296 494 318 sanctuni
512 295 541 318 et
561 291 712 318 custodire
731 290 802 317 fidei
820 289 975 319 unitatem.
1011 293 1121 318 Beatus
1146 300 1265 325 quoque
1289 292 1393 319 Gallus
1419 292 1514 319 sancti
1530 293 1588 321 viri
1607 293 1669 321 dis-

278 336 395 370 cipulus
429 336 496 363 zelo
530 335 652 370 pietatis
689 340 819 362 armatus
850 334 938 367 sana,
971 334 1001 361 in
1025 336 1134 368 quibus
1159 336 1327 364 daemoniis
1353 336 1575 370 sacrificabant,
1602 338 1669 371 igne

277 381 432 407 succendit
450 386 480 407 et
498 390 692 414 ‹Iitaecunque
710 380 826 407 invenit
846 380 962 413 oblata,
990 380 1133 408 demersit
1159 381 1190 408 in
1208 381 1315 411 lacum.
1353 385 1417 418 Qua
1437 390 1524 408 causa
1541 382 1672 416 permoti

276 425 320 452 ira
347 430 376 452 et
401 425 519 452 invidia
545 431 666 453 sanctos
692 426 918 452 insectabantur
942 429 972 452 et
998 426 1147 453 communi
1167 427 1293 454 consilio
1315 427 1434 454 Gallum
1451 425 1598 460 perimere
1614 435 1671 454 vo-

277 470 411 504 luerunt,
447 471 663 498 columbanum
688 479 761 497 vero
787 469 914 502 flagellis
939 478 1059 497 caesum
1086 475 1115 497 et
1151 471 1340 498 contumeliis
1370 470 1510 498 affectum
1539 471 1576 497 de
1609 471 1673 498 suis

276 515 388 543 finibus
409 517 595 550 proturbare.
633 519 701 543 l’ost
719 515 793 542 haec
811 523 872 541 non
897 514 1003 541 timore
1030 514 1248 549 persecutionis
1274 515 1465 550 perterritus,
1491 515 1546 542 sed
1571 524 1671 542 amore

277 560 443 595 spiritualis
468 561 542 587 lucri
569 569 728 595 persuasus
755 559 975 586 contumacium
1001 558 1135 586 sterilem
1160 560 1279 587 turbam
1311 560 1447 594 reliquit,
1478 569 1515 587 ne
1544 560 1673 587 inaniter

276 605 361 631 arida
380 606 471 632 corda
493 605 605 632 diutius
632 605 783 637 irrigaret,
810 604 861 638 qui
888 604 1045 631 benevolis
1072 605 1223 632 mentibus
1250 605 1502 640 quamplurinumi
1526 605 1672 639 prodesse

276 648 396 675 interim
415 649 575 683 potuisset.
611 653 737 681 l’ergens
764 657 833 681 ergo
859 648 929 675 iude
953 659 1019 675 cum
1045 648 1106 676 suis
1133 650 1272 684 pervenit
1297 650 1328 676 in
1346 654 1490 682 castrum,
1517 650 1597 683 quod
1617 653 1672 676 Ar-

278 694 357 720 boua
375 698 517 726 vocatur,
536 698 565 720 et
584 693 699 720 invenit
718 693 761 720 ibi
781 693 982 727 presbiterum
1000 694 1136 720 bonitate
1162 695 1355 729 conspicuum
1381 693 1501 720 nomine
1521 694 1672 721 Mullima-

277 748 352 764 rum.
388 741 546 772 Dyaeouus
575 737 739 772 supradicti
763 737 923 772 presbiteri
949 737 1069 763 nomine
1088 738 1272 766 Hiltibaldus
1299 747 1404 766 omnes
1431 738 1523 765 eremi
1549 740 1671 765 semitas

278 787 365 809 notas
392 783 525 809 habebat
551 786 581 809 et
605 791 750 809 secessus.
787 781 862 808 Huic
885 791 952 808 cum
975 781 1023 808 vir
1049 787 1168 809 sanctus
1201 782 1414 809 familiaritatis
1445 792 1514 810 suae
1548 783 1672 815 gratiam

278 827 495 862 praestitisset,
520 828 669 860 quaesivit
695 828 732 853 ab
758 835 810 859 eo,
837 836 875 853 an
900 825 1067 853 invenisset
1092 837 1223 860 unquam
1241 827 1272 854 in
1291 827 1452 854 solitudine
1470 828 1567 855 locum
1587 828 1672 862 aquis

278 872 483 898 abundantem
502 873 584 906 puris
605 877 635 899 et
653 872 837 904 salubribus,
865 870 895 897 iu
914 870 1040 905 planitie
1059 875 1185 898 stratum
1204 875 1233 898 et
1252 871 1390 898 humanis
1410 871 1540 898 cultibus
1560 881 1672 907 oppor-

278 922 400 943 tunum!
454 917 624 950 Desiderio,
661 917 816 950 inquiens,
844 915 935 942 animi
961 915 1107 943 ferventis
1134 921 1276 943 exaestuo
1302 916 1427 951 cupiens
1452 916 1483 943 iu
1510 917 1672 944 solitudine

279 963 344 989 dies
364 962 472 989 ducere
491 962 560 988 huic
576 961 658 988 vitae
678 969 846 988 concessos.
885 963 1041 992 Dyaconus
1061 961 1234 996 rospondit:
1258 961 1347 994 haec,
1375 969 1392 988 o
1412 965 1510 996 pater,
1541 962 1673 989 solitudo

279 1007 365 1040 aquis
385 1012 428 1034 est
456 1006 555 1033 infusa
581 1006 805 1040 frequentibus,
831 1004 994 1040 asperitate
1020 1005 1178 1038 terribilis,
1208 1006 1361 1033 montibus
1388 1006 1479 1041 plena
1501 1007 1673 1041 praecelsis,

279 1052 412 1084 angustis
431 1052 565 1079 vallibus
584 1051 734 1083 flexuosa,
762 1051 867 1078 bestiis
894 1059 1036 1085 possessa
1055 1050 1252 1078 saevissimis.
1287 1053 1359 1077 Nam
1381 1055 1501 1085 praeter
1520 1060 1625 1079 cervos
1644 1057 1674 1079 et

279 1097 476 1124 innocuorum
495 1104 597 1128 greges
616 1095 790 1123 animalium
808 1104 893 1122 ursos
912 1095 1005 1128 gignit
1023 1094 1188 1129 plurimos,
1208 1104 1297 1130 apros
1317 1095 1565 1129 innumerabiles,
1585 1097 1673 1131 lupos

279 1151 436 1167 numerum
456 1140 635 1167 excedentes
655 1140 739 1167 rabie
758 1140 934 1173 singulares.
971 1140 1076 1167 Timeo
1096 1149 1180 1173 ergo,
1207 1150 1260 1173 ne,
1287 1141 1311 1167 si
1337 1145 1365 1167 te
1392 1140 1463 1166 illuc
1482 1141 1609 1174 duxero,
1635 1142 1672 1167 ab

279 1186 453 1219 hujusmodi
472 1185 611 1213 hostibus
630 1184 796 1213 devoreris.
832 1184 880 1212 Ad
898 1184 972 1211 haec
989 1184 1036 1211 vir
1055 1190 1190 1212 sauctus:
1215 1185 1363 1220 apostoli,
1389 1185 1505 1219 inquit,
1525 1186 1674 1213 sententia

279 1237 340 1260 est:
361 1232 386 1259 si
404 1234 484 1258 Deus
505 1239 559 1265 pro
578 1230 683 1263 nobis,
704 1230 769 1264 quis
789 1234 892 1256 contra
910 1236 983 1256 nos!
1004 1233 1033 1256 et
1052 1229 1173 1262 scimus,
1192 1231 1344 1263 quomodo
1364 1230 1559 1263 diligentibus
1579 1234 1675 1258 Deum

280 1277 381 1304 omnia
405 1280 604 1311 cooperantur
629 1275 659 1302 in
684 1275 807 1304 bonum.
842 1274 936 1307 Igitur
960 1274 1008 1302 vir
1034 1274 1139 1301 beatus
1166 1275 1215 1302 die
1242 1275 1348 1302 eodem
1372 1276 1491 1310 jejuniis
1510 1276 1675 1311 permansit

280 1326 311 1349 et
328 1331 423 1356 usque
442 1322 481 1348 ad
500 1321 621 1348 alterius
641 1320 702 1347 diei
721 1319 886 1346 dilucuhun
904 1318 935 1346 in
961 1319 1148 1347 orationibus
1174 1319 1373 1355 pernoctavit.
1408 1320 1536 1352 Dignum
1562 1321 1675 1356 quippe

280 1372 356 1400 erat,
382 1372 432 1400 ut,
459 1366 541 1401 quod
566 1365 670 1393 divino
697 1365 860 1392 inchoabat
887 1373 1004 1397 amore,
1030 1364 1248 1393 instantissima
1274 1374 1363 1400 prece
1383 1364 1505 1392 domino
1525 1374 1675 1393 commen-

280 1413 375 1441 davit.
413 1415 483 1439 Cum
503 1416 602 1438 autem
621 1410 739 1438 Lucifer
758 1419 812 1437 suo
832 1418 975 1444 processu
993 1410 1089 1437 noctis
1109 1410 1235 1437 latibula
1255 1410 1419 1438 detexisset
1435 1414 1465 1438 et
1476 1410 1521 1437 sol
1535 1410 1676 1438 inferiora

281 1457 436 1485 dimittens
456 1465 543 1484 cursu
562 1460 705 1483 consueto
726 1455 888 1490 superioris
916 1455 997 1482 orbis
1024 1455 1128 1490 plagas
1155 1455 1299 1483 inviseret
1324 1455 1503 1489 igneumque
1527 1456 1613 1490 jubar
1636 1456 1674 1482 ab

281 1502 406 1529 orientis
425 1511 480 1528 axe
498 1501 675 1529 mortalibus
695 1501 931 1534 demonstraret,
957 1501 1070 1527 athleta
1089 1500 1144 1527 Dei
1163 1510 1211 1533 ea,
1238 1510 1314 1534 quae
1334 1500 1441 1528 ductor
1458 1510 1529 1528 suus
1549 1501 1675 1533 dixerat,

282 1557 384 1575 secum
403 1556 573 1580 assumens,
599 1557 667 1574 cum
690 1546 835 1573 orationis
860 1546 1073 1573 benedictione
1092 1545 1145 1573 illo
1163 1551 1326 1580 praeeunte
1344 1545 1426 1573 viam
1445 1554 1601 1578 aggressus
1621 1550 1676 1578 est,

281 1603 409 1626 cumque
429 1602 483 1627 per
501 1597 597 1619 totum
616 1591 696 1618 diem
715 1591 756 1618 ita
775 1595 914 1624 agerent,
941 1591 1019 1618 circa
1042 1591 1145 1618 horam
1166 1600 1274 1618 nonam
1294 1591 1370 1618 dixit
1389 1591 1556 1625 dyaconus:
1582 1595 1676 1626 pater,

282 1638 354 1666 hora
374 1637 545 1665 resectionis
569 1638 628 1671 jam
654 1636 762 1668 instat,
789 1645 940 1663 sumamus
966 1644 1035 1668 ergo
1059 1635 1214 1671 paululum
1238 1635 1325 1670 panis
1349 1640 1378 1662 et
1403 1645 1514 1669 aquae,
1541 1635 1611 1669 quia
1635 1635 1678 1662 ita

282 1682 461 1715 confortati,
492 1682 559 1710 viae
588 1681 671 1715 quod
698 1685 805 1713 restat,
843 1681 950 1707 melius
977 1690 1184 1708 consummare
1210 1680 1386 1716 poterimus.
1428 1684 1523 1708 Homo
1551 1680 1605 1707 Dei
1631 1689 1677 1707 re-

283 1727 429 1762 spondet:
465 1732 498 1754 tu
525 1729 607 1761 juxta
639 1725 848 1753 necessitatem
879 1726 1012 1760 corporis
1044 1725 1241 1753 relectionem
1273 1725 1410 1760 percipe,
1444 1726 1505 1758 fili,
1539 1735 1592 1758 ego
1618 1734 1678 1753 uon

284 1773 412 1804 gustabo
431 1772 605 1805 quiequam,
632 1776 792 1804 antequam
811 1770 950 1797 domiuus
972 1770 1045 1797 mihi
1065 1771 1163 1798 locum
1187 1771 1375 1798 desideratae
1394 1770 1557 1798 mansionis
1577 1775 1677 1797 osten-

283 1817 346 1846 dat,
383 1820 417 1843 Et
437 1817 505 1844 ille:
530 1817 621 1849 sicut,
647 1816 759 1850 iuquit,
788 1815 862 1842 socii
883 1824 983 1841 sumus
1003 1815 1169 1850 passionis,
1197 1815 1240 1841 sic
1266 1815 1376 1842 erinnis
1403 1819 1432 1841 et
1451 1815 1677 1844 consolationis.

282 1862 336 1889 uis
364 1862 453 1889 dictis
479 1866 641 1896 coeperunt
668 1861 724 1888 iter
747 1869 834 1892 agere
860 1858 1016 1891 festinato,
1043 1859 1112 1892 quia
1141 1859 1205 1886 (lies
1231 1861 1290 1893 jam
1316 1859 1487 1886 declinabat
1515 1864 1544 1886 et
1571 1859 1677 1887 solaris

283 1906 384 1933 servor
403 1906 625 1941 propin‹1u.‘1b‹'it
652 1904 781 1933 occasui.
818 1907 927 1930 Beatus
954 1909 1053 1930 autem
1073 1904 1175 1931 Gallus
1201 1903 1271 1930 dum
1291 1903 1396 1930 orandi
1416 1904 1507 1936 gratia
1528 1904 1678 1931 modicum

284 1952 321 1978 ab
342 1951 395 1978 illo
414 1951 553 1978 divulsus
572 1955 666 1982 esset,
693 1951 770 1976 inter
794 1949 945 1975 condensa
963 1949 1101 1983 veprium
1129 1948 1266 1975 fruticeta
1286 1949 1443 1976 ambulans
1464 1953 1490 1975 et
1510 1949 1588 1984 pede
1607 1950 1678 1975 hae-

284 2005 351 2024 rens
377 1996 417 2022 ad
444 2001 550 2023 terram
581 1995 701 2023 corruit.
739 1994 827 2029 Quod
853 1994 1003 2027 ‹lym-onus
1030 1993 1138 2020 videus
1165 1993 1306 2026 accurrit,
1339 1998 1370 2020 ut
1402 1993 1575 2021 sublevaret
1609 2003 1678 2029 pro-

285 2046 421 2069 stratum.
457 2041 515 2067 Sed
535 2040 581 2067 vir
600 2040 652 2066 noi
673 2039 825 2073 praescius
844 2038 1026 2065 futurorum:
1052 2038 1116 2064 sine
1143 2047 1207 2070 me,
1235 2038 1289 2071 ait,
1316 2038 1389 2065 haec
1415 2038 1533 2071 requies
1560 2048 1623 2065 mea
1650 2039 1678 2066 iu

285 2086 437 2113 saeculum
457 2084 585 2117 saeculi,
605 2083 652 2111 hic
671 2083 833 2116 habitabo,
861 2083 1002 2119 quoniam
1021 2082 1098 2114 elegi
1117 2092 1192 2109 eann
1229 2085 1379 2118 Tempore
1398 2083 1594 2116 subsequenti
1612 2092 1680 2110 coe-

284 2131 328 2166 pit
354 2130 498 2157 virtutum
523 2130 618 2157 cultor
644 2128 770 2156 eximius
799 2128 961 2155 oratorium
980 2132 1151 2155 construere.
1172 2128 1389 2156 mansiunculis
1415 2138 1467 2163 per
1491 2137 1594 2162 gyrum
1618 2128 1679 2155 dis-

285 2175 393 2211 positis
413 2175 452 2202 ad
471 2174 720 2202 commanendum
738 2173 899 2205 fratribus,
926 2181 1052 2206 quorum
1078 2174 1137 2207 jam
1164 2172 1324 2200 duodecim
1343 2173 1500 2200 monastici
1521 2173 1680 2200 sanctitate

286 2220 435 2256 propositi
462 2220 618 2247 roboratos
645 2218 781 2245 doctriua
809 2223 838 2245 et
865 2217 1013 2252 exemplis
1038 2217 1077 2243 ad
1104 2222 1292 2245 aeternorum
1324 2218 1474 2245 desideria
1506 2217 1679 2248 concitavit.

287 2266 424 2301 Quadam
449 2265 549 2298 itaque
577 2263 642 2296 die,
677 2263 748 2290 dum
774 2268 843 2298 post
870 2263 1004 2289 laborem
1036 2262 1221 2290 matutinalis
1256 2262 1349 2290 oflicii
1381 2262 1555 2296 quiescendi
1587 2263 1681 2295 gratia

286 2311 380 2338 lectos
408 2319 478 2338 suos
505 2309 688 2341 reviserent,
715 2308 812 2343 primo
838 2307 971 2334 diluculo
997 2307 1045 2334 vir
1067 2307 1122 2334 Dei
1145 2307 1268 2334 vocavit
1294 2308 1485 2340 Magn-aldum
1514 2308 1680 2341 (ly-‘iconum

287 2366 373 2383 suum
393 2355 495 2382 dicens
517 2354 575 2381 illi:
602 2354 713 2381 instrue
739 2362 840 2380 sacrae
866 2351 1029 2379 oblationis
1055 2351 1270 2384 ministerium,
1294 2357 1325 2378 ut
1352 2352 1466 2387 possim
1493 2352 1596 2379 divina
1616 2352 1679 2379 sine

287 2401 432 2428 dilatione
458 2400 610 2427 celebrare
636 2397 784 2432 mysteria.
821 2401 853 2423 Et
881 2396 948 2423 ille:
982 2397 1120 2430 (litando,
1153 2396 1264 2429 inquit,
1291 2401 1322 2423 tu
1347 2402 1432 2432 pater
1456 2397 1576 2424 missam
1602 2397 1680 2424 cele-

288 2446 405 2473 brabisz
442 2444 524 2471 Dixit
543 2452 611 2475 ergo
631 2444 669 2471 ad
688 2443 785 2470 illum:
814 2446 881 2476 post
909 2442 994 2475 hujus
1019 2441 1137 2473 vigilias
1166 2442 1275 2473 noctis;
1303 2442 1429 2474 cognovi
1458 2452 1510 2477 per
1532 2442 1679 2470 visionem

287 2491 442 2517 dominum
461 2494 488 2516 el
509 2494 623 2524 patrem
644 2498 741 2515 meum
761 2487 978 2514 Columbanum
999 2486 1036 2513 de
1056 2487 1142 2520 hujus
1161 2487 1241 2513 vitae
1261 2487 1407 2519 angustiis
1427 2487 1517 2515 hodie
1536 2487 1575 2514 atl
1592 2497 1679 2521 para-

288 2535 346 2562 disi
366 2534 472 2566 gaudia
493 2534 712 2566 conuuigrasse,
732 2541 785 2567 pro
804 2533 867 2565 ejus
887 2531 987 2564 itaque
1007 2530 1108 2564 requie
1127 2531 1232 2558 salutis
1251 2531 1379 2558 hostiam
1399 2531 1496 2559 debeo
1516 2530 1679 2561 immolare„

290 2583 321 2606 ht
349 2579 433 2611 siguo
458 2579 576 2613 pulsato
602 2578 763 2606 oratorium
790 2576 915 2609 ingressi
942 2580 1168 2610 prosu-avorum
1196 2586 1227 2603 se
1252 2576 1282 2602 in
1308 2576 1442 2603 oratioue
1469 2579 1497 2602 et
1517 2581 1678 2610 coeperunt

290 2624 396 2650 missas
417 2633 502 2656 agere
522 2628 551 2651 et
571 2623 709 2658 precibus
729 2622 866 2650 insistere
891 2631 945 2656 pro
971 2620 1255 2648 cornum-moratione
1282 2620 1361 2647 beati
1383 2620 1566 2648 columbani.
1605 2624 1680 2648 Con-

289 2667 353 2697 tigit
372 2673 467 2694 :nutu—m
489 2669 616 2701 quadam
637 2668 702 2699 (lie,
728 2667 798 2693 duni
826 2666 854 2692 in
883 2666 1084 2692 consum-ndo
1111 2665 1242 2691 oratorio
1268 2674 1333 2691 cnm
1359 2664 1501 2690 fratribus·
1523 2665 1679 2694 laboraret.

291 2717 321 2738 ut
348 2712 447 2738 tabula
473 2713 618 2745 quau-:lant
647 2712 752 2747 parieti
780 2711 961 2746 imponenda
987 2710 1109 2738 bro-sior
1135 2709 1259 2738 caeteris
1286 2718 1422 2737 mensura
1450 2709 1613 2743 palmarum
1641 2713 1679 2738 lv
