1742 3005
24 95 120 144 Cap.
153 94 339 132 XXXVII.
380 93 439 131 De
468 93 736 144 purificatione
770 95 906 131 beatae
936 93 1076 132 Mariae
1107 94 1271 143 virginis
1333 94 1405 131 161

24 199 181 234 veniente
206 198 446 244 purificatione
472 208 555 233 vera
581 201 733 233 cessavit
759 198 954 245 purificatio
981 199 1107 244 typica.
1155 198 1206 234 Ibi
1233 200 1319 234 enim
1346 199 1407 234 ati--

24 264 116 299 venit
140 273 224 298 vera
244 264 439 309 purificatio
465 267 598 305 nostra,
628 264 662 298 id
688 267 741 299 est
769 263 940 305 Christus,
968 266 1028 310 qui
1057 266 1169 300 active
1195 264 1319 300 dieitur
1345 276 1407 310 pu-

23 329 181 372 rificatio,
208 339 251 364 ex
277 339 318 365 eo
345 329 436 376 quod
464 340 527 364 nos
554 341 616 375 per
641 329 739 364 Iidem
758 330 928 375 purificat,
957 329 1143 365 seeundum
1160 329 1251 376 quod
1266 330 1408 365 dicitur:

22 394 106 429 fides
142 395 328 440 purificans
360 394 467 429 corda
494 405 625 430 eorum.
671 395 758 429 Hinc
782 396 871 429 enim
896 399 970 437 est,
997 395 1089 440 quod
1113 406 1175 430 nec
1201 395 1242 430 de
1271 399 1409 431 caetero

23 463 142 505 patres
174 464 335 495 tenentur
368 459 411 495 ad
445 459 673 502 solutionem,
726 469 788 494 nec
820 463 949 493 matres
984 458 1027 493 ad
1054 460 1327 504 purificationem
1357 464 1410 497 vel

22 525 141 571 templi
168 526 442 571 ingressionem,
493 535 555 560 nec
581 524 642 559 filii
668 524 713 558 ad
737 524 831 558 illam
857 524 1114 559 redemtionem.
1164 524 1295 566 Quarta
1322 529 1411 561 ratio

23 594 98 632 est,
139 595 177 625 ut
199 601 263 625 nos
288 589 522 636 purificandos
550 591 747 624 instrueret.
804 588 963 635 Quinque
991 594 1105 625 autem
1131 591 1242 625 modis
1270 592 1306 625 tit
1329 603 1411 638 pur-

23 657 121 701 gatio
147 655 190 690 ab
215 655 364 690 infantia
396 657 426 698 ¹)
453 654 639 690 seeundum
659 655 764 701 jura,
798 654 881 690 lieet
904 659 977 690 tres
1002 655 1244 699 inhibeantur,
1288 667 1408 692 secun-

23 721 101 756 dum
127 731 216 767 quos
244 725 278 756 et
304 731 367 755 nos
392 722 538 767 purgari
566 719 752 763 debemus,
779 720 913 756 scilicet
930 722 1151 767 jin-amento,
1182 722 1274 769 quod
1300 725 1411 770 signi-

23 787 102 821 licat
126 788 261 833 peccati
286 786 642 829 abrenuntiationem,
686 795 798 832 aqua,
843 797 933 832 quae
965 787 1142 834 signifieat
1167 787 1410 834 baptismalem

22 851 247 895 ablutionem,
272 854 374 899 igne,
403 854 460 898 qui
487 853 651 899 designat
675 851 869 897 spiritualis
897 854 1036 898 gratiae
1063 853 1284 895 infusionem,
1314 857 1411 889 testi-

22 917 101 960 bus,
128 920 187 964 qui
212 918 399 964 designant
422 918 589 953 bonorum
616 927 756 964 operum
784 916 1048 960 multitudinem,
1073 917 1167 953 bello
1191 920 1283 965 quod
1301 921 1412 966 signi·

22 983 103 1017 fleat
125 985 363 1018 tentatiffliem.
434 983 585 1019 Veniens
618 988 732 1018 autem
766 982 872 1018 beata
905 984 1006 1030 virgo
1039 984 1084 1018 ad
1119 985 1281 1030 templum
1309 985 1411 1019 lilium

23 1059 120 1083 suum
145 1048 269 1084 obtulit
294 1053 328 1084 et
351 1060 425 1085 cum
452 1051 602 1095 quinque
628 1049 724 1084 siclis
750 1049 907 1084 redemit.
956 1049 1151 1084 Notandum
1179 1052 1290 1092 enim,
1320 1052 1411 1096 quod

23 1114 193 1160 quaedam
217 1116 452 1161 primogenita
483 1114 742 1150 redimebantur
775 1116 864 1149 sicut
888 1116 1121 1161 primogenita
1145 1116 1324 1151 duodecim
1351 1118 1412 1151 tri-

22 1179 146 1223 buum,
181 1191 271 1227 quae
297 1180 556 1216 redimebantur
584 1182 736 1227 quinque
761 1181 879 1224 siclis,
905 1181 1075 1227 quaedam
1102 1192 1168 1216 non
1193 1182 1411 1217 rediineban·

21 1249 98 1290 tur,
124 1248 214 1281 sicut
237 1248 470 1293 primogenita
495 1246 698 1289 levitarum,
736 1258 826 1292 quae
847 1257 1019 1292 nunquam
1048 1246 1324 1290 redimebantur,
1350 1249 1412 1283 sed

22 1322 97 1347 cum
122 1313 156 1346 in
180 1312 333 1347 adultam
365 1316 514 1347 aetatem
550 1311 823 1357 perveniebant,
874 1322 1013 1357 semper
1045 1314 1079 1346 in
1111 1313 1239 1358 templo
1274 1313 1413 1347 domino

24 1377 246 1420 serviebant,
287 1382 320 1413 et
344 1379 394 1412 sic
420 1378 654 1423 primogenita
678 1377 879 1412 mundorum
907 1378 1103 1412 animalium
1119 1406 1126 1420 ,
1177 1388 1266 1424 quae
1290 1380 1412 1413 iterum

25 1454 93 1477 non
117 1442 388 1485 redimebantur,
414 1443 477 1478 sed
502 1442 638 1477 domino
663 1442 911 1478 offerebantur.
950 1443 1127 1484 Quaedam
1154 1444 1412 1479 commutabam

25 1514 92 1552 tur,
120 1513 157 1542 ut
183 1510 448 1555 primogenitum
473 1510 585 1551 asini,
614 1508 705 1554 quod
731 1507 1007 1543 commutabatm·
1033 1510 1067 1542 in
1096 1520 1213 1550 (wem,
1243 1510 1411 1554 quaedam

24 1573 285 1617 occidebantur,
311 1578 348 1609 ut
368 1576 602 1621 primogenita
626 1575 733 1609 canis.
761 1574 843 1609 Cum
868 1575 956 1609 enim
977 1574 1042 1608 suit
1067 1574 1224 1610 Christus
1253 1574 1295 1609 de
1321 1574 1413 1610 tribu

24 1640 128 1683 suda,
156 1650 245 1685 quae
272 1639 336 1674 suit
361 1650 429 1674 una
455 1640 518 1675 XII
542 1640 704 1683 tribuum,
732 1644 876 1685 propter
891 1639 982 1685 quod
999 1639 1118 1675 debuit
1133 1640 1266 1676 redimi.
1303 1641 1411 1675 (nitu--

25 1706 139 1742 lerunt
151 1707 252 1741 etiam
272 1716 335 1751 pro
351 1716 392 1740 eo
411 1706 548 1740 domino
562 1716 627 1752 par
641 1710 809 1748 turturum
829 1709 889 1740 aut
911 1705 998 1739 duos
1024 1706 1139 1750 pullos
1158 1706 1412 1742 columbarum:

25 1772 112 1806 haec
138 1772 225 1807 enim
251 1775 328 1806 erat
351 1771 483 1806 oblatio
508 1782 720 1818 pauperum,
749 1771 811 1806 sed
835 1781 947 1817 agnus
973 1771 1107 1806 oblati0
1134 1772 1288 1807 divitum.
1336 1772 1411 1807 Non

25 1841 139 1872 autem
162 1837 251 1872 dixit
274 1837 390 1883 pullos
413 1842 602 1881 turturum,
627 1837 689 1873 sed
715 1837 829 1883 pullos
850 1836 1108 1879 columbarum,
1135 1839 1217 1883 quia
1242 1838 1328 1884 pulli
1352 1848 1411 1873 (¹0-

27 1902 216 1938 Iumbarum
236 1913 373 1950 semper
387 1905 618 1947 inveniuntur,
639 1905 674 1947 2)
690 1903 774 1949 pulli
796 1906 909 1937 autem
933 1906 1099 1937 turturum
1122 1914 1190 1937 non
1210 1914 1347 1948 semper
1361 1905 1405 1937 in-

27 1970 224 2011 veniuntur,
243 1972 394 2004 turtures
408 1974 520 2004 autem
533 1980 670 2016 semper
682 1970 923 2010 inveniuntur3
949 1978 1011 2003 nee
1023 1968 1149 2003 dicitur
1160 1979 1225 2015 par
1235 1969 1411 2004 columba-

26 2045 112 2076 rum,
125 2035 215 2068 sieut
226 2043 292 2079 par
301 2037 482 2078 turturum,
505 2036 587 2081 quia
598 2034 757 2070 columba
771 2038 824 2069 est
837 2035 912 2068 avis
923 2033 1113 2068 libidinosa
1123 2038 1157 2069 et
1167 2034 1246 2068 ideo
1258 2036 1291 2068 in
1304 2037 1413 2069 saeri-

26 2100 104 2134 licio
123 2109 187 2134 suo
212 2099 306 2134 Deus
333 2099 444 2134 noluit
468 2100 600 2144 offerri,
624 2104 737 2135 turtur
762 2103 876 2134 autem
894 2099 1186 2145 estavispudica.
1215 2099 1285 2135 Sed
1299 2111 1412 2135 nonne

24 2165 131 2201 beata
158 2166 256 2210 virgo
281 2164 398 2201 Maria
420 2166 539 2211 paullo
553 2170 633 2201 ante
648 2177 669 2200 a
682 2167 794 2212 magis
809 2164 915 2199 multa
932 2164 1090 2210 pondera
1106 2167 1182 2199 auri
1204 2168 1413 2211 receperat?

24 2230 170 2266 Videtur
194 2241 301 2277 ergo,
325 2231 418 2277 quod
442 2231 531 2267 bene
563 2233 716 2277 potuerit
741 2242 868 2278 agnum
895 2242 996 2265 unum
1021 2241 1147 2266 emere.
1196 2231 1267 2266 Sed
1293 2231 1410 2266 dieen-

26 2296 103 2330 dum
118 2324 126 2339 ‚
179 2296 271 2340 quod
295 2299 370 2332 sine
406 2297 511 2332 dubio
538 2297 725 2332 secundum
749 2295 964 2332 Bernardum
989 2298 1081 2342 magi
1107 2307 1235 2343 magna
1257 2297 1413 2341 pondera

26 2364 102 2398 auri
136 2359 356 2403 obtulerunt,
405 2363 488 2406 quia
520 2374 587 2397 non
619 2367 673 2398 est
696 2362 909 2403 verisimile,
961 2361 1053 2406 quod
1087 2361 1175 2395 tales
1208 2372 1312 2407 reges
1350 2362 1411 2396 tali

25 2437 133 2473 puero
160 2426 245 2461 vilia
265 2436 409 2460 munera
431 2426 653 2471 obtulissent,
679 2427 741 2462 sed
767 2432 880 2461 tamen
904 2425 1012 2460 beata
1037 2426 1150 2471 virge,
1178 2429 1213 2459 ut
1235 2425 1410 2471 aliquibus

24 2493 172 2535 videtur,
199 2491 283 2526 illud
306 2490 374 2525 sibi
399 2502 467 2525 non
494 2493 653 2535 retinuit,
681 2491 743 2526 sed
768 2492 884 2526 statim
910 2489 1124 2536 pauperibus
1150 2492 1330 2537 erogavit,
1357 2493 1410 2527 vel
1450 2517 1457 2520 .

25 2560 115 2594 sorte
138 2560 173 2592 in
197 2558 394 2604 Aegyptum
430 2558 708 2602 peregrinationi
741 2566 805 2601 per
836 2556 1052 2600 septennium
1078 2556 1266 2591 imminenti
1291 2559 1409 2602 provi-

105 2658 135 2691 2)
161 2656 372 2684 secundum
393 2658 474 2691 jur-⁷·
503 2655 617 2683 addunt
643 2654 697 2682 Ed.
723 2655 790 2681 [lec.
818 2661 894 2686 quae
921 2651 1032 2679 deinde
1058 2653 1245 2686 inbeantn
1257 2662 1269 2678 r
1293 2654 1403 2688 praesa»

23 2705 87 2727 runt
107 2700 174 2727 loco
196 2700 465 2729 inhibeantur.
551 2702 578 2732 2>
602 2700 696 2725 voi-ba
717 2697 819 2734 pulli
840 2712 869 2717 —
892 2697 1145 2725 inveniuntur
1164 2697 1271 2726 omittit
1295 2699 1346 2727 Ed.
1368 2704 1409 2728 l'r,

1094 2753 1133 2787 11
