1742 3005
170 71 241 107 10⁴).
498 70 592 118 Cap.
631 68 733 105 XlX.
803 68 860 105 De
900 72 1029 104 sancto
1061 67 1201 105 Felice.

164 184 228 209 sua
255 174 421 208 inutiliter
448 180 553 216 esset,
581 173 643 207 sed
670 173 698 206 si
725 174 816 206 inter
838 171 996 206 homiues
1020 171 1217 214 habitaret,
1245 171 1359 206 iniiltis
1387 171 1555 216 prodesse

164 244 295 284 posset.
345 239 410 279 Qui
435 249 509 272 cum
534 239 770 284 cogitationes
798 246 882 272 suas
909 236 1068 272 Macar-io
1096 237 1286 280 retulisset,
1313 237 1373 272 ille
1399 238 1466 271 ait:
1493 237 1553 279 fili,

165 306 214 338 sic.
239 304 307 338 illis
333 303 519 349 responde,
545 303 610 338 hoc
635 302 758 338 saltem
786 302 897 345 facio,
925 303 1007 347 quia
1030 306 1176 347 propter
1201 302 1372 337 Christum
1401 304 1555 347 parietes

165 370 265 403 istius
290 368 401 404 cellae
429 369 602 404 custodio.
669 368 754 404 Dum
781 367 953 414 quendam
979 367 1125 412 pulicem
1156 378 1193 402 se
1217 371 1426 413 pungentem
1453 378 1555 403 manu

166 432 353 468 occidisset
377 438 411 469 et
436 435 575 469 multum
603 435 646 470 de
672 435 732 469 illo
758 435 940 481 sanguinis
966 436 1184 475 emanasset,
1220 431 1478 477 reprehendens
1504 442 1608 475 se,s

166 498 258 543 quod
284 502 462 545 propriam
487 500 701 536 vindicasset
725 501 901 546 injuriam,
929 498 1041 534 nudus
1067 508 1129 533 sex
1155 497 1330 533 mensibus
1357 500 1391 532 in
1417 498 1558 533 deserto

165 566 289 598 mansit
315 569 349 600 et
374 565 455 601 inde
483 576 504 600 a
529 565 758 601 scabronibus
786 569 880 600 totus
905 565 1081 601 laceratus
1107 565 1225 599 exivit.
1268 563 1351 599 Post
1379 563 1444 598 hoc
1472 563 1556 598 mul*

168 629 350 664 tis‘clarus
377 631 561 666 virtutihus
590 633 622 665 in
648 642 735 676 pace
763 632 905 676 quievit.

725 945 850 1007 GAP.
891 944 1006 1006 xlx.

549 1047 646 1090 De
689 1047 911 1090 saneto
952 1043 1185 1089 Felice.

263 1151 357 1186 Felix
383 1142 607 1198 praenomine
635 1156 668 1188 in
693 1156 803 1199 pincis
830 1154 976 1191 dicitur.
1027 1155 1078 1189 vel
1105 1166 1126 1189 a
1153 1155 1251 1190 loco.
1289 1157 1321 1188 in
1349 1165 1417 1199 quo
1445 1158 1560 1200 requi-

173 1219 279 1260 escit,
304 1219 360 1253 vel
385 1229 406 1253 a
431 1218 584 1261 subulis,
618 1230 692 1254 cum
721 1220 845 1266 qulbus
871 1230 997 1264 passus
1024 1220 1246 1265 perhibetur,
1273 1230 1351 1254 nam
1376 1221 1477 1265 pinca
1502 1231 1561 1254 su-

172 1283 255 1317 bula
281 1283 415 1319 dicitur.
464 1285 572 1330 Ajunt
598 1287 708 1327 enim,
737 1285 850 1330 quod,
879 1296 953 1319 cum
979 1287 1150 1331 magister
1175 1297 1361 1332 puerorum
1388 1287 1561 1321 exstiterit

174 1352 207 1383 et
233 1350 275 1382 iis
301 1350 439 1383 nimium
466 1350 601 1395 rigidus
624 1350 740 1393 suerit,
766 1355 883 1386 tentus
911 1361 932 1385 a
957 1353 1127 1398 paganis,
1154 1362 1228 1386 cum
1253 1350 1427 1386 Christum
1452 1351 1562 1385 libere

173 1414 406 1458 confiteretur,
432 1415 583 1450 traditus
610 1415 675 1450 suit
698 1418 733 1450 in
757 1417 916 1452 manibus
941 1428 1139 1462 puerorum,
1167 1428 1254 1463 quos
1280 1418 1356 1462 ipse
1382 1417 1561 1460 docuerat,

174 1483 232 1525 qui
259 1491 336 1515 eum
367 1491 443 1515 cuin
478 1481 568 1516 stilis
602 1485 636 1516 et
662 1481 797 1517 subulis
830 1483 1041 1518 oeciderunt.
1111 1482 1272 1517 Ecclesia
1304 1487 1418 1518 tamen
1442 1486 1562 1518 tencre

175 1546 329 1588 videtur,
357 1546 451 1591 quod
476 1558 543 1581 non
569 1548 690 1581 martir
715 1549 869 1590 exstitit,
898 1548 959 1582 sed
986 1548 1178 1583 confessor.
1227 1548 1289 1582 Hic
1314 1547 1358 1582 ad
1384 1547 1561 1593 quodcun-

174 1621 241 1655 que
265 1611 403 1656 ydolum
430 1611 634 1655 ducebatur,
658 1616 694 1646 ut
714 1614 746 1647 ei
762 1614 988 1655 sacrificaret,
1016 1615 1048 1647 in
1068 1613 1155 1647 illud
1177 1613 1401 1655 exsufflabat,
1431 1616 1465 1648 et
1479 1622 1560 1647 con-

175 1677 269 1711 tinuo
298 1677 494 1713 corruebat.
568 1678 716 1723 Legitur
751 1682 865 1712 autem
899 1680 933 1712 in
969 1679 1118 1724 quadam
1143 1678 1295 1726 legenda
1326 1678 1419 1721 alia,
1470 1678 1561 1724 quod

175 1742 253 1776 dum
277 1743 473 1786 Maximus,
517 1744 673 1778 Nolanus
698 1745 905 1789 episcopus,
944 1747 1221 1789 persecutionem
1248 1744 1387 1789 fugiens
1413 1744 1504 1779 same
1530 1748 1564 1779 et

174 1807 256 1853 gelu
281 1809 431 1844 afflictus
457 1810 532 1844 solo
559 1810 773 1852 corruisset,
809 1808 907 1844 Felix
932 1810 976 1844 ab
1001 1810 1130 1857 angelo
1159 1809 1204 1844 ad
1229 1820 1304 1844 eum
1331 1811 1497 1852 mittitur,
1530 1813 1565 1844 et

173 1883 247 1907 cum
272 1874 359 1909 nihil
382 1875 430 1909 ibi
454 1876 522 1910 cibi
550 1875 716 1917 haberet,
743 1875 785 1910 de
813 1879 911 1910 sente
938 1877 1097 1920 proxima
1121 1874 1326 1920 pendentem
1354 1875 1441 1910 vidit
1465 1885 1563 1910 race-

177 1949 284 1983 mum,
311 1940 354 1976 de
379 1953 447 1987 quo
472 1942 506 1975 in
532 1952 571 1975 os
597 1943 673 1986 eJus
699 1942 875 1986 expressit
899 1943 1013 1976 vinum
1037 1941 1259 1986 humerisque
1285 1942 1482 1986 impositum
1507 1951 1563 1976 sc-

174 2015 249 2039 cum
276 2006 410 2041 detulit.
457 2007 539 2052 Ipso
564 2008 672 2053 igitur
697 2006 860 2041 defuncto
884 2005 983 2041 Felix
1009 2008 1043 2041 in
1069 2008 1269 2052 episcopum
1296 2006 1449 2053 eligitur.
1499 2007 1564 2047 Qui

176 2074 256 2113 post
274 2071 350 2105 dum
369 2073 592 2117 praedicaret
617 2076 652 2107 et
676 2076 881 2117 persecutor
906 2083 980 2108 cum
1007 2077 1205 2118 quaereret,
1232 2073 1323 2108 iuter
1340 2073 1494 2118 pai-letes
1511 2071 1563 2106 (li—

177 2139 272 2170 rutos
293 2148 354 2181 per
373 2138 541 2173 modicum
561 2138 691 2173 aditum
711 2148 749 2173 se
770 2138 958 2173 occultavit
977 2140 1164 2183 statimque
1181 2142 1265 2172 nutu
1279 2137 1343 2173 Dei
1356 2148 1420 2182 per
1435 2137 1562 2171 aditum

174 2200 269 2234 illum
297 2202 385 2237 telas
409 2214 562 2239 araneae
594 2206 766 2238 texerunt.
840 2203 934 2244 Quas
962 2203 1039 2237 dum
1065 2205 1310 2248 persecutores
1333 2203 1563 2247 conspiciunt,

175 2267 342 2302 neminem
369 2269 441 2303 illie
466 2279 544 2303 esse
572 2272 733 2313 putantes
759 2267 962 2303 abscedunt.
1011 2268 1095 2303 Inde
1121 2271 1234 2302 autem
1260 2267 1304 2301 ad
1330 2268 1433 2302 alium
1452 2267 1563 2302 locum

175 2335 315 2367 sanctus
347 2332 444 2370 Felix
477 2344 628 2379 pergens
662 2344 681 2368 a
716 2333 864 2380 quadam
903 2333 1007 2368 vidua
1040 2344 1102 2378 per
1133 2337 1205 2368 tres
1240 2343 1376 2368 menses
1401 2332 1565 2370 alimenta

176 2400 348 2443 suscepit,
395 2409 565 2445 nunquam
595 2403 707 2435 tamen
735 2400 810 2445 ejtts
837 2399 957 2434 faeiem
987 2399 1082 2433 vidit.
1132 2398 1287 2434 Tandem
1315 2408 1399 2443 pace
1427 2397 1562 2433 reddita

177 2463 217 2496 ‘ul
243 2464 424 2499 ecclesium
460 2475 555 2500 suam
590 2464 691 2500 rediit
718 2470 749 2499 et
777 2464 822 2499 ibi
850 2467 882 2499 in
909 2475 992 2509 pace
1021 2466 1203 2509 requievit.
1279 2463 1442 2508 Sepultus
1462 2463 1562 2507 juxta

176 2528 290 2563 urbem
319 2532 351 2564 in
378 2531 477 2571 leco,
529 2533 586 2575 qui
613 2530 737 2565 dieitur
765 2530 889 2565 Pincis.
942 2529 1024 2564 Huic
1049 2534 1083 2565 et
1108 2530 1199 2564 alius
1225 2532 1299 2563 erat
1327 2528 1456 2567 frater,
1507 2530 1561 2571 qui

174 2592 267 2627 Felix
298 2596 456 2629 similiter
482 2596 672 2630 dicebatur:
738 2597 890 2640 Cumque
918 2597 1020 2630 etiam
1049 2597 1123 2640 ipse
1151 2595 1254 2639 >dola
1280 2593 1429 2628 adorare
1457 2603 1562 2639 coge-

175 2662 287 2692 retur.
329 2659 433 2693 dixit:
477 2662 601 2694 inimici
631 2662 715 2694 estis
745 2661 891 2695 Deorum
920 2665 1133 2699 vestrorum,
1172 2661 1250 2703 quia
1279 2660 1306 2692 si
1336 2669 1386 2692 me
1415 2658 1457 2692 ad
1484 2659 1562 2692 illos
