1742 3005
192 81 243 117 :32⁷⁴
465 83 558 130 tssap.
595 82 633 114 Υ.
695 82 749 116 De.
783 87 910 115 sancto
943 64 1093 114 ‘l‘boina
1124 79 1314 128 apostolo.

192 185 344 219 breviter
372 186 546 225 instruxit,
575 184 709 218 scilicet
734 188 769 217 ut
795 183 976 217 ecclesiam
1005 183 1211 228 diligerent,
1241 182 1443 216 sacerdotes
1470 182 1580 215 liono-

194 254 311 284 rarcnt
342 254 374 283 et
409 249 551 283 assiduo
584 249 629 282 ad
655 247 864 282 audiendum
893 247 1031 281 verbum
1055 247 1118 282 Dei
1144 249 1378 282 convenirent.
1450 247 1579 281 Rever-

195 319 288 349 tente
321 319 434 348 antem
475 315 599 359 regina
635 313 723 346 dixit
759 314 791 347 ei
824 323 884 347 rex
911 313 965 356 ¹):
1015 317 1052 346 ut
1085 312 1167 357 quid
1193 313 1323 347 tamdiu
1352 317 1487 347 morata
1515 314 1578 346 es?

196 382 292 420 Quae
322 379 520 423 respondit:
547 378 711 424 putabam
736 378 954 425 li'ligdoniam
979 378 1119 412 stultam
1144 388 1236 419 esse,
1265 382 1298 412 et
1324 380 1581 422 sapientissima

197 450 249 480 est
275 449 308 479 et
332 455 384 479 me
418 444 463 479 ad
495 445 690 490 apostolum
725 445 787 479 Dei
821 444 949 479 ducens
988 445 1079 478 viam
1107 445 1264 478 veritatis
1291 430 1583 489 mecognosccre

199 512 280 546 fec-it
305 515 339 545 ct
361 512 462 544 nimis
487 511 584 545 stulti
609 515 687 545 sunt
703 539 710 552 ,
749 513 809 556 qui
833 513 867 544 in
892 510 1066 545 Christum
1093 520 1159 543 non
1193 509 1348 543 credunt.
1398 508 1585 553 Noluitque

198 579 321 623 regina
347 577 423 622 regi
448 576 612 622 deinceps
638 577 808 622 copulari.
859 577 1084 621 stupefactus
1108 579 1220 610 autem
1247 586 1309 609 rex
1334 575 1421 608 dixit
1435 578 1586 619 cognato

197 653 281 677 suo:
315 642 393 676 dum
417 646 511 676 tuam
540 653 682 677 uxorem
707 653 916 687 recuperare
943 642 1086 683 vellem,
1129 652 1237 676 meam
1263 641 1398 685 perdidi
1425 646 1459 674 ot
1487 641 1587 684 pejor

200 708 282 742 mihi
308 719 385 743 mea
418 709 543 743 effecta
568 714 639 749 est,
690 719 791 753 qnam
815 712 875 742 tua
900 708 974 743 tibi.
1047 707 1144 742 Tunc
1175 718 1235 742 rex
1258 708 1366 752 jussit
1391 706 1587 750 apostolum

201 774 319 819 ligatis
345 774 502 808 manibus
529 774 573 807 ad
598 784 636 808 se
658 774 782 808 adduci
809 775 1028 819 praecipiens
1055 776 1084 808 ei
1101 802 1108 814 ,
1152 777 1187 807 ut
1212 773 1256 807 ad
1282 783 1364 806 suos
1387 774 1479 805 viros
1506 782 1587 805 con-

195 841 303 885 Juges
329 844 521 875 revocaret.
570 840 763 884 Apostolus
789 843 902 873 autem
928 839 1056 884 triplici
1081 839 1239 883 exemplo
1263 838 1436 879 ostendit,
1471 846 1589 882 quam-

203 905 260 940 diu
294 908 328 939 in
364 916 483 941 errore
522 907 773 950 persisterent,
824 905 889 939 hoc
933 905 1049 940 facero
1083 916 1150 939 non
1187 905 1374 945 deberent,
1429 903 1591 938 videlicet

203 972 362 1016 exemplo
388 973 505 1018 rogis,
535 972 694 1016 exemplo
719 973 847 1007 turris.
876 976 909 1006 et
934 971 1093 1016 exemplo
1121 970 1237 1005 fontis.
1289 969 1405 1006 Unde.
1431 969 1529 1006 dixit,
1555 972 1591 1002 tu

203 1048 277 1071 cum
305 1039 354 1071 sis
379 1048 460 1077 rex,
488 1048 556 1071 nou
582 1039 632 1072 vis
657 1037 788 1072 habere
813 1039 1039 1082 coinquinata
1063 1038 1228 1078 servitia,
1259 1036 1319 1071 sed
1346 1035 1489 1069 mundos
1517 1046 1590 1069 scr—

205 1113 266 1136 vos
294 1105 427 1148 pariter
450 1107 485 1137 et
508 1103 665 1137 ancillas.
737 1105 874 1144 Quanto
900 1105 1014 1149 magis
1040 1102 1183 1137 credere
1209 1101 1316 1136 debes
1342 1102 1449 1136 Deum
1474 1110 1592 1135 amaro

205 1170 403 1203 castissima
427 1173 462 1203 et
485 1170 611 1203 munda
635 1171 808 1205 servitia?
869 1169 958 1209 Quid
992 1180 1077 1214 ergo
1105 1169 1245 1213 culpor.
1292 1169 1320 1201 si
1342 1168 1449 1202 Deum
1476 1177 1592 1201 amare

206 1234 371 1278 praedico
396 1237 431 1268 in
457 1237 569 1270 servis
594 1237 687 1271 suis,
737 1236 827 1280 quod
855 1236 974 1281 diligis
1000 1239 1033 1269 et
1059 1236 1093 1268 in
1118 1236 1198 1268 tuis.
1266 1233 1448 1267 Fabi-icari
1473 1234 1593 1267 turrim

206 1300 379 1333 excelsam
407 1304 441 1334 et
465 1300 551 1334 dicis
578 1301 660 1335 mihi
686 1305 723 1335 ut
748 1313 828 1348 ego.
854 1303 911 1346 qui
942 1300 1124 1336 fabricavi,
1150 1293 1225 1334 eam
1251 1299 1454 1333 destruam?
1506 1298 1590 1332 Fodi

208 1369 335 1399 terram
368 1366 574 1410 profundam
611 1371 645 1402 et
671 1367 773 1401 eduxi
813 1367 939 1401 fontem
983 1366 1025 1401 de
1050 1366 1200 1410 abysso,
1242 1370 1275 1400 et
1301 1365 1387 1399 dicis
1414 1364 1513 1406 mihi,
1560 1370 1594 1399 ut

209 1430 387 1465 obstruam
421 1432 545 1467 illum?
601 1433 698 1467 Tunc
734 1435 844 1467 iratus
880 1443 939 1467 rex
976 1432 1093 1466 afferri
1122 1433 1230 1477 jussit
1262 1430 1426 1465 ardentes
1452 1431 1597 1465 laminas

211 1496 345 1530 ferreas
371 1500 405 1531 et
428 1499 625 1542 apostolum
651 1503 745 1533 stare
770 1498 871 1532 nudis
897 1497 1044 1543 pedibus
1067 1509 1173 1542 super
1200 1508 1271 1531 cas.
1349 1496 1510 1531 Protinus
1536 1506 1596 1530 au-

211 1565 276 1595 tem
302 1566 385 1595 nutu
410 1562 473 1596 Dei
499 1563 577 1598 fons
603 1565 649 1598 ibi
676 1566 791 1609 erupit
824 1568 858 1598 ct
885 1574 945 1599 eas
979 1564 1155 1598 exstinxit.
1227 1562 1324 1597 Tunc·
1357 1573 1417 1596 rex
1450 1563 1597 1596 consilio

210 1629 352 1671 cognati
383 1629 434 1662 sui
461 1639 536 1663 eum
563 1631 595 1663 in
624 1630 797 1665 fornacem
823 1630 999 1664 ardentem
1026 1630 1111 1663 mitti
1139 1629 1231 1665 fecit,
1260 1637 1348 1672 quae
1371 1628 1421 1660 sic
1446 1627 1595 1671 refrigo—

212 1696 289 1726 rata
315 1697 388 1734 est,
427 1698 463 1727 ut
490 1694 545 1729 die
570 1695 683 1730 altera
708 1706 813 1730 sanus
840 1695 918 1729 iudo
944 1696 1053 1729 exiret
1081 1698 1115 1729 et
1141 1694 1303 1734 illaesus-3
1340 1693 1496 1738 dixitque
1522 1696 1594 1740 regi

212 1759 389 1792 Carisius:
411 1759 466 1793 fac
493 1761 585 1794 illum
612 1762 739 1795 offerro
763 1761 967 1795 saei-ilicium
987 1761 1059 1795 Deo
1088 1760 1186 1800 solis,
1213 1763 1249 1792 ut
1270 1759 1331 1793 Dei
1361 1760 1414 1792 sui
1440 1761 1524 1793 iram
1543 1761 1595 1793 in-

211 1829 340 1865 currat,
367 1827 425 1869 qni
443 1825 486 1859 ab
506 1825 560 1860 his
580 1838 654 1861 eum
675 1827 811 1861 liberat.
841 1828 993 1872 Cumque
1020 1826 1062 1860 ad
1089 1826 1154 1859 hoc
1180 1829 1378 1871 urgeretur,
1404 1824 1492 1858 dixit
1505 1826 1596 1869 regi:

211 1892 448 1933 praestantior
481 1902 518 1927 es
554 1904 654 1938 quam
691 1894 826 1927 factura
860 1897 916 1926 tua
953 1896 986 1927 ct
1013 1893 1174 1937 quoniam
1202 1894 1237 1924 tu
1263 1901 1378 1925 verum
1404 1890 1510 1924 Deum
1536 1900 1596 1925 nc-

211 1956 320 2000 gligis
347 1961 381 1989 et
409 1958 576 2001 picturam
600 1959 709 1997 colis,
750 1964 787 1992 tu
812 1963 933 2003 putas,
983 1958 1074 2003 quod
1101 1959 1190 1992 sicut
1217 1957 1372 1992 Carisius
1398 1956 1489 1990 Deus
1516 1955 1595 1989 mihi

213 2023 402 2064 irascetur,
441 2029 624 2069 postquam
651 2025 846 2059 adoravero
875 2024 980 2059 ileum
1007 2027 1119 2058 tuum:
1151 2024 1264 2068 magis
1290 2026 1403 2057 autem
1429 2023 1600 2056 irascetur

214 2086 284 2120 ilco
312 2092 369 2121 tuo
396 2099 541 2134 eumque
566 2091 772 2124 comminuet
800 2091 832 2133 ²⁸)
858 2090 1019 2131 adm-atu,
1046 2091 1155 2134 igitur
1180 2099 1255 2123 eum
1281 2088 1402 2122 adoro.
1452 2088 1488 2121 Si
1514 2098 1599 2132 ergo

214 2163 265 2187 mo
291 2153 460 2189 adorante
486 2156 591 2190 Deum
616 2160 709 2190 tuum
738 2156 828 2190 Deus
849 2167 922 2189 «non
950 2159 1084 2189 evertet
1109 2155 1222 2194 illum,
1247 2153 1453 2188 sacrificabo
1480 2153 1543 2193 illi,
1568 2155 1596 2186 si

213 2224 326 2252 autem
353 2221 425 2261 sic,
479 2225 511 2254 tu
538 2222 660 2255 credes
687 2222 759 2255 lleo
786 2232 874 2255 meo.
942 2221 1002 2254 (lui
1032 2231 1111 2254 rex:
1160 2220 1271 2253 adbuc
1297 2230 1424 2253 mecum
1451 2218 1493 2252 de
1521 2220 1595 2262 pari

214 2284 369 2329 loqueris
398 2290 440 2327 3).
474 2286 649 2331 Praecipit
676 2288 783 2332 igitur
807 2287 990 2331 apostolus
1018 2286 1180 2320 hebraice
1207 2285 1378 2326 daemoni,
1411 2285 1468 2328 qui
1496 2285 1529 2317 in
1555 2294 1596 2318 co

214 2355 308 2388 erat,
361 2356 395 2385 ut
430 2363 529 2397 quam
565 2354 633 2386 cito
666 2363 780 2386 coram
807 2352 911 2397 ydolo
939 2362 1054 2397 genum
1081 2353 1235 2385 flecteret
1261 2355 1295 2386 ct
1319 2352 1433 2385 statim
1458 2349 1596 2394 ydolum

214 2420 469 2452 t·‹niltttitlttet·ct.
539 2417 697 2453 Flectens
726 2420 833 2463 igitur
857 2417 1039 2462 apostolus
1071 2427 1188 2461 =arnna
1212 2417 1319 2451 dixit:
1369 2427 1448 2451 cccc
1475 2415 1596 2451 adoro.

215 2483 274 2515 scd
303 2495 367 2517 uon
393 2484 550 2528 ydolum:
585 2495 663 2517 ecce
689 2484 819 2521 adoro,
849 2483 910 2518 sed
938 2494 1003 2517 uon
1031 2484 1224 2517 metalium:
1263 2493 1342 2517 ccco
1370 2481 1501 2516 adoro.
1536 2479 1596 2512 sed

287 2610 309 2635 Ι)
331 2610 463 2631 iso-tnnc
486 2608 638 2634 lem-mlum
662 2609 704 2633 ,ἩΙ
727 2608 825 2640 ‘tuni⁴
945 2610 972 2638 ¹3)
1001 2607 1183 2634 ΥΟΝΙῙἸΙῙΙΙΙΗ
1205 2607 1338 2632 ’ῚίῙΗΠῘῙ
1354 2615 1367 2628 ¹¹
1393 2603 1503 2628 *[(ῙΡΙΙΠ
1536 2612 1582 2635 ‘im

216 2661 286 2676 ἸΙΙΗΙ
309 2663 363 2675 ¹¹-ss
378 2673 383 2679 .
495 2653 520 2676 ἰ’
551 2653 646 2677 xcvii-w
669 2663 702 2683 pi
718 2664 746 2677 ,ιι
767 2664 772 2675 ι
791 2665 803 2674 ιἸ
818 2663 833 2685 μ
848 2661 872 2677 ιι
898 2667 922 2671 ---
948 2652 1132 2678 ιιηηιῃὶῃῃ
1148 2655 1223 2677 ιιι-μί
1247 2649 1347 2683 §puniit
1370 2653 1394 2672 1³!
1417 2658 1450 2673 <ax
1476 2656 1583 2679 ⁴⁴'⁴i¹¹''¹¹

216 2696 294 2722 nibus
315 2700 376 2721 mli
399 2695 544 2722 xidmmn.
