<?xml version="1.0" encoding="UTF-8"?>
<!DOCTYPE html PUBLIC "-//W3C//DTD XHTML 1.0 Transitional//EN"
    "http://www.w3.org/TR/xhtml1/DTD/xhtml1-transitional.dtd">
<html xmlns="http://www.w3.org/1999/xhtml" xml:lang="en" lang="en">
 <head>
  <title>
</title>
<meta http-equiv="Content-Type" content="text/html;charset=utf-8" />
  <meta name='ocr-system' content='tesseract 3.04.00' />
  <meta name='ocr-capabilities' content='ocr_page ocr_carea ocr_par ocr_line ocrx_word'/>
</head>
<body>
  <div class='ocr_page' id='page_1' title='image "./legendaaureavulg00jacouoft_0337.png"; bbox 0 0 1742 3005; ppageno 0'>
   <div class='ocr_carea' id='block_1_1' title="bbox 292 68 1492 119">
    <p class='ocr_par' dir='ltr' id='par_1_1' title="bbox 292 68 1492 119">
     <span class='ocr_line' id='line_1_1' title="bbox 292 68 1492 119; baseline 0.006 -14"><span class='ocrx_word' id='word_1_1' title='bbox 292 70 387 119; x_wconf 85' lang='lat' dir='ltr'>Cap.</span> <span class='ocrx_word' id='word_1_2' title='bbox 418 68 588 105; x_wconf 81' lang='lat' dir='ltr'><strong>valil.</strong></span> <span class='ocrx_word' id='word_1_3' title='bbox 646 68 704 106; x_wconf 88' lang='lat' dir='ltr'><strong>De</strong></span> <span class='ocrx_word' id='word_1_4' title='bbox 744 69 960 108; x_wconf 82' lang='lat' dir='ltr'><strong>inventione</strong></span> <span class='ocrx_word' id='word_1_5' title='bbox 991 74 1145 108; x_wconf 83' lang='lat' dir='ltr'><strong>sanctae</strong></span> <span class='ocrx_word' id='word_1_6' title='bbox 1175 72 1308 108; x_wconf 87' lang='lat' dir='ltr'><strong>crucis.</strong></span> <span class='ocrx_word' id='word_1_7' title='bbox 1411 72 1492 112; x_wconf 78' lang='lat'><strong>309</strong></span> 
     </span>
    </p>
   </div>
   <div class='ocr_carea' id='block_1_2' title="bbox 67 170 1494 2575">
    <p class='ocr_par' dir='ltr' id='par_1_2' title="bbox 67 170 1494 2575">
     <span class='ocr_line' id='line_1_2' title="bbox 107 170 1493 217; baseline 0.005 -12"><span class='ocrx_word' id='word_1_8' title='bbox 107 171 236 206; x_wconf 79' lang='lat' dir='ltr'><strong>Christi</strong></span> <span class='ocrx_word' id='word_1_9' title='bbox 260 170 304 205; x_wconf 87' lang='lat' dir='ltr'><strong>ab</strong></span> <span class='ocrx_word' id='word_1_10' title='bbox 329 171 398 206; x_wconf 87' lang='lat' dir='ltr'><strong>illis</strong></span> <span class='ocrx_word' id='word_1_11' title='bbox 424 171 594 206; x_wconf 87' lang='lat' dir='ltr'><strong>latronum</strong></span> <span class='ocrx_word' id='word_1_12' title='bbox 618 173 795 208; x_wconf 80' lang='lat' dir='ltr'><strong>nescirent</strong></span> <span class='ocrx_word' id='word_1_13' title='bbox 820 173 1031 217; x_wconf 71' lang='lat' dir='ltr'><strong>discernere,</strong></span> <span class='ocrx_word' id='word_1_14' title='bbox 1058 184 1119 211; x_wconf 88' lang='lat' dir='ltr'><strong>eas</strong></span> <span class='ocrx_word' id='word_1_15' title='bbox 1145 176 1180 210; x_wconf 91' lang='lat' dir='ltr'><strong>in</strong></span> <span class='ocrx_word' id='word_1_16' title='bbox 1203 175 1316 210; x_wconf 88' lang='lat' dir='ltr'><strong>medio</strong></span> <span class='ocrx_word' id='word_1_17' title='bbox 1341 178 1493 212; x_wconf 86' lang='lat' dir='ltr'><strong>civitatis</strong></span> 
     </span>
     <span class='ocr_line' id='line_1_3' title="bbox 105 237 1494 284; baseline 0.006 -14"><span class='ocrx_word' id='word_1_18' title='bbox 105 240 296 281; x_wconf 87' lang='lat' dir='ltr'><strong>posuerunt</strong></span> <span class='ocrx_word' id='word_1_19' title='bbox 328 237 458 272; x_wconf 79' lang='lat' dir='ltr'><strong>ibidem</strong></span> <span class='ocrx_word' id='word_1_20' title='bbox 489 238 639 283; x_wconf 82' lang='lat' dir='ltr'><strong>gloriam</strong></span> <span class='ocrx_word' id='word_1_21' title='bbox 672 238 800 272; x_wconf 89' lang='lat' dir='ltr'><strong>domini</strong></span> <span class='ocrx_word' id='word_1_22' title='bbox 833 240 1092 284; x_wconf 78' lang='lat' dir='ltr'><strong>praestolantes</strong></span> <span class='ocrx_word' id='word_1_23' title='bbox 1127 244 1160 275; x_wconf 87' lang='lat' dir='ltr'><strong>et</strong></span> <span class='ocrx_word' id='word_1_24' title='bbox 1193 250 1274 276; x_wconf 84' lang='lat' dir='ltr'><strong>eece</strong></span> <span class='ocrx_word' id='word_1_25' title='bbox 1299 252 1373 276; x_wconf 88' lang='lat' dir='ltr'><strong>cum</strong></span> <span class='ocrx_word' id='word_1_26' title='bbox 1398 245 1494 278; x_wconf 88' lang='lat' dir='ltr'><strong>circa</strong></span> 
     </span>
     <span class='ocr_line' id='line_1_4' title="bbox 103 303 1490 349; baseline 0.004 -12"><span class='ocrx_word' id='word_1_27' title='bbox 103 303 225 338; x_wconf 85' lang='lat' dir='ltr'><strong>horam</strong></span> <span class='ocrx_word' id='word_1_28' title='bbox 251 313 377 338; x_wconf 89' lang='lat' dir='ltr'><strong>nonam</strong></span> <span class='ocrx_word' id='word_1_29' title='bbox 403 303 540 348; x_wconf 84' lang='lat' dir='ltr'><strong>quidam</strong></span> <span class='ocrx_word' id='word_1_30' title='bbox 561 304 703 349; x_wconf 85' lang='lat' dir='ltr'><strong>juvenis</strong></span> <span class='ocrx_word' id='word_1_31' title='bbox 732 309 886 339; x_wconf 87' lang='lat' dir='ltr'><strong>mortuus</strong></span> <span class='ocrx_word' id='word_1_32' title='bbox 923 305 1142 348; x_wconf 84' lang='lat' dir='ltr'><strong>deferretur,</strong></span> <span class='ocrx_word' id='word_1_33' title='bbox 1178 305 1289 342; x_wconf 86' lang='lat' dir='ltr'><strong>Judas</strong></span> <span class='ocrx_word' id='word_1_34' title='bbox 1326 307 1490 343; x_wconf 87' lang='lat' dir='ltr'><strong>feretrum</strong></span> 
     </span>
     <span class='ocr_line' id='line_1_5' title="bbox 100 370 1490 419; baseline 0.004 -17"><span class='ocrx_word' id='word_1_35' title='bbox 100 370 212 403; x_wconf 84' lang='lat' dir='ltr'><strong>tenuit</strong></span> <span class='ocrx_word' id='word_1_36' title='bbox 237 373 271 404; x_wconf 87' lang='lat' dir='ltr'><strong>et</strong></span> <span class='ocrx_word' id='word_1_37' title='bbox 294 370 437 414; x_wconf 84' lang='lat' dir='ltr'><strong>primam</strong></span> <span class='ocrx_word' id='word_1_38' title='bbox 464 373 497 403; x_wconf 87' lang='lat' dir='ltr'><strong>et</strong></span> <span class='ocrx_word' id='word_1_39' title='bbox 521 370 710 404; x_wconf 81' lang='lat' dir='ltr'><strong>secundani</strong></span> <span class='ocrx_word' id='word_1_40' title='bbox 740 380 875 404; x_wconf 85' lang='lat' dir='ltr'><strong>crucem</strong></span> <span class='ocrx_word' id='word_1_41' title='bbox 910 380 1015 414; x_wconf 88' lang='lat' dir='ltr'><strong>super</strong></span> <span class='ocrx_word' id='word_1_42' title='bbox 1045 380 1172 415; x_wconf 86' lang='lat' dir='ltr'><strong>corpus</strong></span> <span class='ocrx_word' id='word_1_43' title='bbox 1199 371 1355 407; x_wconf 78' lang='lat' dir='ltr'><strong>defuncti</strong></span> <span class='ocrx_word' id='word_1_44' title='bbox 1378 380 1490 419; x_wconf 86' lang='lat' dir='ltr'><strong>appo-</strong></span> 
     </span>
     <span class='ocr_line' id='line_1_6' title="bbox 100 435 1488 482; baseline 0.004 -14"><span class='ocrx_word' id='word_1_45' title='bbox 100 436 181 476; x_wconf 85' lang='lat' dir='ltr'><strong>suit,</strong></span> <span class='ocrx_word' id='word_1_46' title='bbox 209 435 272 469; x_wconf 89' lang='lat' dir='ltr'><strong>sed</strong></span> <span class='ocrx_word' id='word_1_47' title='bbox 300 445 518 480; x_wconf 85' lang='lat' dir='ltr'><strong>nequaquam</strong></span> <span class='ocrx_word' id='word_1_48' title='bbox 544 435 605 470; x_wconf 90' lang='lat' dir='ltr'><strong>ille</strong></span> <span class='ocrx_word' id='word_1_49' title='bbox 629 437 792 476; x_wconf 80' lang='lat' dir='ltr'><strong>surrexit,</strong></span> <span class='ocrx_word' id='word_1_50' title='bbox 819 445 1000 479; x_wconf 83' lang='lat' dir='ltr'><strong>apponens</strong></span> <span class='ocrx_word' id='word_1_51' title='bbox 1026 440 1139 470; x_wconf 87' lang='lat' dir='ltr'><strong>autem</strong></span> <span class='ocrx_word' id='word_1_52' title='bbox 1163 439 1303 471; x_wconf 86' lang='lat' dir='ltr'><strong>tertiam</strong></span> <span class='ocrx_word' id='word_1_53' title='bbox 1327 440 1488 482; x_wconf 88' lang='lat' dir='ltr'><strong>protinus</strong></span> 
     </span>
     <span class='ocr_line' id='line_1_7' title="bbox 99 498 1488 549; baseline 0.003 -15"><span class='ocrx_word' id='word_1_54' title='bbox 99 500 203 535; x_wconf 84' lang='lat' dir='ltr'><strong>rediit</strong></span> <span class='ocrx_word' id='word_1_55' title='bbox 229 500 414 535; x_wconf 84' lang='lat' dir='ltr'><strong>defunctus</strong></span> <span class='ocrx_word' id='word_1_56' title='bbox 442 500 487 534; x_wconf 85' lang='lat' dir='ltr'><strong>ad</strong></span> <span class='ocrx_word' id='word_1_57' title='bbox 511 502 627 535; x_wconf 80' lang='lat' dir='ltr'><strong>vitam.</strong></span> <span class='ocrx_word' id='word_1_58' title='bbox 675 498 712 533; x_wconf 91' lang='lat' dir='ltr'><strong>In</strong></span> <span class='ocrx_word' id='word_1_59' title='bbox 736 499 903 544; x_wconf 60' lang='lat' dir='ltr'><strong>hystoriis</strong></span> <span class='ocrx_word' id='word_1_60' title='bbox 928 505 1043 535; x_wconf 88' lang='lat' dir='ltr'><strong>autem</strong></span> <span class='ocrx_word' id='word_1_61' title='bbox 1072 501 1324 536; x_wconf 83' lang='lat' dir='ltr'><strong>ecelesiasticis</strong></span> <span class='ocrx_word' id='word_1_62' title='bbox 1344 503 1488 549; x_wconf 79' lang='lat' dir='ltr'><strong>legitur,</strong></span> 
     </span>
     <span class='ocr_line' id='line_1_8' title="bbox 97 564 1486 611; baseline 0.004 -13"><span class='ocrx_word' id='word_1_63' title='bbox 97 565 191 610; x_wconf 82' lang='lat' dir='ltr'><strong>quod</strong></span> <span class='ocrx_word' id='word_1_64' title='bbox 216 575 290 600; x_wconf 87' lang='lat' dir='ltr'><strong>cum</strong></span> <span class='ocrx_word' id='word_1_65' title='bbox 306 565 486 611; x_wconf 71' lang='lat' dir='ltr'><strong>‚quaedam</strong></span> <span class='ocrx_word' id='word_1_66' title='bbox 511 564 636 599; x_wconf 88' lang='lat' dir='ltr'><strong>mulier</strong></span> <span class='ocrx_word' id='word_1_67' title='bbox 660 565 827 609; x_wconf 87' lang='lat' dir='ltr'><strong>primaria</strong></span> <span class='ocrx_word' id='word_1_68' title='bbox 851 566 1004 599; x_wconf 85' lang='lat' dir='ltr'><strong>civitatis</strong></span> <span class='ocrx_word' id='word_1_69' title='bbox 1030 567 1199 600; x_wconf 76' lang='lat' dir='ltr'><strong>semiviva</strong></span> <span class='ocrx_word' id='word_1_70' title='bbox 1213 567 1371 611; x_wconf 77' lang='lat' dir='ltr'><strong>Jaceret,</strong></span> <span class='ocrx_word' id='word_1_71' title='bbox 1406 567 1486 603; x_wconf 85' lang='lat' dir='ltr'><strong>Ma-</strong></span> 
     </span>
     <span class='ocr_line' id='line_1_9' title="bbox 96 629 1485 675; baseline 0.001 -9"><span class='ocrx_word' id='word_1_72' title='bbox 96 633 211 666; x_wconf 70' lang='lat' dir='ltr'><strong>carius</strong></span> <span class='ocrx_word' id='word_1_73' title='bbox 238 633 425 675; x_wconf 87' lang='lat' dir='ltr'><strong>episcopus</strong></span> <span class='ocrx_word' id='word_1_74' title='bbox 450 629 786 675; x_wconf 74' lang='lat' dir='ltr'><strong>Hierosolymitanus</strong></span> <span class='ocrx_word' id='word_1_75' title='bbox 814 631 958 675; x_wconf 88' lang='lat' dir='ltr'><strong>primam</strong></span> <span class='ocrx_word' id='word_1_76' title='bbox 985 634 1019 665; x_wconf 92' lang='lat' dir='ltr'><strong>et</strong></span> <span class='ocrx_word' id='word_1_77' title='bbox 1044 631 1231 666; x_wconf 88' lang='lat' dir='ltr'><strong>secundam</strong></span> <span class='ocrx_word' id='word_1_78' title='bbox 1259 642 1394 668; x_wconf 78' lang='lat' dir='ltr'><strong>erucem</strong></span> <span class='ocrx_word' id='word_1_79' title='bbox 1420 634 1485 668; x_wconf 90' lang='lat' dir='ltr'><strong>ad-</strong></span> 
     </span>
     <span class='ocr_line' id='line_1_10' title="bbox 95 695 1485 744; baseline 0.002 -13"><span class='ocrx_word' id='word_1_80' title='bbox 95 697 223 738; x_wconf 86' lang='lat' dir='ltr'><strong>hibuit,</strong></span> <span class='ocrx_word' id='word_1_81' title='bbox 257 695 319 730; x_wconf 89' lang='lat' dir='ltr'><strong>sed</strong></span> <span class='ocrx_word' id='word_1_82' title='bbox 343 695 428 729; x_wconf 88' lang='lat' dir='ltr'><strong>nihil</strong></span> <span class='ocrx_word' id='word_1_83' title='bbox 455 695 624 740; x_wconf 79' lang='lat' dir='ltr'><strong>profecit,</strong></span> <span class='ocrx_word' id='word_1_84' title='bbox 658 697 797 730; x_wconf 81' lang='lat' dir='ltr'><strong>tertiam</strong></span> <span class='ocrx_word' id='word_1_85' title='bbox 830 707 914 730; x_wconf 84' lang='lat' dir='ltr'><strong>vero</strong></span> <span class='ocrx_word' id='word_1_86' title='bbox 954 699 1121 741; x_wconf 87' lang='lat' dir='ltr'><strong>apposuit</strong></span> <span class='ocrx_word' id='word_1_87' title='bbox 1146 702 1179 733; x_wconf 91' lang='lat' dir='ltr'><strong>et</strong></span> <span class='ocrx_word' id='word_1_88' title='bbox 1203 698 1328 733; x_wconf 89' lang='lat' dir='ltr'><strong>mulier</strong></span> <span class='ocrx_word' id='word_1_89' title='bbox 1351 702 1485 744; x_wconf 86' lang='lat' dir='ltr'><strong>apertis</strong></span> 
     </span>
     <span class='ocr_line' id='line_1_11' title="bbox 71 754 1484 808; baseline 0.001 -12"><span class='ocrx_word' id='word_1_90' title='bbox 71 754 203 796; x_wconf 49' lang='lat' dir='ltr'><strong>³oeulis</strong></span> <span class='ocrx_word' id='word_1_91' title='bbox 228 762 388 806; x_wconf 84' lang='lat' dir='ltr'><strong>protinus</strong></span> <span class='ocrx_word' id='word_1_92' title='bbox 422 765 547 795; x_wconf 86' lang='lat' dir='ltr'><strong>sanata</strong></span> <span class='ocrx_word' id='word_1_93' title='bbox 579 762 742 796; x_wconf 76' lang='lat' dir='ltr'><strong>surrexit.</strong></span> <span class='ocrx_word' id='word_1_94' title='bbox 792 761 998 796; x_wconf 83' lang='lat' dir='ltr'><strong>Ambrosius</strong></span> <span class='ocrx_word' id='word_1_95' title='bbox 1029 773 1111 797; x_wconf 80' lang='lat' dir='ltr'><strong>vero</strong></span> <span class='ocrx_word' id='word_1_96' title='bbox 1148 762 1252 804; x_wconf 78' lang='lat' dir='ltr'><strong>(licit,</strong></span> <span class='ocrx_word' id='word_1_97' title='bbox 1290 764 1382 808; x_wconf 85' lang='lat' dir='ltr'><strong>quod</strong></span> <span class='ocrx_word' id='word_1_98' title='bbox 1409 764 1484 799; x_wconf 89' lang='lat' dir='ltr'><strong>dis-</strong></span> 
     </span>
     <span class='ocr_line' id='line_1_12' title="bbox 91 826 1483 873; baseline 0.002 -12"><span class='ocrx_word' id='word_1_99' title='bbox 91 829 201 862; x_wconf 80' lang='lat' dir='ltr'><strong>crevit</strong></span> <span class='ocrx_word' id='word_1_100' title='bbox 232 829 345 872; x_wconf 85' lang='lat' dir='ltr'><strong>ipsam</strong></span> <span class='ocrx_word' id='word_1_101' title='bbox 378 836 514 861; x_wconf 83' lang='lat' dir='ltr'><strong>erucem</strong></span> <span class='ocrx_word' id='word_1_102' title='bbox 548 826 677 861; x_wconf 88' lang='lat' dir='ltr'><strong>domini</strong></span> <span class='ocrx_word' id='word_1_103' title='bbox 711 827 962 871; x_wconf 71' lang='lat' dir='ltr'><strong>pertitulum,</strong></span> <span class='ocrx_word' id='word_1_104' title='bbox 999 839 1100 872; x_wconf 85' lang='lat' dir='ltr'><strong>quem</strong></span> <span class='ocrx_word' id='word_1_105' title='bbox 1133 832 1303 873; x_wconf 86' lang='lat' dir='ltr'><strong>posuerat</strong></span> <span class='ocrx_word' id='word_1_106' title='bbox 1328 829 1483 873; x_wconf 58' lang='lat' dir='ltr'><strong>Pj‘latus,</strong></span> 
     </span>
     <span class='ocr_line' id='line_1_13' title="bbox 90 892 1481 938; baseline 0.001 -11"><span class='ocrx_word' id='word_1_107' title='bbox 90 904 190 938; x_wconf 84' lang='lat' dir='ltr'><strong>quem</strong></span> <span class='ocrx_word' id='word_1_108' title='bbox 215 892 350 926; x_wconf 87' lang='lat' dir='ltr'><strong>titulum</strong></span> <span class='ocrx_word' id='word_1_109' title='bbox 376 892 506 927; x_wconf 84' lang='lat' dir='ltr'><strong>ibidem</strong></span> <span class='ocrx_word' id='word_1_110' title='bbox 531 893 663 926; x_wconf 76' lang='lat' dir='ltr'><strong>invenit</strong></span> <span class='ocrx_word' id='word_1_111' title='bbox 688 897 722 927; x_wconf 91' lang='lat' dir='ltr'><strong>et</strong></span> <span class='ocrx_word' id='word_1_112' title='bbox 745 892 844 937; x_wconf 63' lang='lat' dir='ltr'><strong>legit.</strong></span> <span class='ocrx_word' id='word_1_113' title='bbox 893 892 1071 937; x_wconf 59' lang='lat' dir='ltr'><strong>Dyabolus</strong></span> <span class='ocrx_word' id='word_1_114' title='bbox 1097 897 1210 927; x_wconf 87' lang='lat' dir='ltr'><strong>autem</strong></span> <span class='ocrx_word' id='word_1_115' title='bbox 1233 895 1265 927; x_wconf 90' lang='lat' dir='ltr'><strong>in</strong></span> <span class='ocrx_word' id='word_1_116' title='bbox 1285 898 1366 928; x_wconf 76' lang='lat' dir='ltr'><strong>aere</strong></span> <span class='ocrx_word' id='word_1_117' title='bbox 1383 897 1481 928; x_wconf 75' lang='lat' dir='ltr'><strong>voci-</strong></span> 
     </span>
     <span class='ocr_line' id='line_1_14' title="bbox 89 957 1482 1003; baseline 0.002 -12"><span class='ocrx_word' id='word_1_118' title='bbox 89 958 272 992; x_wconf 84' lang='lat' dir='ltr'><strong>ferabatur</strong></span> <span class='ocrx_word' id='word_1_119' title='bbox 298 958 437 992; x_wconf 79' lang='lat' dir='ltr'><strong>dieens;</strong></span> <span class='ocrx_word' id='word_1_120' title='bbox 473 968 492 991; x_wconf 94' lang='grc' dir='ltr'>ο</span> <span class='ocrx_word' id='word_1_121' title='bbox 520 957 629 999; x_wconf 90' lang='lat' dir='ltr'><strong>Juda,</strong></span> <span class='ocrx_word' id='word_1_122' title='bbox 665 957 746 1003; x_wconf 85' lang='lat' dir='ltr'><strong>quid</strong></span> <span class='ocrx_word' id='word_1_123' title='bbox 775 957 841 992; x_wconf 89' lang='lat' dir='ltr'><strong>hoe</strong></span> <span class='ocrx_word' id='word_1_124' title='bbox 868 957 1010 992; x_wconf 79' lang='lat' dir='ltr'><strong>fecisti?</strong></span> <span class='ocrx_word' id='word_1_125' title='bbox 1056 957 1169 993; x_wconf 83' lang='lat' dir='ltr'><strong>Judae</strong></span> <span class='ocrx_word' id='word_1_126' title='bbox 1201 969 1277 993; x_wconf 86' lang='lat' dir='ltr'><strong>meo</strong></span> <span class='ocrx_word' id='word_1_127' title='bbox 1306 961 1482 994; x_wconf 83' lang='lat' dir='ltr'><strong>contraria</strong></span> 
     </span>
     <span class='ocr_line' id='line_1_15' title="bbox 89 1023 1479 1069; baseline 0.002 -12"><span class='ocrx_word' id='word_1_128' title='bbox 89 1027 255 1068; x_wconf 89' lang='lat' dir='ltr'><strong>operatus</strong></span> <span class='ocrx_word' id='word_1_129' title='bbox 281 1033 342 1058; x_wconf 86' lang='lat' dir='ltr'><strong>es:</strong></span> <span class='ocrx_word' id='word_1_130' title='bbox 375 1033 454 1057; x_wconf 87' lang='lat' dir='ltr'><strong>nam</strong></span> <span class='ocrx_word' id='word_1_131' title='bbox 486 1023 547 1058; x_wconf 92' lang='lat' dir='ltr'><strong>ille</strong></span> <span class='ocrx_word' id='word_1_132' title='bbox 579 1034 632 1058; x_wconf 90' lang='lat' dir='ltr'><strong>me</strong></span> <span class='ocrx_word' id='word_1_133' title='bbox 658 1023 827 1058; x_wconf 76' lang='lat' dir='ltr'><strong>suadente</strong></span> <span class='ocrx_word' id='word_1_134' title='bbox 855 1023 935 1058; x_wconf 85' lang='lat' dir='ltr'><strong>fecit</strong></span> <span class='ocrx_word' id='word_1_135' title='bbox 960 1024 1192 1069; x_wconf 82' lang='lat' dir='ltr'><strong>proditionem</strong></span> <span class='ocrx_word' id='word_1_136' title='bbox 1223 1028 1256 1059; x_wconf 87' lang='lat' dir='ltr'><strong>et</strong></span> <span class='ocrx_word' id='word_1_137' title='bbox 1279 1028 1316 1059; x_wconf 91' lang='lat' dir='ltr'><strong>tu</strong></span> <span class='ocrx_word' id='word_1_138' title='bbox 1345 1036 1397 1060; x_wconf 92' lang='lat' dir='ltr'><strong>me</strong></span> <span class='ocrx_word' id='word_1_139' title='bbox 1422 1037 1479 1061; x_wconf 86' lang='lat' dir='ltr'><strong>re-</strong></span> 
     </span>
     <span class='ocr_line' id='line_1_16' title="bbox 88 1088 1478 1134; baseline 0.002 -12"><span class='ocrx_word' id='word_1_140' title='bbox 88 1093 214 1124; x_wconf 87' lang='lat' dir='ltr'><strong>nuente</strong></span> <span class='ocrx_word' id='word_1_141' title='bbox 238 1088 323 1124; x_wconf 88' lang='lat' dir='ltr'><strong>Jesu</strong></span> <span class='ocrx_word' id='word_1_142' title='bbox 346 1090 510 1124; x_wconf 85' lang='lat' dir='ltr'><strong>invenisti</strong></span> <span class='ocrx_word' id='word_1_143' title='bbox 535 1099 690 1124; x_wconf 78' lang='lat' dir='ltr'><strong>erucem:</strong></span> <span class='ocrx_word' id='word_1_144' title='bbox 727 1090 837 1134; x_wconf 88' lang='lat' dir='ltr'><strong>¹)per</strong></span> <span class='ocrx_word' id='word_1_145' title='bbox 870 1090 965 1123; x_wconf 89' lang='lat' dir='ltr'><strong>illum</strong></span> <span class='ocrx_word' id='word_1_146' title='bbox 998 1089 1182 1123; x_wconf 87' lang='lat' dir='ltr'><strong>multorum</strong></span> <span class='ocrx_word' id='word_1_147' title='bbox 1216 1089 1372 1125; x_wconf 75' lang='lat' dir='ltr'><strong>lucratus</strong></span> <span class='ocrx_word' id='word_1_148' title='bbox 1405 1102 1478 1125; x_wconf 88' lang='lat' dir='ltr'><strong>sum</strong></span> 
     </span>
     <span class='ocr_line' id='line_1_17' title="bbox 86 1154 1478 1201; baseline 0.001 -13"><span class='ocrx_word' id='word_1_149' title='bbox 86 1156 241 1198; x_wconf 84' lang='lat' dir='ltr'><strong>animas,</strong></span> <span class='ocrx_word' id='word_1_150' title='bbox 268 1166 331 1200; x_wconf 90' lang='lat' dir='ltr'><strong>per</strong></span> <span class='ocrx_word' id='word_1_151' title='bbox 353 1159 389 1190; x_wconf 86' lang='lat' dir='ltr'><strong>te</strong></span> <span class='ocrx_word' id='word_1_152' title='bbox 414 1154 565 1200; x_wconf 83' lang='lat' dir='ltr'><strong>perdere</strong></span> <span class='ocrx_word' id='word_1_153' title='bbox 591 1154 716 1189; x_wconf 81' lang='lat' dir='ltr'><strong>videor</strong></span> <span class='ocrx_word' id='word_1_154' title='bbox 736 1157 809 1200; x_wconf 86' lang='lat' dir='ltr'><strong>jam</strong></span> <span class='ocrx_word' id='word_1_155' title='bbox 835 1155 1008 1189; x_wconf 70' lang='lat' dir='ltr'><strong>lue-ratas:</strong></span> <span class='ocrx_word' id='word_1_156' title='bbox 1035 1155 1208 1199; x_wconf 85' lang='lat' dir='ltr'><strong>perillum</strong></span> <span class='ocrx_word' id='word_1_157' title='bbox 1227 1156 1418 1201; x_wconf 74' lang='lat' dir='ltr'><strong>regnabam</strong></span> <span class='ocrx_word' id='word_1_158' title='bbox 1443 1158 1478 1190; x_wconf 92' lang='lat' dir='ltr'><strong>in</strong></span> 
     </span>
     <span class='ocr_line' id='line_1_18' title="bbox 85 1220 1475 1267; baseline 0.002 -14"><span class='ocrx_word' id='word_1_159' title='bbox 85 1220 236 1265; x_wconf 88' lang='lat' dir='ltr'><strong>populo,</strong></span> <span class='ocrx_word' id='word_1_160' title='bbox 270 1232 335 1266; x_wconf 86' lang='lat' dir='ltr'><strong>per</strong></span> <span class='ocrx_word' id='word_1_161' title='bbox 367 1225 402 1256; x_wconf 87' lang='lat' dir='ltr'><strong>te</strong></span> <span class='ocrx_word' id='word_1_162' title='bbox 429 1222 502 1267; x_wconf 76' lang='lat' dir='ltr'><strong>Jam</strong></span> <span class='ocrx_word' id='word_1_163' title='bbox 537 1220 694 1265; x_wconf 81' lang='lat' dir='ltr'><strong>expellar</strong></span> <span class='ocrx_word' id='word_1_164' title='bbox 720 1230 741 1254; x_wconf 90' lang='lat' dir='ltr'><strong>a</strong></span> <span class='ocrx_word' id='word_1_165' title='bbox 766 1231 897 1266; x_wconf 78' lang='lat' dir='ltr'><strong>regno3</strong></span> <span class='ocrx_word' id='word_1_166' title='bbox 936 1225 1173 1255; x_wconf 80' lang='lat' dir='ltr'><strong>verumtamen</strong></span> <span class='ocrx_word' id='word_1_167' title='bbox 1198 1221 1262 1255; x_wconf 90' lang='lat' dir='ltr'><strong>tibi</strong></span> <span class='ocrx_word' id='word_1_168' title='bbox 1286 1223 1396 1256; x_wconf 66' lang='lat' dir='ltr'><strong>vicem</strong></span> <span class='ocrx_word' id='word_1_169' title='bbox 1418 1233 1475 1257; x_wconf 84' lang='lat' dir='ltr'><strong>re-</strong></span> 
     </span>
     <span class='ocr_line' id='line_1_19' title="bbox 84 1286 1473 1331; baseline 0.001 -11"><span class='ocrx_word' id='word_1_170' title='bbox 84 1286 234 1331; x_wconf 89' lang='lat' dir='ltr'><strong>pendam</strong></span> <span class='ocrx_word' id='word_1_171' title='bbox 271 1291 305 1322; x_wconf 88' lang='lat' dir='ltr'><strong>et</strong></span> <span class='ocrx_word' id='word_1_172' title='bbox 339 1291 462 1322; x_wconf 87' lang='lat' dir='ltr'><strong>eontra</strong></span> <span class='ocrx_word' id='word_1_173' title='bbox 496 1291 532 1321; x_wconf 79' lang='lat' dir='ltr'><strong>te</strong></span> <span class='ocrx_word' id='word_1_174' title='bbox 558 1297 676 1331; x_wconf 77' lang='lat' dir='ltr'><strong>regem</strong></span> <span class='ocrx_word' id='word_1_175' title='bbox 704 1286 806 1319; x_wconf 89' lang='lat' dir='ltr'><strong>alium</strong></span> <span class='ocrx_word' id='word_1_176' title='bbox 836 1287 1037 1327; x_wconf 78' lang='lat' dir='ltr'><strong>suscitabo,</strong></span> <span class='ocrx_word' id='word_1_177' title='bbox 1073 1288 1132 1331; x_wconf 87' lang='lat' dir='ltr'><strong>qui</strong></span> <span class='ocrx_word' id='word_1_178' title='bbox 1167 1286 1268 1321; x_wconf 86' lang='lat' dir='ltr'><strong>fidem</strong></span> <span class='ocrx_word' id='word_1_179' title='bbox 1305 1287 1473 1321; x_wconf 87' lang='lat' dir='ltr'><strong>deserens</strong></span> 
     </span>
     <span class='ocr_line' id='line_1_20' title="bbox 85 1350 1475 1397; baseline 0 -11"><span class='ocrx_word' id='word_1_180' title='bbox 85 1351 243 1386; x_wconf 81' lang='lat' dir='ltr'><strong>crucifixi</strong></span> <span class='ocrx_word' id='word_1_181' title='bbox 271 1363 346 1386; x_wconf 87' lang='lat' dir='ltr'><strong>eum</strong></span> <span class='ocrx_word' id='word_1_182' title='bbox 378 1354 561 1386; x_wconf 83' lang='lat' dir='ltr'><strong>tormentis</strong></span> <span class='ocrx_word' id='word_1_183' title='bbox 596 1357 631 1385; x_wconf 85' lang='lat' dir='ltr'><strong>te</strong></span> <span class='ocrx_word' id='word_1_184' title='bbox 657 1361 791 1396; x_wconf 76' lang='lat' dir='ltr'><strong>negare</strong></span> <span class='ocrx_word' id='word_1_185' title='bbox 820 1351 925 1385; x_wconf 82' lang='lat' dir='ltr'><strong>saciet</strong></span> <span class='ocrx_word' id='word_1_186' title='bbox 952 1350 1161 1386; x_wconf 83' lang='lat' dir='ltr'><strong>crucifixum.</strong></span> <span class='ocrx_word' id='word_1_187' title='bbox 1211 1352 1312 1393; x_wconf 87' lang='lat' dir='ltr'><strong>Quod</strong></span> <span class='ocrx_word' id='word_1_188' title='bbox 1338 1352 1475 1397; x_wconf 89' lang='lat' dir='ltr'><strong>quidem</strong></span> 
     </span>
     <span class='ocr_line' id='line_1_21' title="bbox 82 1416 1473 1462; baseline 0.001 -12"><span class='ocrx_word' id='word_1_189' title='bbox 82 1416 124 1451; x_wconf 86' lang='lat' dir='ltr'><strong>de</strong></span> <span class='ocrx_word' id='word_1_190' title='bbox 148 1417 287 1452; x_wconf 86' lang='lat' dir='ltr'><strong>Juliano</strong></span> <span class='ocrx_word' id='word_1_191' title='bbox 315 1421 479 1462; x_wconf 84' lang='lat' dir='ltr'><strong>apostata</strong></span> <span class='ocrx_word' id='word_1_192' title='bbox 507 1417 634 1451; x_wconf 82' lang='lat' dir='ltr'><strong>dictum</strong></span> <span class='ocrx_word' id='word_1_193' title='bbox 661 1417 816 1459; x_wconf 75' lang='lat' dir='ltr'><strong>videtur,</strong></span> <span class='ocrx_word' id='word_1_194' title='bbox 841 1418 900 1462; x_wconf 85' lang='lat' dir='ltr'><strong>qui</strong></span> <span class='ocrx_word' id='word_1_195' title='bbox 926 1417 1049 1451; x_wconf 82' lang='lat' dir='ltr'><strong>Judain</strong></span> <span class='ocrx_word' id='word_1_196' title='bbox 1079 1420 1278 1462; x_wconf 73' lang='lat' dir='ltr'><strong>episcopum</strong></span> <span class='ocrx_word' id='word_1_197' title='bbox 1304 1418 1473 1460; x_wconf 86' lang='lat' dir='ltr'><strong>Hieroso-</strong></span> 
     </span>
     <span class='ocr_line' id='line_1_22' title="bbox 80 1482 1473 1527; baseline 0.001 -12"><span class='ocrx_word' id='word_1_198' title='bbox 80 1482 181 1527; x_wconf 76' lang='lat' dir='ltr'><strong>lymis</strong></span> <span class='ocrx_word' id='word_1_199' title='bbox 209 1482 338 1517; x_wconf 86' lang='lat' dir='ltr'><strong>fae-tum</strong></span> <span class='ocrx_word' id='word_1_200' title='bbox 363 1482 479 1516; x_wconf 87' lang='lat' dir='ltr'><strong>multis</strong></span> <span class='ocrx_word' id='word_1_201' title='bbox 505 1484 689 1517; x_wconf 85' lang='lat' dir='ltr'><strong>tormentis</strong></span> <span class='ocrx_word' id='word_1_202' title='bbox 715 1482 833 1517; x_wconf 81' lang='lat' dir='ltr'><strong>affecit</strong></span> <span class='ocrx_word' id='word_1_203' title='bbox 858 1487 892 1516; x_wconf 87' lang='lat' dir='ltr'><strong>et</strong></span> <span class='ocrx_word' id='word_1_204' title='bbox 909 1485 1085 1517; x_wconf 82' lang='lat' dir='ltr'><strong>martirem</strong></span> <span class='ocrx_word' id='word_1_205' title='bbox 1105 1484 1236 1518; x_wconf 83' lang='lat' dir='ltr'><strong>Christi</strong></span> <span class='ocrx_word' id='word_1_206' title='bbox 1257 1483 1350 1517; x_wconf 83' lang='lat' dir='ltr'><strong>feeit.</strong></span> <span class='ocrx_word' id='word_1_207' title='bbox 1399 1484 1473 1517; x_wconf 86' lang='lat' dir='ltr'><strong>Au-</strong></span> 
     </span>
     <span class='ocr_line' id='line_1_23' title="bbox 81 1547 1475 1593; baseline 0.001 -12"><span class='ocrx_word' id='word_1_208' title='bbox 81 1547 181 1582; x_wconf 91' lang='lat' dir='ltr'><strong>diens</strong></span> <span class='ocrx_word' id='word_1_209' title='bbox 208 1547 318 1582; x_wconf 86' lang='lat' dir='ltr'><strong>Judas</strong></span> <span class='ocrx_word' id='word_1_210' title='bbox 345 1547 598 1583; x_wconf 79' lang='lat' dir='ltr'><strong>vociferantem</strong></span> <span class='ocrx_word' id='word_1_211' title='bbox 625 1548 810 1593; x_wconf 72' lang='lat' dir='ltr'><strong>dyabolum</strong></span> <span class='ocrx_word' id='word_1_212' title='bbox 848 1548 936 1582; x_wconf 90' lang='lat' dir='ltr'><strong>nihil</strong></span> <span class='ocrx_word' id='word_1_213' title='bbox 963 1550 1139 1590; x_wconf 77' lang='lat' dir='ltr'><strong>extimuit,</strong></span> <span class='ocrx_word' id='word_1_214' title='bbox 1178 1548 1241 1583; x_wconf 88' lang='lat' dir='ltr'><strong>sed</strong></span> <span class='ocrx_word' id='word_1_215' title='bbox 1270 1552 1475 1583; x_wconf 81' lang='lat' dir='ltr'><strong>constanter</strong></span> 
     </span>
     <span class='ocr_line' id='line_1_24' title="bbox 79 1608 1472 1659; baseline 0.001 -13"><span class='ocrx_word' id='word_1_216' title='bbox 79 1613 230 1658; x_wconf 83' lang='lat' dir='ltr'><strong>dyabolo</strong></span> <span class='ocrx_word' id='word_1_217' title='bbox 257 1613 440 1648; x_wconf 83' lang='lat' dir='ltr'><strong>maledixit</strong></span> <span class='ocrx_word' id='word_1_218' title='bbox 465 1614 602 1649; x_wconf 85' lang='lat' dir='ltr'><strong>dicens:</strong></span> <span class='ocrx_word' id='word_1_219' title='bbox 630 1614 788 1648; x_wconf 89' lang='lat' dir='ltr'><strong>Christus</strong></span> <span class='ocrx_word' id='word_1_220' title='bbox 812 1618 847 1648; x_wconf 88' lang='lat' dir='ltr'><strong>te</strong></span> <span class='ocrx_word' id='word_1_221' title='bbox 874 1614 1012 1648; x_wconf 87' lang='lat' dir='ltr'><strong>damnet</strong></span> <span class='ocrx_word' id='word_1_222' title='bbox 1037 1615 1072 1647; x_wconf 91' lang='lat' dir='ltr'><strong>in</strong></span> <span class='ocrx_word' id='word_1_223' title='bbox 1097 1608 1260 1658; x_wconf 77' lang='lat' dir='ltr'><strong>abyssum</strong></span> <span class='ocrx_word' id='word_1_224' title='bbox 1292 1615 1384 1659; x_wconf 84' lang='lat' dir='ltr'><strong>ignis</strong></span> <span class='ocrx_word' id='word_1_225' title='bbox 1411 1624 1472 1648; x_wconf 89' lang='lat' dir='ltr'><strong>ae-</strong></span> 
     </span>
     <span class='ocr_line' id='line_1_25' title="bbox 77 1678 1472 1724; baseline 0.001 -12"><span class='ocrx_word' id='word_1_226' title='bbox 77 1680 180 1717; x_wconf 82' lang='lat' dir='ltr'><strong>terni.</strong></span> <span class='ocrx_word' id='word_1_227' title='bbox 228 1678 314 1713; x_wconf 89' lang='lat' dir='ltr'><strong>Post</strong></span> <span class='ocrx_word' id='word_1_228' title='bbox 335 1679 401 1714; x_wconf 89' lang='lat' dir='ltr'><strong>hoe</strong></span> <span class='ocrx_word' id='word_1_229' title='bbox 425 1679 535 1715; x_wconf 87' lang='lat' dir='ltr'><strong>Judas</strong></span> <span class='ocrx_word' id='word_1_230' title='bbox 561 1679 781 1724; x_wconf 86' lang='lat' dir='ltr'><strong>baptizatur,</strong></span> <span class='ocrx_word' id='word_1_231' title='bbox 811 1679 996 1719; x_wconf 81' lang='lat' dir='ltr'><strong>Quiriacus</strong></span> <span class='ocrx_word' id='word_1_232' title='bbox 1023 1679 1222 1724; x_wconf 87' lang='lat' dir='ltr'><strong>appellatur</strong></span> <span class='ocrx_word' id='word_1_233' title='bbox 1251 1684 1286 1714; x_wconf 89' lang='lat' dir='ltr'><strong>et</strong></span> <span class='ocrx_word' id='word_1_234' title='bbox 1304 1679 1472 1713; x_wconf 86' lang='lat' dir='ltr'><strong>Hieroso-</strong></span> 
     </span>
     <span class='ocr_line' id='line_1_26' title="bbox 76 1744 1470 1790; baseline 0.001 -13"><span class='ocrx_word' id='word_1_235' title='bbox 76 1744 243 1789; x_wconf 70' lang='lat' dir='ltr'><strong>lymorum</strong></span> <span class='ocrx_word' id='word_1_236' title='bbox 269 1744 432 1780; x_wconf 84' lang='lat' dir='ltr'><strong>defuncto</strong></span> <span class='ocrx_word' id='word_1_237' title='bbox 458 1746 627 1790; x_wconf 81' lang='lat' dir='ltr'><strong>epIscopo</strong></span> <span class='ocrx_word' id='word_1_238' title='bbox 654 1744 783 1780; x_wconf 88' lang='lat' dir='ltr'><strong>ibidem</strong></span> <span class='ocrx_word' id='word_1_239' title='bbox 808 1746 842 1779; x_wconf 93' lang='lat' dir='ltr'><strong>in</strong></span> <span class='ocrx_word' id='word_1_240' title='bbox 869 1747 1071 1790; x_wconf 82' lang='lat' dir='ltr'><strong>episcopum</strong></span> <span class='ocrx_word' id='word_1_241' title='bbox 1101 1745 1294 1780; x_wconf 88' lang='lat' dir='ltr'><strong>ordinatur.</strong></span> <span class='ocrx_word' id='word_1_242' title='bbox 1343 1745 1470 1780; x_wconf 77' lang='lat' dir='ltr'><strong>Verum</strong></span> 
     </span>
     <span class='ocr_line' id='line_1_27' title="bbox 76 1809 1469 1856; baseline 0 -12"><span class='ocrx_word' id='word_1_243' title='bbox 76 1820 151 1844; x_wconf 77' lang='lat' dir='ltr'><strong>eum</strong></span> <span class='ocrx_word' id='word_1_244' title='bbox 176 1809 283 1845; x_wconf 87' lang='lat' dir='ltr'><strong>beata</strong></span> <span class='ocrx_word' id='word_1_245' title='bbox 305 1809 439 1845; x_wconf 87' lang='lat' dir='ltr'><strong>Helena</strong></span> <span class='ocrx_word' id='word_1_246' title='bbox 472 1810 592 1845; x_wconf 83' lang='lat' dir='ltr'><strong>clavos</strong></span> <span class='ocrx_word' id='word_1_247' title='bbox 632 1810 763 1845; x_wconf 88' lang='lat' dir='ltr'><strong>domini</strong></span> <span class='ocrx_word' id='word_1_248' title='bbox 794 1822 864 1845; x_wconf 91' lang='lat' dir='ltr'><strong>non</strong></span> <span class='ocrx_word' id='word_1_249' title='bbox 896 1810 1062 1853; x_wconf 85' lang='lat' dir='ltr'><strong>haberet,</strong></span> <span class='ocrx_word' id='word_1_250' title='bbox 1094 1813 1234 1856; x_wconf 71' lang='lat' dir='ltr'><strong>rogavit</strong></span> <span class='ocrx_word' id='word_1_251' title='bbox 1266 1811 1469 1855; x_wconf 89' lang='lat' dir='ltr'><strong>episcopum</strong></span> 
     </span>
     <span class='ocr_line' id='line_1_28' title="bbox 75 1875 1470 1923; baseline 0 -14"><span class='ocrx_word' id='word_1_252' title='bbox 75 1875 295 1919; x_wconf 85' lang='lat' dir='ltr'><strong>Quiriaeum,</strong></span> <span class='ocrx_word' id='word_1_253' title='bbox 327 1880 366 1911; x_wconf 85' lang='lat' dir='ltr'><strong>ut</strong></span> <span class='ocrx_word' id='word_1_254' title='bbox 388 1876 434 1910; x_wconf 87' lang='lat' dir='ltr'><strong>ad</strong></span> <span class='ocrx_word' id='word_1_255' title='bbox 459 1875 573 1911; x_wconf 84' lang='lat' dir='ltr'><strong>locum</strong></span> <span class='ocrx_word' id='word_1_256' title='bbox 598 1880 765 1923; x_wconf 81' lang='lat' dir='ltr'><strong>pergeret</strong></span> <span class='ocrx_word' id='word_1_257' title='bbox 791 1880 825 1912; x_wconf 86' lang='lat' dir='ltr'><strong>et</strong></span> <span class='ocrx_word' id='word_1_258' title='bbox 849 1876 971 1911; x_wconf 80' lang='lat' dir='ltr'><strong>clavos</strong></span> <span class='ocrx_word' id='word_1_259' title='bbox 996 1876 1125 1910; x_wconf 90' lang='lat' dir='ltr'><strong>domini</strong></span> <span class='ocrx_word' id='word_1_260' title='bbox 1153 1880 1352 1922; x_wconf 85' lang='lat' dir='ltr'><strong>quaereret.</strong></span> <span class='ocrx_word' id='word_1_261' title='bbox 1402 1876 1470 1916; x_wconf 81' lang='lat' dir='ltr'><strong>Qui</strong></span> 
     </span>
     <span class='ocr_line' id='line_1_29' title="bbox 73 1940 1466 1987; baseline 0 -12"><span class='ocrx_word' id='word_1_262' title='bbox 73 1951 149 1975; x_wconf 88' lang='lat' dir='ltr'><strong>cum</strong></span> <span class='ocrx_word' id='word_1_263' title='bbox 175 1942 334 1976; x_wconf 81' lang='lat' dir='ltr'><strong>venisset</strong></span> <span class='ocrx_word' id='word_1_264' title='bbox 359 1945 394 1976; x_wconf 84' lang='lat' dir='ltr'><strong>et</strong></span> <span class='ocrx_word' id='word_1_265' title='bbox 417 1941 462 1976; x_wconf 88' lang='lat' dir='ltr'><strong>ad</strong></span> <span class='ocrx_word' id='word_1_266' title='bbox 487 1941 660 1976; x_wconf 89' lang='lat' dir='ltr'><strong>dominum</strong></span> <span class='ocrx_word' id='word_1_267' title='bbox 687 1952 812 1987; x_wconf 85' lang='lat' dir='ltr'><strong>preces</strong></span> <span class='ocrx_word' id='word_1_268' title='bbox 839 1940 1008 1983; x_wconf 65' lang='lat' dir='ltr'><strong>fudisset,</strong></span> <span class='ocrx_word' id='word_1_269' title='bbox 1035 1943 1199 1976; x_wconf 86' lang='lat' dir='ltr'><strong>continuo</strong></span> <span class='ocrx_word' id='word_1_270' title='bbox 1224 1941 1320 1976; x_wconf 82' lang='lat' dir='ltr'><strong>velut</strong></span> <span class='ocrx_word' id='word_1_271' title='bbox 1345 1951 1466 1976; x_wconf 89' lang='lat' dir='ltr'><strong>aurum</strong></span> 
     </span>
     <span class='ocr_line' id='line_1_30' title="bbox 72 2005 1466 2052; baseline 0.001 -12"><span class='ocrx_word' id='word_1_272' title='bbox 72 2006 165 2041; x_wconf 85' lang='lat' dir='ltr'><strong>clavi</strong></span> <span class='ocrx_word' id='word_1_273' title='bbox 182 2005 360 2052; x_wconf 80' lang='lat' dir='ltr'><strong>fulgentes</strong></span> <span class='ocrx_word' id='word_1_274' title='bbox 378 2007 413 2040; x_wconf 91' lang='lat' dir='ltr'><strong>in</strong></span> <span class='ocrx_word' id='word_1_275' title='bbox 429 2010 526 2041; x_wconf 86' lang='lat' dir='ltr'><strong>terra</strong></span> <span class='ocrx_word' id='word_1_276' title='bbox 550 2011 801 2052; x_wconf 87' lang='lat' dir='ltr'><strong>apparuerunt,</strong></span> <span class='ocrx_word' id='word_1_277' title='bbox 830 2018 918 2052; x_wconf 86' lang='lat' dir='ltr'><strong>quos</strong></span> <span class='ocrx_word' id='word_1_278' title='bbox 944 2008 1003 2042; x_wconf 89' lang='lat' dir='ltr'><strong>ille</strong></span> <span class='ocrx_word' id='word_1_279' title='bbox 1029 2009 1207 2052; x_wconf 86' lang='lat' dir='ltr'><strong>accipiens</strong></span> <span class='ocrx_word' id='word_1_280' title='bbox 1232 2008 1378 2052; x_wconf 85' lang='lat' dir='ltr'><strong>reginae</strong></span> <span class='ocrx_word' id='word_1_281' title='bbox 1404 2006 1466 2041; x_wconf 86' lang='lat' dir='ltr'><strong>de-</strong></span> 
     </span>
     <span class='ocr_line' id='line_1_31' title="bbox 71 2071 1464 2118; baseline 0 -12"><span class='ocrx_word' id='word_1_282' title='bbox 71 2072 170 2106; x_wconf 86' lang='lat' dir='ltr'><strong>tulit:</strong></span> <span class='ocrx_word' id='word_1_283' title='bbox 206 2071 269 2106; x_wconf 90' lang='lat' dir='ltr'><strong>illa</strong></span> <span class='ocrx_word' id='word_1_284' title='bbox 308 2076 423 2107; x_wconf 87' lang='lat' dir='ltr'><strong>autem</strong></span> <span class='ocrx_word' id='word_1_285' title='bbox 450 2082 568 2117; x_wconf 85' lang='lat' dir='ltr'><strong>genua</strong></span> <span class='ocrx_word' id='word_1_286' title='bbox 591 2071 704 2118; x_wconf 84' lang='lat' dir='ltr'><strong>figens</strong></span> <span class='ocrx_word' id='word_1_287' title='bbox 732 2073 766 2105; x_wconf 91' lang='lat' dir='ltr'><strong>in</strong></span> <span class='ocrx_word' id='word_1_288' title='bbox 793 2076 890 2106; x_wconf 88' lang='lat' dir='ltr'><strong>terra</strong></span> <span class='ocrx_word' id='word_1_289' title='bbox 916 2077 951 2107; x_wconf 88' lang='lat' dir='ltr'><strong>et</strong></span> <span class='ocrx_word' id='word_1_290' title='bbox 975 2077 1079 2117; x_wconf 85' lang='lat' dir='ltr'><strong>caput</strong></span> <span class='ocrx_word' id='word_1_291' title='bbox 1104 2072 1275 2106; x_wconf 85' lang='lat' dir='ltr'><strong>inclinans</strong></span> <span class='ocrx_word' id='word_1_292' title='bbox 1303 2082 1365 2107; x_wconf 92' lang='lat' dir='ltr'><strong>eos</strong></span> <span class='ocrx_word' id='word_1_293' title='bbox 1389 2082 1464 2106; x_wconf 85' lang='lat' dir='ltr'><strong>cum</strong></span> 
     </span>
     <span class='ocr_line' id='line_1_32' title="bbox 71 2136 1467 2183; baseline 0.001 -12"><span class='ocrx_word' id='word_1_294' title='bbox 71 2137 179 2172; x_wconf 83' lang='lat' dir='ltr'><strong>multa</strong></span> <span class='ocrx_word' id='word_1_295' title='bbox 202 2139 400 2172; x_wconf 87' lang='lat' dir='ltr'><strong>reverentia</strong></span> <span class='ocrx_word' id='word_1_296' title='bbox 424 2136 595 2171; x_wconf 84' lang='lat' dir='ltr'><strong>adoravit.</strong></span> <span class='ocrx_word' id='word_1_297' title='bbox 645 2136 766 2171; x_wconf 83' lang='lat' dir='ltr'><strong>Crucis</strong></span> <span class='ocrx_word' id='word_1_298' title='bbox 792 2148 879 2183; x_wconf 86' lang='lat' dir='ltr'><strong>ergo</strong></span> <span class='ocrx_word' id='word_1_299' title='bbox 906 2141 1040 2182; x_wconf 81' lang='lat' dir='ltr'><strong>partem</strong></span> <span class='ocrx_word' id='word_1_300' title='bbox 1067 2137 1201 2172; x_wconf 86' lang='lat' dir='ltr'><strong>Helena</strong></span> <span class='ocrx_word' id='word_1_301' title='bbox 1228 2137 1354 2173; x_wconf 88' lang='lat' dir='ltr'><strong>detulit</strong></span> <span class='ocrx_word' id='word_1_302' title='bbox 1380 2137 1467 2180; x_wconf 83' lang='lat' dir='ltr'><strong>filio,</strong></span> 
     </span>
     <span class='ocr_line' id='line_1_33' title="bbox 71 2203 1462 2249; baseline 0.001 -13"><span class='ocrx_word' id='word_1_303' title='bbox 71 2206 205 2247; x_wconf 87' lang='lat' dir='ltr'><strong>partem</strong></span> <span class='ocrx_word' id='word_1_304' title='bbox 227 2213 309 2238; x_wconf 86' lang='lat' dir='ltr'><strong>vero</strong></span> <span class='ocrx_word' id='word_1_305' title='bbox 334 2203 448 2238; x_wconf 81' lang='lat' dir='ltr'><strong>thecis</strong></span> <span class='ocrx_word' id='word_1_306' title='bbox 473 2204 654 2249; x_wconf 86' lang='lat' dir='ltr'><strong>argenteis</strong></span> <span class='ocrx_word' id='word_1_307' title='bbox 679 2203 853 2238; x_wconf 84' lang='lat' dir='ltr'><strong>conditam</strong></span> <span class='ocrx_word' id='word_1_308' title='bbox 881 2203 1023 2248; x_wconf 88' lang='lat' dir='ltr'><strong>reliquit</strong></span> <span class='ocrx_word' id='word_1_309' title='bbox 1048 2204 1083 2238; x_wconf 93' lang='lat' dir='ltr'><strong>in</strong></span> <span class='ocrx_word' id='word_1_310' title='bbox 1106 2204 1199 2245; x_wconf 85' lang='lat' dir='ltr'><strong>loco,</strong></span> <span class='ocrx_word' id='word_1_311' title='bbox 1227 2203 1346 2238; x_wconf 84' lang='lat' dir='ltr'><strong>clavos</strong></span> <span class='ocrx_word' id='word_1_312' title='bbox 1364 2214 1462 2247; x_wconf 83' lang='lat' dir='ltr'><strong>vero,</strong></span> 
     </span>
     <span class='ocr_line' id='line_1_34' title="bbox 71 2266 1458 2314; baseline 0.001 -13"><span class='ocrx_word' id='word_1_313' title='bbox 71 2266 198 2313; x_wconf 88' lang='lat' dir='ltr'><strong>quibus</strong></span> <span class='ocrx_word' id='word_1_314' title='bbox 224 2267 430 2303; x_wconf 84' lang='lat' dir='ltr'><strong>dominicum</strong></span> <span class='ocrx_word' id='word_1_315' title='bbox 455 2279 582 2314; x_wconf 88' lang='lat' dir='ltr'><strong>corpus</strong></span> <span class='ocrx_word' id='word_1_316' title='bbox 606 2269 721 2304; x_wconf 87' lang='lat' dir='ltr'><strong>fuerat</strong></span> <span class='ocrx_word' id='word_1_317' title='bbox 747 2269 908 2310; x_wconf 82' lang='lat' dir='ltr'><strong>affixum,</strong></span> <span class='ocrx_word' id='word_1_318' title='bbox 936 2272 1055 2313; x_wconf 88' lang='lat' dir='ltr'><strong>portat</strong></span> <span class='ocrx_word' id='word_1_319' title='bbox 1080 2269 1123 2303; x_wconf 83' lang='lat' dir='ltr'><strong>ad</strong></span> <span class='ocrx_word' id='word_1_320' title='bbox 1151 2268 1276 2311; x_wconf 82' lang='lat' dir='ltr'><strong>filium,</strong></span> <span class='ocrx_word' id='word_1_321' title='bbox 1314 2280 1357 2304; x_wconf 84' lang='lat' dir='ltr'><strong>ex</strong></span> <span class='ocrx_word' id='word_1_322' title='bbox 1382 2270 1458 2314; x_wconf 86' lang='lat' dir='ltr'><strong>qui-</strong></span> 
     </span>
     <span class='ocr_line' id='line_1_35' title="bbox 70 2331 1459 2380; baseline 0 -14"><span class='ocrx_word' id='word_1_323' title='bbox 70 2333 158 2375; x_wconf 91' lang='lat' dir='ltr'><strong>bus,</strong></span> <span class='ocrx_word' id='word_1_324' title='bbox 195 2336 233 2366; x_wconf 90' lang='lat' dir='ltr'><strong>ut</strong></span> <span class='ocrx_word' id='word_1_325' title='bbox 256 2331 431 2367; x_wconf 86' lang='lat' dir='ltr'><strong>Eusebius</strong></span> <span class='ocrx_word' id='word_1_326' title='bbox 459 2333 701 2369; x_wconf 82' lang='lat' dir='ltr'><strong>Caesariensis</strong></span> <span class='ocrx_word' id='word_1_327' title='bbox 727 2334 854 2377; x_wconf 87' lang='lat' dir='ltr'><strong>refert,</strong></span> <span class='ocrx_word' id='word_1_328' title='bbox 889 2334 1030 2377; x_wconf 87' lang='lat' dir='ltr'><strong>frenos,</strong></span> <span class='ocrx_word' id='word_1_329' title='bbox 1070 2334 1197 2380; x_wconf 87' lang='lat' dir='ltr'><strong>quibus</strong></span> <span class='ocrx_word' id='word_1_330' title='bbox 1223 2338 1382 2368; x_wconf 86' lang='lat' dir='ltr'><strong>uteretur</strong></span> <span class='ocrx_word' id='word_1_331' title='bbox 1413 2333 1459 2366; x_wconf 87' lang='lat' dir='ltr'><strong>ad</strong></span> 
     </span>
     <span class='ocr_line' id='line_1_36' title="bbox 68 2397 1460 2445; baseline 0 -14"><span class='ocrx_word' id='word_1_332' title='bbox 68 2397 215 2439; x_wconf 84' lang='lat' dir='ltr'><strong>bellum,</strong></span> <span class='ocrx_word' id='word_1_333' title='bbox 251 2399 448 2442; x_wconf 87' lang='lat' dir='ltr'><strong>composuit</strong></span> <span class='ocrx_word' id='word_1_334' title='bbox 480 2403 514 2433; x_wconf 85' lang='lat' dir='ltr'><strong>et</strong></span> <span class='ocrx_word' id='word_1_335' title='bbox 544 2409 586 2433; x_wconf 79' lang='lat' dir='ltr'><strong>ex</strong></span> <span class='ocrx_word' id='word_1_336' title='bbox 610 2399 690 2433; x_wconf 86' lang='lat' dir='ltr'><strong>aliis</strong></span> <span class='ocrx_word' id='word_1_337' title='bbox 717 2400 855 2445; x_wconf 87' lang='lat' dir='ltr'><strong>galeam</strong></span> <span class='ocrx_word' id='word_1_338' title='bbox 881 2409 977 2433; x_wconf 85' lang='lat' dir='ltr'><strong>suam</strong></span> <span class='ocrx_word' id='word_1_339' title='bbox 1002 2401 1159 2434; x_wconf 77' lang='lat' dir='ltr'><strong>armavit.</strong></span> <span class='ocrx_word' id='word_1_340' title='bbox 1206 2398 1371 2433; x_wconf 89' lang='lat' dir='ltr'><strong>Nonnulli</strong></span> <span class='ocrx_word' id='word_1_341' title='bbox 1395 2407 1460 2432; x_wconf 87' lang='lat' dir='ltr'><strong>au-</strong></span> 
     </span>
     <span class='ocr_line' id='line_1_37' title="bbox 67 2461 1457 2514; baseline 0 -17"><span class='ocrx_word' id='word_1_342' title='bbox 67 2467 135 2498; x_wconf 91' lang='lat' dir='ltr'><strong>tem</strong></span> <span class='ocrx_word' id='word_1_343' title='bbox 160 2467 336 2506; x_wconf 80' lang='lat' dir='ltr'><strong>asserunt,</strong></span> <span class='ocrx_word' id='word_1_344' title='bbox 361 2467 399 2497; x_wconf 87' lang='lat' dir='ltr'><strong>ut</strong></span> <span class='ocrx_word' id='word_1_345' title='bbox 419 2461 612 2514; x_wconf 71' lang='lat' dir='ltr'><strong>Gregorius</strong></span> <span class='ocrx_word' id='word_1_346' title='bbox 639 2464 880 2506; x_wconf 84' lang='lat' dir='ltr'><strong>Turonensis,</strong></span> <span class='ocrx_word' id='word_1_347' title='bbox 907 2465 1028 2499; x_wconf 86' lang='lat' dir='ltr'><strong>clavos</strong></span> <span class='ocrx_word' id='word_1_348' title='bbox 1053 2469 1202 2510; x_wconf 86' lang='lat' dir='ltr'><strong>quatuor</strong></span> <span class='ocrx_word' id='word_1_349' title='bbox 1225 2465 1261 2497; x_wconf 88' lang='lat' dir='ltr'><strong>in</strong></span> <span class='ocrx_word' id='word_1_350' title='bbox 1285 2463 1457 2498; x_wconf 88' lang='lat' dir='ltr'><strong>dominico</strong></span> 
     </span>
     <span class='ocr_line' id='line_1_38' title="bbox 68 2528 1456 2575; baseline -0.001 -11"><span class='ocrx_word' id='word_1_351' title='bbox 68 2539 217 2574; x_wconf 84' lang='lat' dir='ltr'><strong>corpore</strong></span> <span class='ocrx_word' id='word_1_352' title='bbox 241 2528 373 2571; x_wconf 87' lang='lat' dir='ltr'><strong>fuisse,</strong></span> <span class='ocrx_word' id='word_1_353' title='bbox 409 2539 453 2564; x_wconf 86' lang='lat' dir='ltr'><strong>ex</strong></span> <span class='ocrx_word' id='word_1_354' title='bbox 475 2528 602 2574; x_wconf 81' lang='lat' dir='ltr'><strong>quibus</strong></span> <span class='ocrx_word' id='word_1_355' title='bbox 626 2528 758 2564; x_wconf 86' lang='lat' dir='ltr'><strong>Helena</strong></span> <span class='ocrx_word' id='word_1_356' title='bbox 781 2529 869 2564; x_wconf 90' lang='lat' dir='ltr'><strong>duos</strong></span> <span class='ocrx_word' id='word_1_357' title='bbox 893 2531 928 2563; x_wconf 91' lang='lat' dir='ltr'><strong>in</strong></span> <span class='ocrx_word' id='word_1_358' title='bbox 953 2530 1054 2564; x_wconf 80' lang='lat' dir='ltr'><strong>freno</strong></span> <span class='ocrx_word' id='word_1_359' title='bbox 1078 2530 1301 2574; x_wconf 86' lang='lat' dir='ltr'><strong>imperatoris</strong></span> <span class='ocrx_word' id='word_1_360' title='bbox 1325 2530 1456 2575; x_wconf 79' lang='lat' dir='ltr'><strong>posuit,</strong></span> 
     </span>
    </p>
   </div>
   <div class='ocr_carea' id='block_1_3' title="bbox 136 2672 896 2710">
    <p class='ocr_par' dir='ltr' id='par_1_3' title="bbox 136 2672 896 2710">
     <span class='ocr_line' id='line_1_39' title="bbox 136 2672 896 2710; baseline -0.003 -9"><span class='ocrx_word' id='word_1_361' title='bbox 136 2674 164 2707; x_wconf 85' lang='lat'><strong>1)</strong></span> <span class='ocrx_word' id='word_1_362' title='bbox 182 2673 298 2702; x_wconf 77' lang='lat' dir='ltr'><strong>Verba:</strong></span> <span class='ocrx_word' id='word_1_363' title='bbox 318 2683 386 2710; x_wconf 81' lang='lat' dir='ltr'><strong>per</strong></span> <span class='ocrx_word' id='word_1_364' title='bbox 405 2688 434 2695; x_wconf 90' lang='lat'><strong>-·</strong></span> <span class='ocrx_word' id='word_1_365' title='bbox 455 2674 534 2702; x_wconf 68' lang='lat' dir='ltr'><strong>luc!</strong></span> <span class='ocrx_word' id='word_1_366' title='bbox 548 2678 630 2702; x_wconf 75' lang='lat' dir='ltr'><strong>atas</strong></span> <span class='ocrx_word' id='word_1_367' title='bbox 650 2672 761 2701; x_wconf 79' lang='lat' dir='ltr'><strong>omittit</strong></span> <span class='ocrx_word' id='word_1_368' title='bbox 780 2673 831 2701; x_wconf 70' lang='lat' dir='ltr'><strong>Ed,</strong></span> <span class='ocrx_word' id='word_1_369' title='bbox 852 2677 896 2703; x_wconf 77' lang='lat' dir='ltr'><strong>I’r,</strong></span> 
     </span>
    </p>
   </div>
  </div>
 </body>
</html>
