1742 3005
273 132 353 171 622
483 132 581 180 Cap.
614 129 727 166 CXL.
787 129 844 165 De
877 135 1008 166 sancto
1040 129 1236 166 Matthaeo
1267 130 1457 180 apostolo·

273 240 455 283 ingressus
489 235 666 274 carnifex,
705 237 743 268 ut
776 231 904 266 domini
931 234 987 267 sui
1012 235 1173 278 injuriam
1202 233 1416 277 vindicaret,
1449 233 1604 281 gladium
1630 235 1663 267 in

273 303 365 336 latus
391 311 489 335 suum
517 299 592 333 fixit
616 303 650 334 et
677 298 808 333 Christi
835 300 1010 333 martirem
1035 298 1130 335 fecit.
1178 298 1406 343 Quemjudex
1427 311 1490 345 pro
1507 299 1664 334 mercede

271 371 370 402 veste
395 367 511 401 serica
535 365 647 400 induit
671 369 705 400 et
729 369 855 410 torque
879 375 988 399 aurea
1013 376 1087 399 eum
1114 365 1362 407 circumdedit,
1388 366 1449 400 sed
1475 366 1663 411 egrediens

272 443 293 467 a
322 433 423 467 leone
449 433 616 477 arripitur
640 435 674 466 et
698 430 741 465 ab
768 441 810 465 eo
835 433 973 476 penitus
1000 430 1200 465 devoratur.
1249 430 1347 466 Unde
1365 432 1419 465 sui
1440 442 1514 465 eum
1534 431 1664 465 diutius

270 497 516 544 perquirentes
542 499 599 531 vix
627 507 740 542 pauca
766 498 841 541 ejus
869 508 954 532 ossa
971 508 1046 531 cum
1075 499 1208 542 ¹)veste
1230 499 1343 531 scissa
1359 501 1393 531 et
1410 501 1534 542 torque
1558 508 1666 532 aurea

270 568 487 609 repererunt.
535 563 678 598 Priscus
705 574 843 608 quoque
864 562 976 608 judex
1009 574 1047 598 se
1074 565 1185 608 ipsum
1211 563 1397 598 emnedens
1423 568 1579 597 mortuus
1613 567 1666 598 est

269 632 443 664 inventus.
491 629 621 664 Sancta
641 633 754 663 autem
772 628 932 663 Enfemia
958 630 991 663 in
1013 629 1251 664 Chalcedonia
1275 640 1349 664 cum
1376 629 1508 664 honore
1529 629 1667 674 sepulta

271 700 338 738 est,
366 697 498 730 meritis
525 696 625 739 eujus
642 705 761 728 omnes
778 694 906 729 Judaei
926 699 959 729 et
975 696 1127 740 gentiles
1150 695 1410 730 Chalcedoniae
1432 697 1464 729 in
1492 695 1665 730 Christum

271 760 510 795 erediderunt.
557 760 671 794 Passa
697 763 750 793 est
775 763 888 793 autem
914 762 1007 794 eirea
1032 770 1142 794 annos
1178 760 1305 794 domini
1332 761 1533 796 CCLXXX.
1581 762 1664 796 Am-

268 826 410 860 brosius
436 825 478 859 de
503 824 569 859 hac
595 826 730 870 virgine
757 826 791 858 in
816 825 1038 869 praefatione
1066 827 1118 859 sie
1143 827 1210 858 ait:
1238 827 1338 871 virgo
1359 826 1451 860 alma
1469 826 1663 871 triumpha-

268 894 339 926 trix
372 891 533 926 Eufemia
564 891 780 936 virginitatis
814 892 970 925 retinens
1004 892 1139 925 mitram
1172 893 1349 936 passionis
1384 894 1510 926 meruit
1544 894 1664 927 vestiri

268 968 413 1001 corona,
439 959 538 1003 cujus
557 957 720 1003 precibus
738 955 851 990 hostis
869 958 1027 991 inimicus
1050 958 1288 1001 convincitur,
1326 957 1468 993 Priscus
1495 957 1664 992 adversa-

268 1026 342 1058 rius
368 1028 575 1069 superatur,
609 1033 630 1058 a
655 1024 810 1057 fornacis
836 1024 919 1067 igne
944 1023 1045 1068 virgo
1072 1034 1199 1068 sospes
1226 1025 1392 1069 eripitur,
1425 1023 1501 1057 duri
1529 1023 1666 1068 lapides

269 1091 303 1122 in
336 1090 515 1134 pulverem
551 1093 792 1131 revertuntur,
834 1088 932 1122 serae
964 1094 1209 1124 mansuescunt
1242 1090 1405 1135 collaque
1449 1088 1665 1131 submittunt,

268 1159 375 1199 atque
401 1156 517 1188 omnia
541 1164 730 1199 poenarum
753 1153 927 1199 supplicia
945 1155 1021 1199 ejus
1043 1156 1202 1190 oratione
1223 1160 1446 1200 superantur,
1474 1156 1665 1189 novissime

268 1220 381 1266 gladii
412 1230 576 1254 mucrone
610 1220 778 1254 confossa
809 1229 938 1254 carnea
967 1220 1168 1265 relinquens
1205 1221 1361 1255 claustra
1384 1221 1531 1255 coelesti
1556 1221 1664 1254 choro

264 1287 429 1332 Jungitur
461 1286 574 1329 laeta3
622 1285 710 1321 haec
745 1295 850 1320 saera
882 1286 982 1331 virgo
1021 1286 1108 1329 tibi,
1157 1286 1317 1329 domine,
1356 1287 1539 1321 eeclesiam
1570 1290 1664 1320 tuam

267 1351 505 1395 commendet,
539 1352 626 1387 haec
659 1362 723 1397 pro
756 1350 858 1386 nohis
893 1350 1139 1396 peecatoribus
1173 1352 1399 1397 interpellet,
1440 1353 1528 1388 haec
1560 1354 1663 1388 etiam

269 1421 352 1452 vota
379 1422 519 1461 nostra,
545 1422 584 1453 ut
611 1419 711 1465 virgo
738 1417 885 1453 vernula
912 1416 1073 1460 illibata,
1099 1417 1164 1452 tibi
1190 1422 1358 1464 praestet.

741 1742 867 1803 cAl‘.
904 1743 1023 1803 CXL.
1066 1744 1218 1805 (135.)

438 1843 538 1886 De
577 1842 799 1886 saneto
829 1842 1154 1887 Matthaeo
1185 1842 1491 1897 apostolo.

380 1950 584 1987 Matthaeus
626 1952 800 1987 binomius
847 1953 999 1994 exstitit,
1056 1953 1191 1986 scilicet
1231 1950 1434 1987 Matthaeus
1485 1953 1519 1984 et
1557 1949 1658 1984 Levi.

266 2016 470 2052 Matthaeus
513 2021 627 2053 autem
670 2019 922 2063 interpretatur
962 2017 1088 2051 donum
1127 2018 1362 2051 festinationis
1411 2016 1464 2050 vel
1510 2015 1659 2049 donator

265 2082 419 2120 consilii.
467 2082 529 2117 vel
558 2083 686 2117 dieitur
710 2083 913 2118 Matthaeus
940 2092 961 2116 a
985 2093 1132 2128 magnus
1160 2087 1194 2117 et
1217 2082 1333 2124 theos,
1361 2082 1454 2127 quod
1479 2086 1534 2116 est
1553 2082 1657 2124 Deus,

265 2149 367 2192 quasi
393 2158 541 2193 magnus
566 2149 661 2191 Deo,
687 2149 741 2183 vel
769 2158 790 2182 a
815 2159 936 2183 manus
962 2152 996 2183 et
1023 2148 1146 2191 theos,
1181 2149 1283 2194 quasi
1310 2158 1431 2182 manus
1457 2148 1531 2183 Dei.
1579 2147 1659 2182 Fuit

266 2215 353 2247 enim
383 2213 506 2248 donum
536 2214 773 2248 festinationis
799 2225 862 2259 per
887 2215 1049 2249 festinam
1076 2215 1359 2257 conversionem,
1399 2213 1549 2248 donator
1572 2223 1656 2248 con-

265 2279 335 2312 silii
369 2289 433 2323 per
467 2278 642 2313 salubrem
674 2280 993 2324 praedicationem,
1034 2282 1069 2326 ²)
1082 2290 1227 2325 magnus
1260 2280 1334 2314 Deo
1365 2290 1430 2324 per
1455 2280 1548 2313 vitae
1573 2289 1655 2324 per-

264 2344 463 2386 fectionem,
490 2354 610 2378 manus
636 2344 701 2379 Dei
727 2355 789 2389 per
814 2346 990 2392 evangelii
1017 2348 1320 2390 conseriptionem.
1368 2345 1454 2380 Levi
1482 2347 1655 2389 interpre-

262 2414 358 2444 tatur
379 2414 553 2444 assumtus
576 2410 629 2444 vel
651 2410 850 2455 applicatus
870 2403 1105 2446 siveadditus
1131 2416 1191 2445 aut
1215 2411 1415 2456 appositus.
1461 2410 1540 2444 Fuit
1567 2411 1653 2445 enim

262 2481 437 2510 assumtus
463 2476 507 2510 ab
535 2478 717 2510 exactione
745 2477 980 2523 vectigalium,
1007 2477 1204 2522 applicatus
1235 2487 1376 2511 numero
1402 2475 1654 2521 apostolorum,

263 2541 404 2576 additus
429 2543 607 2576 consortio
634 2542 926 2588 evangelistarum
953 2547 986 2578 et
1013 2544 1196 2588 appositus
1224 2543 1390 2588 catalogo
1417 2541 1604 2575 martirum.

352 2607 556 2642 Matthaeus
582 2609 766 2652 apostolus
791 2610 824 2643 in
850 2608 1041 2653 Aethiopia
1066 2609 1274 2653 praedicans
1307 2610 1340 2641 in
1365 2607 1528 2645 civitate,
1562 2614 1652 2649 quae

266 2670 393 2703 dicitur
417 2671 602 2714 Nadaber,
636 2674 724 2707 duos
759 2684 881 2720 magos
917 2677 1053 2709 nomine
1079 2675 1217 2708 Zaroen
1243 2677 1277 2707 et
1301 2670 1486 2715 Arphaxat
1509 2671 1651 2714 reperit.

336 2749 360 2781 t)
383 2748 438 2774 Alii
460 2750 550 2775 nmio:
572 2752 707 2779 serien.
812 2754 841 2782 2)
860 2752 913 2779 Ed.
934 2756 977 2779 l’r.
997 2753 1108 2779 verba:
1136 2759 1290 2782 rinagnus
1312 2763 1341 2769 —
1362 2746 1457 2783 pers.
1478 2746 1599 2774 omittit·
