1742 3005
243 100 324 140 506
382 103 479 151 Cap.
507 100 645 136 cxlx,
703 98 762 134 De
793 98 1025 136 assumtione
1055 105 1207 137 sanctae
1228 99 1374 136 Mariae
1406 98 1571 148 virginis.

243 205 419 240 salutavit.
468 203 574 242 Quem
605 200 689 235 felix
724 199 840 234 Maria
870 202 1091 244 conspiciens
1127 201 1347 237 vehementer
1380 201 1562 246 obstupuit
1594 204 1628 234 et

243 280 326 314 prae
359 267 490 314 gaudio
525 266 689 301 lacrimas
725 266 905 300 continere
943 267 1100 311 nequivit
1133 266 1308 311 dixitque:
1351 267 1399 300 tili
1433 266 1625 306 Johannes,

242 344 372 368 memor
403 336 479 367 esto
514 331 697 366 verborum
733 331 894 376 magistri
926 332 996 373 tui,
1033 330 1158 376 quibus
1191 341 1244 366 me
1276 330 1341 364 tibi
1365 336 1509 366 matrem
1534 335 1569 366 et
1593 335 1628 365 te

242 398 325 433 mihi
352 400 384 432 in
410 398 516 432 lilium
543 397 807 432 commendavit.
855 395 944 431 Ecce
977 406 999 431 a
1033 396 1171 430 domino
1208 400 1356 431 evocata
1389 395 1540 430 debitum
1564 396 1629 430 hu-

241 474 363 499 manae
401 463 612 497 couditionis
654 463 799 498 exsolvo
845 472 886 497 ac
931 472 1058 507 corpus
1098 472 1206 496 meum
1247 462 1313 496 tibi
1353 472 1438 496 cura
1480 461 1632 495 sollicita

241 528 454 564 commendo,
501 529 630 563 Audivi
658 530 769 571 enim,
801 528 956 564 Judaeos
993 528 1116 562 iniisse
1142 527 1324 562 consilium
1351 527 1528 562 dicentes:
1567 536 1628 560 ex-

241 599 458 641 spectemus,
499 595 564 629 viri
604 594 752 637 fratres,
797 592 1028 639 quoadusque
1064 594 1147 635 illa,
1189 603 1277 638 quae
1308 593 1429 628 Jesum
1465 592 1629 637 portavit,

241 660 368 696 subeat
392 664 548 703 mortem,
575 664 609 695 et
634 670 762 704 corpus
788 661 865 704 ejiis
890 659 1053 692 continuo
1079 660 1255 703 rapiemus
1280 668 1321 693 ac
1347 659 1510 703 injectum
1535 658 1629 703 igni-

240 726 306 760 bus
331 725 583 759 comburemus.
633 724 688 758 Tu
714 725 822 769 igitur
844 723 935 756 hanc
960 723 1108 767 palmam
1133 724 1264 759 deferri
1293 724 1403 759 facies
1428 727 1509 757 ante
1537 723 1629 757 fere-

242 794 342 832 trum,
378 800 452 824 cum
484 799 611 834 corpus
648 799 758 823 meum
785 788 956 822 duxeritis
988 787 1033 821 ad
1069 788 1303 832 sepulchrum.
1360 789 1525 834 Dixitque
1564 788 1627 824 Jo-

241 856 396 890 hannes:
429 866 449 889 o
483 856 612 889 utinam
646 853 702 888 hic
738 857 857 889 essent
889 862 1008 887 omnes
1042 854 1195 897 apostoli
1227 854 1355 889 fratres
1379 855 1469 896 mei,
1505 858 1543 887 ut
1567 852 1627 888 de-

240 925 361 956 center
385 920 450 954 tibi
477 930 603 965 parare
627 929 811 965 possemus
838 921 1026 964 exsequias
1060 923 1094 954 et
1129 918 1314 954 exsolvere
1338 919 1461 953 laudes
1488 918 1628 964 dignas.

241 986 333 1022 Haec
356 987 417 1020 illo
445 986 581 1021 dicente
609 996 728 1020 omnes
753 985 907 1030 apostoli
935 985 977 1019 de
1003 985 1112 1026 locis,
1146 986 1181 1018 in
1214 985 1340 1030 quibus
1368 984 1630 1030 praedicabant,

242 1062 263 1086 a
288 1051 437 1086 nubibus
463 1053 646 1096 rapiuntur
670 1056 704 1086 et
729 1056 807 1085 ante
825 1049 961 1085 Mariae
987 1052 1114 1085 ostium
1139 1050 1369 1093 collocantur,
1396 1051 1455 1096 qui
1473 1049 1630 1085 videntes

241 1128 280 1151 se
306 1116 434 1151 ibidem
459 1117 597 1151 insimul
624 1120 861 1162 congregatos
887 1116 1104 1150 mirabantur
1130 1116 1306 1151 dieentes:
1333 1126 1504 1161 quaenam
1523 1123 1632 1150 causa

242 1186 314 1223 est,
341 1186 487 1226 propter
511 1192 613 1227 quam
639 1192 704 1216 nos
731 1181 785 1216 hic
813 1181 972 1216 dominus
990 1182 1128 1216 insimul
1148 1182 1406 1227 congregavit?
1452 1180 1630 1216 Johannes

241 1249 350 1293 igitur
374 1248 418 1282 ad
445 1258 506 1282 eos
535 1249 620 1283 exiit
645 1252 679 1282 et
705 1247 876 1281 dominam
903 1247 945 1282 de
974 1258 1122 1292 corpore
1153 1258 1370 1282 recessuram
1396 1246 1573 1291 praedixit
1597 1252 1632 1280 et

241 1313 379 1347 addidit
405 1313 546 1348 dicens:
578 1313 697 1348 videte
715 1342 723 1356 ,
760 1313 910 1355 fratres,
945 1324 1000 1356 ne,
1028 1322 1103 1347 cum
1130 1313 1277 1355 obierit,
1314 1312 1443 1357 aliquis
1467 1321 1543 1346 eam
1569 1311 1630 1346 de-

241 1380 343 1421 fleat,
375 1390 418 1414 ne
445 1379 513 1414 hoc
548 1379 669 1414 videns
705 1379 855 1424 populus
889 1378 1117 1413 conturbetur
1147 1384 1181 1413 et
1205 1378 1315 1412 dicat:
1350 1387 1432 1413 ecce
1457 1378 1518 1411 isti
1543 1387 1630 1422 quo-

240 1445 343 1479 modo
378 1447 501 1480 timent
532 1449 695 1487 mortem,
725 1446 793 1490 ,qui
827 1449 939 1479 tamen
975 1444 1055 1479 aliis
1090 1443 1296 1488 praedicant
1328 1443 1631 1478 resurrectionem.

240 1510 429 1555 Dionysius
464 1510 565 1545 Pauli
596 1510 751 1555 apostoli
784 1510 976 1554 discipulus
1012 1511 1045 1543 in
1079 1509 1171 1544 libro
1204 1509 1247 1544 dc
1280 1509 1407 1544 divinis
1433 1507 1631 1542 nominibus

241 1575 306 1610 hoc
333 1575 423 1610 idem
455 1578 604 1617 asserit,
641 1576 825 1621 apostolos
850 1576 988 1611 scilicet
1012 1577 1048 1609 in
1073 1575 1281 1610 dormitione
1316 1575 1465 1620 virginis
1503 1584 1630 1607 convc-

240 1642 336 1675 nisse
362 1645 397 1675 et
422 1651 460 1675 se
488 1641 649 1675 similiter
674 1642 877 1676 interfuisse
903 1651 944 1675 ac
971 1651 1247 1686 unumquemque
1274 1641 1308 1675 in
1332 1640 1471 1675 laudem
1500 1639 1631 1673 Christi

241 1711 275 1742 et
294 1708 443 1752 virginis
463 1717 654 1741 sermonem
676 1706 815 1741 fecisse.
853 1707 913 1740 Ait
931 1707 1019 1740 enim
1038 1708 1088 1739 sic
1105 1706 1252 1750 loquens
1271 1705 1316 1740 ad
1340 1705 1629 1750 ¹)Hierotheum:

240 1783 326 1814 nos,
365 1776 403 1806 ut
436 1774 528 1806 nosti
561 1776 596 1806 et
629 1773 727 1815 ipse,
760 1775 795 1805 et
819 1771 916 1805 multi
943 1775 1140 1805 sanctorum
1165 1776 1362 1805 nostrorum
1386 1772 1531 1804 fratrum
1555 1779 1630 1803 cum

239 1839 524 1872 convenissemus
551 1837 595 1870 ad
622 1837 790 1871 visionem
817 1837 978 1880 corporis
1010 1838 1102 1870 vitae
1136 1837 1304 1880 principis
1337 1839 1372 1870 et
1404 1834 1495 1880 quod
1521 1834 1629 1868 Deum

240 1903 417 1946 suscepit,
444 1902 568 1936 aderat
593 1906 706 1936 autem
734 1906 767 1936 et
793 1902 903 1936 frater
927 1901 989 1935 Dei
1008 1900 1162 1936 Jacobus
1184 1905 1218 1935 et
1238 1900 1361 1935 Petrus
1382 1905 1416 1935 et
1438 1910 1570 1934 summa
1596 1904 1629 1933 et

240 1967 499 2012 perfectissima
517 1967 761 2013 theologorum
779 1968 958 2001 summitas
987 1966 1177 2010 ²)1‘aulus.
1222 1966 1353 2001 Postea
1368 1968 1476 2000 visum
1500 1969 1566 2007 est,
1593 1970 1630 1999 ut

242 2034 437 2077 ³)universi
457 2032 669 2067 llierarchae
691 2032 888 2073 laudarent,
918 2034 1010 2066 sicut
1025 2032 1267 2076 unusquisque
1286 2036 1362 2065 erat
1390 2030 1628 2076 ⁴)sufficiens‚

240 2097 394 2132 infinitae
422 2099 560 2132 virtutis
592 2098 782 2132 bonitatem
810 2097 1004 2132 tliearticae
1036 2096 1258 2131 infirmitatis.
1307 2096 1400 2131 Haec
1427 2096 1628 2141 Dionysius.

239 2164 322 2199 Cum
364 2167 478 2198 autem
516 2163 622 2197 beata
658 2163 775 2197 Maria
817 2174 936 2197 omncs
977 2162 1160 2207 apostolos
1199 2166 1437 2208 congregatos
1472 2161 1629 2199 vidisset.

239 2230 411 2263 dominum
447 2228 628 2263 benedixit
661 2232 695 2263 et
727 2230 762 2262 in
796 2227 910 2263 medio
947 2238 1065 2263 corum
1100 2226 1305 2261 ardentibus
1338 2225 1558 2271 lampadibus
1596 2231 1629 2260 et

239 2296 390 2330 lucernis
448 2294 618 2329 consedit.
692 2294 794 2328 Circa
850 2305 933 2328 vero
991 2293 1111 2328 horam
1168 2294 1281 2327 noctis
1336 2295 1475 2326 tertiam
1523 2291 1628 2327 Jesus

238 2361 379 2396 advenit
411 2372 484 2395 cum
517 2360 721 2406 angelorum
756 2359 960 2400 ordinibus,
1004 2358 1280 2403 patriarcharum
1320 2358 1499 2399 coetibus,
1538 2367 1628 2391 mar-

239 2429 339 2460 tirum
376 2425 597 2473 agminibus,
638 2425 879 2460 confessorura
914 2425 990 2458 acie
1032 2425 1274 2469 virginumque
1315 2422 1433 2458 choris
1479 2427 1513 2458 et
1548 2427 1628 2457 ante

238 2491 398 2526 thronum
434 2493 581 2537 virginis
618 2492 713 2526 acics
746 2490 953 2526 ordinantur
987 2495 1020 2525 et
1046 2489 1162 2524 dulcia
1188 2490 1326 2524 cantica
1352 2488 1624 2534 frequentantur.

307 2612 332 2641 ¹)
352 2610 404 2639 Ed.
425 2615 467 2639 rr.
487 2612 745 2638 Timotheum.
814 2613 843 2644 2)
862 2614 928 2637 Pan
940 2611 946 2637 Ι
960 2619 1000 2637 ns
1020 2609 1167 2636 omittitur
1186 2608 1214 2636 in
1235 2607 1287 2635 Ed.
1299 2611 1340 2634 rr.
1409 2607 1439 2638 3)
1459 2608 1526 2632 nec.
1549 2616 1565 2632 ιι
1577 2607 1624 2632 uiv

238 2664 255 2678 v
268 2663 282 2678 e
294 2664 304 2679 r
317 2663 328 2679 s
340 2664 354 2679 a
364 2664 378 2679 e
406 2654 422 2680 Ιι
436 2655 442 2680 i
454 2665 469 2679 v
480 2665 492 2681 r
502 2666 515 2680 a
528 2666 539 2681 r
550 2666 564 2681 c
575 2656 591 2681 li
603 2655 634 2682 ia
644 2666 659 2682 e
686 2655 785 2687 legunt
813 2660 841 2682 et
866 2659 934 2682 ante
961 2659 997 2681 nt
1025 2654 1200 2689 particulam
1221 2652 1353 2679 inserunt
1380 2660 1399 2684 p
1410 2659 1426 2676 o
1437 2654 1469 2677 st
1497 2661 1512 2677 v
1525 2649 1532 2677 i
1545 2659 1557 2678 s
1569 2650 1576 2677 i
1588 2659 1604 2678 Ο
1616 2667 1626 2671 -

238 2707 254 2722 ⁷³
266 2706 327 2724 ΝΗ·
432 2700 458 2728 4)
481 2699 531 2727 Ed,
553 2703 594 2726 rr.
615 2700 856 2735 suscipiens,
877 2702 946 2728 Ποῦ.
966 2703 1028 2727 tuni
1048 2697 1270 2727 theatricae
1290 2693 1470 2731 praeferunt.
