1742 3005
260 134 342 174 27ss
449 134 544 186 Cap.
574 133 696 171 LXII.
753 133 813 172 De
843 133 993 184 virgine
1024 134 1192 185 quadam
1222 134 1470 173 Antiocheno.

259 243 412 282 textum,
450 237 532 283 quid
565 235 652 279 hoe,
688 236 821 282 inquit,
858 235 939 269 est?
975 235 1094 280 puella
1120 238 1284 283 ingressa
1312 243 1384 281 est,
1422 239 1476 273 vir
1503 237 1649 272 videtur,

260 305 350 341 Ecce
374 314 444 339 non
468 301 667 337 fabulosum
688 301 775 336 illud
803 311 907 336 oerva
930 312 994 346 pro
1023 304 1177 348 virgine,
1216 303 1279 338 sed
1315 304 1408 349 quod
1443 314 1560 338 verum
1587 308 1651 341 est,

262 371 361 405 miles
400 379 441 404 ex
475 368 623 414 virgine.
671 367 718 402 At
750 367 854 402 etiam
888 367 1067 401 audieram
1104 372 1138 402 et
1174 378 1243 402 non
1276 368 1512 412 credideram,
1559 368 1652 415 quod

258 445 372 482 aquas
399 434 560 469 ChriStus
588 434 624 483 in
648 433 730 467 vina
754 433 936 475 convertit,
961 433 1035 478 Jam
1062 437 1195 468 mutare
1222 435 1338 479 eoepit
1364 444 1494 468 sexum.
1539 434 1651 470 Rece-

259 503 381 537 damus
407 500 508 542 hinc,
543 499 622 533 dum
647 498 786 542 adhuc,
823 499 915 544 quod
950 498 1096 542 fuimus,
1132 510 1260 534 sumus.
1309 499 1484 544 Numquid
1519 501 1653 544 etipse

259 571 411 602 mutatus
439 576 526 608 sum,
551 566 609 611 qui
634 564 730 599 aliud
755 575 872 606 cernO,
899 575 1000 609 quam
1021 565 1138 599 eredo.
1187 565 1243 600 Ad
1264 565 1413 610 lupanar
1429 566 1523 599 veni:
1549 576 1653 599 cerno

259 633 511 668 vadimonium:
537 634 570 665 et
596 635 711 665 tamen
736 630 813 664 dum
839 634 1008 672 mutatur,
1046 630 1229 675 egrediar:
1262 631 1410 675 pudieus
1435 630 1559 674 exibo,
1595 632 1655 677 qui

260 699 400 733 adulter
426 697 573 731 intravi:
603 696 738 741 judicio
764 697 834 737 rei,
870 696 951 741 quia
984 694 1179 730 debebatur
1210 700 1307 730 tanto
1344 706 1475 731 corona
1508 698 1654 731 victori:

261 764 444 797 damnatus
479 765 534 796 est
557 772 621 805 pro
647 762 806 806 virgine,
842 762 901 806 qui
932 771 996 805 pro
1029 762 1167 806 virgine
1193 763 1464 806 comprehensus
1491 766 1554 797 est.
1602 762 1655 796 Ita

260 830 304 865 de
331 829 492 874 lupanari
515 837 584 861 non
612 825 725 860 solum
750 827 918 871 virgineS,
945 825 1008 860 sed
1035 827 1137 860 etiam
1163 829 1323 862 martires
1353 829 1521 862 exierunt.
1568 827 1653 863 Fer-

260 902 317 929 tur
342 894 459 939 puella
483 894 529 927 ad
553 892 665 926 locum
691 891 857 936 supplicii
886 892 1103 933 cucurrisse,
1140 896 1297 926 certasse
1333 892 1454 926 ambos
1487 892 1531 927 de
1556 904 1653 928 nece.

263 960 346 995 Cum
366 959 425 993 ille
451 959 602 993 diceret:
629 968 696 1003 ego
724 968 799 991 sum
818 958 942 1003 jussus
970 957 1094 1000 occidi,
1120 961 1155 992 te
1180 957 1334 992 absolvit
1353 960 1539 1001 sententia,
1566 970 1654 1004 quo-

260 1028 352 1060 niam
378 1035 432 1059 me
455 1024 577 1058 tenuit.
627 1023 674 1057 At
699 1023 762 1057 illa
787 1023 969 1057 clamavit:
1002 1034 1070 1057 non
1100 1034 1166 1068 ego
1191 1027 1226 1057 te
1253 1023 1375 1058 vadem
1400 1026 1520 1058 mortis
1548 1024 1653 1070 elegi,

262 1090 326 1125 sed
362 1089 561 1135 praesidem
597 1089 741 1133 pudoris
773 1090 904 1133 optavi.
954 1089 992 1123 Si
1013 1089 1126 1133 pudor
1150 1091 1350 1134 quaeritur,
1387 1094 1503 1124 manet
1525 1101 1653 1124 sexus:

262 1158 293 1191 si
317 1156 463 1201 sanguis
490 1155 696 1199 exponitur,
730 1153 976 1199 fidejussorem
1000 1165 1069 1188 non
1093 1154 1281 1189 desidero!
1331 1154 1426 1190 Unde
1453 1156 1655 1192 dissolvam.

262 1222 398 1263 habeo,
425 1222 460 1254 in
485 1231 538 1255 me
576 1220 650 1254 lata
675 1223 728 1254 est
749 1220 945 1262 sententia,
984 1230 1073 1264 quae
1107 1230 1170 1264 pro
1198 1230 1251 1254 me
1281 1220 1353 1254 lata
1380 1225 1444 1256 est.
1497 1221 1600 1257 Certe
1624 1224 1654 1256 si

262 1289 434 1332 pecuniae
457 1291 492 1321 te
518 1286 763 1331 fidejussorem
789 1285 966 1320 dedissem
1001 1289 1034 1320 et
1071 1284 1218 1319 absente
1243 1295 1295 1319 me
1316 1285 1427 1330 judex
1450 1283 1544 1321 tuum
1572 1298 1653 1322 cen-

261 1364 336 1388 sum
366 1353 580 1387 t'oeneratori
606 1352 867 1397 adjudicasset,
898 1351 1018 1387 eadem
1045 1362 1098 1386 me
1124 1352 1299 1385 sententia
1327 1354 1550 1388 convinceres
1577 1365 1653 1389 meo

261 1419 472 1463 patrimonio
506 1417 646 1453 solvere
678 1422 759 1453 tuos
794 1429 916 1453 nexus.
966 1418 1005 1452 Si
1031 1426 1250 1460 recusarem,
1291 1419 1369 1463 quis
1397 1429 1451 1453 me
1474 1419 1652 1465 indignam

259 1488 371 1519 morte
397 1488 574 1527 censeret,
630 1488 759 1530 quanto
794 1485 907 1530 major
940 1489 993 1520 est
1017 1485 1142 1530 eapitis
1166 1483 1271 1529 hujus
1298 1486 1474 1519 censura?
1519 1484 1656 1520 Moriar

262 1551 449 1591 innocens,
484 1560 527 1584 ne
553 1552 682 1584 moriar
705 1560 848 1585 nocens,
897 1550 992 1585 Nihil
1016 1551 1164 1586 medium
1191 1554 1245 1584 est
1269 1549 1395 1584 hodie:
1424 1554 1484 1584 aut
1507 1561 1569 1585 rea
1593 1562 1652 1586 ero

261 1617 446 1661 sanguinis
473 1616 523 1649 tui
549 1619 608 1649 aut
634 1617 756 1649 martir
778 1618 857 1650 mei.
908 1616 947 1651 Si
972 1619 1040 1652 cito
1063 1615 1173 1657 redii,
1203 1617 1280 1661 quis
1304 1626 1357 1650 me
1377 1617 1506 1651 audeat
1533 1617 1652 1652 exclu-

263 1681 377 1717 dere?
428 1681 464 1715 Si
502 1690 632 1715 moram
666 1680 754 1723 feci,
791 1682 869 1726 quis
900 1692 954 1716 me
989 1683 1119 1718 audeat
1143 1683 1360 1718 absolvere?
1406 1682 1489 1718 Plus
1513 1683 1654 1729 legibus

263 1746 376 1781 debeo
402 1757 464 1781 rea
488 1758 557 1781 non
586 1746 698 1780 solum
725 1746 833 1791 fugae
857 1756 967 1789 meae,
995 1747 1058 1781 sed
1085 1750 1187 1782 etiam
1212 1749 1331 1783 caedis
1356 1749 1507 1784 alienae.
1547 1749 1653 1783 Suffi—

265 1813 359 1846 ciunt
381 1812 535 1847 membra
557 1813 679 1854 morti,
705 1822 795 1858 quae
820 1823 889 1846 non
913 1812 1139 1848 sufficiebant
1165 1815 1327 1859 injuriae.
1371 1813 1434 1848 Est
1458 1815 1491 1847 in
1518 1815 1655 1859 virgine

262 1878 397 1913 vulneri
421 1879 534 1921 locus,
562 1879 620 1923 qui
645 1888 715 1912 non
739 1882 814 1912 erat
840 1878 1089 1921 contumeliae3
1116 1890 1183 1925 ego
1213 1879 1440 1924 opprobrium
1466 1878 1653 1919 declinavi,

259 1954 329 1978 non
355 1945 565 1978 martirium:
592 1944 658 1978 tibi
682 1944 775 1977 cessi
809 1947 951 1985 vestem,
978 1954 1047 1978 non
1071 1945 1325 1989 professionem
1352 1946 1492 1979 mutavi.
1533 1943 1653 1984 Quod-

261 2011 291 2043 si
325 2010 406 2043 milii
441 2011 616 2054 praeripis
648 2013 814 2051 mortem,
851 2019 920 2043 non
956 2009 1135 2044 redemisti
1167 2021 1239 2053 me,
1279 2010 1342 2045 sed
1381 2011 1651 2045 circumvenisti.

261 2076 353 2110 (lave
383 2086 537 2121 quaeso,
572 2086 615 2110 ne
650 2067 867 2116 contendas,
906 2085 990 2110 cave
1024 2086 1067 2110 ne
1103 2076 1347 2111 contradicere
1374 2076 1519 2110 audeas.
1573 2075 1653 2110 Noli

262 2142 400 2186 eripere
424 2140 653 2184 heneficium,
680 2140 773 2186 quod
803 2140 946 2183 dedisti,
972 2140 1051 2175 dum
1077 2141 1159 2175 mihi
1184 2142 1272 2176 lianc
1297 2143 1503 2176 sententiam
1529 2152 1652 2187 negas.

257 2206 351 2239 illam
377 2209 534 2241 restituis
563 2208 790 2251 superiorem.
836 2205 1019 2241 Sententia
1045 2209 1134 2242 enim
1169 2208 1343 2242 sententia
1369 2208 1553 2251 superiore
1578 2217 1651 2241 niu-

260 2274 372 2313 tatur,
403 2273 432 2305 si
458 2274 636 2316 posterior
659 2283 711 2306 me
729 2274 918 2314 nontenet,
947 2274 1110 2317 superior
1126 2273 1301 2307 sententia
1314 2276 1419 2307 tenet.
1462 2272 1652 2307 Possumus

259 2338 396 2382 utrique
428 2337 637 2373 satisfacere
662 2338 877 2378 sententiae,
911 2337 942 2370 si
977 2348 1030 2372 me
1064 2339 1162 2383 prius
1198 2340 1346 2382 patiaris
1384 2337 1506 2372 occidi.
1554 2337 1592 2372 In
1617 2341 1653 2373 te

259 2401 389 2437 liabent
414 2402 540 2446 aliam,
578 2414 679 2449 quam
715 2406 901 2437 exerceant
933 2413 1104 2447 poenam,
1143 2405 1176 2438 in
1210 2405 1346 2449 virgine
1379 2403 1552 2437 obnoxius
1587 2415 1651 2448 pu-

259 2467 324 2501 dor
348 2472 412 2503 est.
462 2468 583 2515 Itaque
618 2469 811 2515 gloriosior
848 2468 937 2510 eris,
971 2470 1002 2502 si
1036 2469 1189 2504 videaris
1217 2469 1259 2504 de
1286 2469 1446 2504 adultera
1478 2470 1650 2502 martirem

260 2532 409 2575 fecisse,
436 2545 535 2579 quam
564 2534 606 2569 de
630 2535 771 2569 martire
799 2533 994 2568 adulteram
1020 2534 1231 2570 reddidisse.
1285 2534 1375 2574 Quid
1407 2533 1650 2576 exspectatis?

260 2595 328 2629 duo
356 2599 609 2634 contenderunt
634 2605 668 2634 et
699 2601 872 2635 vicerunt:
908 2610 970 2635 nec
1006 2600 1121 2635 divisa
1154 2604 1208 2635 est
1238 2608 1388 2640 corona,
1426 2596 1490 2631 sed
1517 2596 1648 2633 addita.

259 2660 380 2706 ltaque
409 2666 520 2698 sam-ti
556 2667 714 2700 martires
752 2666 895 2700 invicem
933 2665 1000 2700 sibi
1045 2664 1217 2700 beneficia
1248 2657 1488 2703 conferentes,
1535 2661 1649 2696 altera

259 2727 463 2772 principium
490 2731 656 2772 martirio,
685 2730 781 2764 dedit
814 2731 903 2766 alter
930 2730 1098 2765 effectum.
1151 2728 1195 2762 At
1227 2729 1329 2763 etiam
1358 2728 1647 2774 philosophorum
