1742 3005
405 59 500 109 Cap.
535 59 667 96 CXIII.
730 61 786 97 De
818 67 947 98 saneto
979 61 1204 99 Dominico:
1408 63 1491 103 479

101 167 268 211 episeopo
295 164 363 200 hoc
388 164 490 200 inodo
515 168 726 200 monstratus
750 169 813 201 est.
863 164 948 200 Nam
975 175 1049 199 cum
1075 166 1109 199 in
1134 166 1322 211 campanili
1346 166 1491 203 fratrum

102 232 217 277 capite
249 230 296 265 ad
329 241 460 265 murum
491 231 660 266 inclinato
695 231 763 266 levi
800 241 922 266 somno
953 231 1198 275 dormitasset,
1237 232 1326 267 vidit
1358 233 1491 268 eoelum

100 301 258 342 apertum
285 300 320 331 et
346 296 432 331 duas
457 297 573 331 scalas
600 297 769 332 candidas
794 297 839 331 ad
866 300 994 332 terram
1020 297 1196 340 submitti,
1231 309 1375 344 quarum
1399 310 1492 334 sum-

101 363 239 397 mitates
277 362 437 397 Christus
474 373 549 397 cum
581 367 690 397 matre
724 362 870 397 tenebat
908 366 942 397 et
972 364 1093 408 angeli
1129 375 1193 409 per
1216 375 1276 400 eas
1298 365 1493 410 jubilantes

102 427 341 462 ascendebant
372 433 407 463 et
443 428 720 463 descendebant.
767 426 803 460 In
837 428 951 462 medio
988 432 1103 462 autem
1138 430 1312 464 scalarum
1354 433 1388 465 in
1424 432 1491 465 imo

102 492 206 528 sedes
231 495 349 538 posita
373 498 448 528 erat
476 497 510 528 et
535 503 642 538 super
665 492 782 527 sedem
810 493 925 527 velato
951 495 1066 537 capite
1093 493 1203 529 frater
1222 496 1362 538 sedens,
1387 496 1492 531 Jesus

102 564 215 594 autem
252 564 286 594 et
319 564 430 594 mater
465 559 541 603 ejus
574 568 709 592 sursum
741 558 856 592 scalas
886 558 1095 601 trahebant,
1132 559 1243 595 donec
1276 561 1422 596 sedente
1459 564 1494 595 in

103 625 235 660 coelum
256 625 393 660 elevato
419 629 587 670 apertura
610 624 700 659 coeli
725 623 847 658 clausa
872 628 936 659 est.
986 624 1136 659 Veniens
1165 628 1274 672 igitur
1292 627 1493 672 praedictus

104 691 212 725 frater
252 689 444 724 Bononiam
488 692 652 724 continuo
694 690 815 725 eadem
861 689 918 724 die
959 694 994 725 et
1032 690 1120 726 hora
1155 697 1289 736 patrem
1319 694 1494 738 migrasse

101 757 278 802 cognovit.
325 755 449 791 Frater
474 756 612 801 quidam
637 758 775 791 nomine
805 755 924 800 ¹)Ra0
952 758 1088 801 positus
1113 757 1207 802 apud
1226 758 1346 803 Tybur
1371 759 1493 794 eadem

103 821 160 856 die
192 831 232 856 ac
268 821 378 864 hora,
414 832 483 867 qua
510 826 611 866 pater
644 823 809 868 migravit
835 832 855 856 a
879 832 1047 867 corpore,
1085 825 1227 858 missam
1251 824 1492 858 celebraturus

102 892 303 923 accesserat
336 887 382 921 ad
417 887 540 921 altare.
591 887 672 921 Cum
707 888 879 922 audiisset
907 898 982 922 eum
1014 888 1195 925 Bononiae
1220 894 1430 936 aegrotasse
1460 894 1493 925 et

103 953 148 987 ad
172 953 285 988 locum
312 954 455 988 canonis
481 953 644 995 veniens,
680 954 714 987 in
753 964 821 997 quo
857 953 900 988 de
926 955 1014 988 vivis
1040 957 1168 990 mentio
1198 956 1274 991 fieri
1299 958 1493 1000 consuevit,

102 1019 209 1055 vellet
232 1030 294 1064 pro
322 1020 398 1065 ejus
425 1019 540 1054 salute
567 1029 691 1061 orare,
726 1019 843 1053 subito
879 1020 992 1054 factus
1032 1026 1086 1056 est
1118 1023 1150 1056 iu
1186 1034 1337 1058 excessu
1369 1024 1493 1058 mentis

102 1085 256 1131 viditque
284 1087 393 1120 virum
417 1084 483 1120 Dei
507 1084 720 1119 Domiuieum
747 1096 878 1120 corona
904 1086 1054 1131 quadam
1088 1098 1197 1123 aurea
1219 1089 1414 1124 laureatum
1438 1094 1493 1123 to-

101 1155 242 1196 tumque
273 1151 427 1185 mirabili
462 1150 650 1196 splendore
686 1150 896 1197 fulgentem,
942 1152 1079 1188 duobus
1115 1154 1254 1199 quidem
1290 1154 1493 1190 reverendis

102 1218 188 1252 viris
212 1218 430 1259 comitatum,
456 1216 536 1251 hinc
560 1216 641 1251 iude
670 1221 770 1251 extra
795 1216 986 1252 Bononiam
1012 1220 1046 1253 in
1072 1221 1130 1255 via
1164 1222 1265 1267 regia
1298 1222 1493 1266 proceden-

101 1287 182 1318 tem.
231 1283 329 1319 Diem
355 1284 464 1330 igitur
487 1286 613 1317 notans
641 1287 675 1317 et
699 1282 821 1316 horam
847 1285 980 1319 invenit
1010 1289 1090 1320 tuuc
1124 1296 1260 1321 servum
1287 1287 1350 1323 Dei
1374 1288 1493 1323 Domi-

102 1350 215 1383 nioum
251 1359 273 1383 a
306 1359 456 1393 corpore
492 1349 677 1394 migrasse.
728 1347 809 1382 Cum
842 1351 951 1395 igitur
983 1361 1111 1396 eorpus
1150 1353 1227 1397 ejus
1261 1354 1368 1388 multo
1403 1358 1492 1389 tem-

102 1425 188 1459 pore
224 1414 288 1448 sub
329 1418 426 1448 terra
454 1415 629 1459 Jaeuisset
671 1417 704 1447 et
739 1414 1043 1450 crebrescentibus
1076 1419 1110 1452 in
1143 1418 1218 1453 dies
1255 1420 1495 1455 indesinenter

101 1480 281 1514 miraculis
303 1490 372 1514 non
395 1484 519 1524 posset
537 1479 683 1514 ulterius
704 1480 780 1525 ejus
798 1483 965 1515 sauctitas
982 1483 1162 1525 occultari,
1182 1483 1332 1519 fidelium
1351 1485 1493 1531 dignum

102 1545 200 1580 duxit
231 1546 371 1580 devotio
404 1556 531 1590 corpus
565 1548 641 1590 ejus
677 1545 723 1579 ad
758 1546 917 1581 altiorem
955 1548 1067 1582 locum
1093 1550 1308 1593 transferre,
1348 1561 1493 1596 cumque

102 1615 356 1646 monumentum
403 1611 550 1653 fuisset,
600 1611 711 1645 fracto
760 1613 817 1646 vix
863 1612 989 1647 ferreis
1034 1615 1272 1650 instrumentis
1313 1620 1493 1652 caemento

102 1676 313 1723 sublatoque
337 1677 468 1722 lapide,
494 1678 720 1722 patefactum,
748 1682 846 1712 tanta
872 1689 913 1713 ex
939 1680 1017 1723 ipso
1045 1683 1243 1715 suavissimi
1271 1682 1391 1717 odoris
1411 1694 1494 1728 pro-

103 1744 197 1787 rupit
225 1742 442 1788 fragrantia,
468 1747 506 1777 ut
533 1754 601 1778 non
625 1748 695 1778 tam
721 1743 942 1789 sepulchrum
970 1756 1070 1791 quam
1095 1747 1186 1782 cella
1210 1747 1391 1783 videretur
1413 1759 1494 1783 aro·

101 1812 227 1843 matum
254 1810 423 1853 patuisse.
474 1809 540 1849 Qui
576 1810 714 1855 quidem
748 1810 837 1844 odor
868 1817 994 1846 cuncta
1023 1813 1216 1858 superabat
1248 1819 1406 1849 aromata
1430 1825 1494 1849 nec

103 1874 252 1920 alicujus
264 1875 316 1909 rei
327 1875 499 1910 naturalis
510 1875 598 1909 odor
609 1876 733 1910 similis
745 1877 929 1912 videbatur
938 1889 1003 1913 nee
1015 1879 1126 1913 solum
1136 1879 1276 1914 ossibus
1290 1885 1349 1914 aut
1360 1880 1495 1925 pulveri

102 1941 196 1974 sacri
219 1942 379 1984 corporis
404 1942 520 1976 iuerat
545 1942 598 1976 vel
628 1951 776 1986 capsae,
812 1954 928 1977 verum
953 1946 1058 1979 etiam
1082 1949 1198 1980 terrae
1225 1947 1494 1991 circumquaque

103 2009 314 2049 congestae,
349 2006 399 2039 ita
430 2010 467 2040 ut
492 2006 536 2040 ad
562 2006 774 2052 longinquas
800 2009 965 2053 regiones
1000 2012 1103 2044 etiam
1129 2011 1348 2054 postmodum
1376 2011 1495 2045 delata

105 2069 248 2103 odorem
268 2070 379 2114 ipsum
397 2070 504 2116 longo
519 2075 676 2115 tempore
694 2073 871 2106 retineret.
898 2072 1055 2108 Fratrum
1079 2085 1161 2109 vero
1182 2075 1340 2109 manibus
1361 2075 1495 2121 aliquid

106 2134 149 2170 de
166 2135 367 2180 ²)reliquiis
380 2135 607 2181 tangenthus
619 2137 669 2169 sic
680 2135 844 2180 inhaesit,
857 2142 892 2171 ut
903 2143 1203 2184 quantumcunque
1214 2140 1309 2175 lotae
1322 2141 1375 2176 vel
1391 2142 1494 2176 etiam

106 2201 322 2235 confricatae
348 2200 565 2247 fragrantiae
591 2200 649 2235 diu
672 2204 905 2237 testimonium
931 2208 1210 2248 praesentarent.
1257 2205 1294 2240 In
1312 2208 1495 2251 provincia

104 2265 279 2312 Ungariae
305 2267 359 2300 vir
383 2266 521 2311 quidam
545 2266 674 2301 nobilis
698 2278 773 2302 eum
797 2279 907 2304 uxore
931 2280 996 2304 sua
1028 2275 1063 2305 et
1087 2270 1158 2305 filio
1188 2272 1336 2317 parvulo
1365 2272 1411 2306 ad
1438 2283 1494 2308 re-

104 2331 234 2377 liquias
268 2331 364 2366 beati
397 2331 584 2375 Dominici,
617 2343 708 2378 quae
744 2334 779 2368 in
811 2334 911 2369 Silon
935 2335 1175 2380 habebantur,
1212 2337 1409 2372 visitandas
1433 2347 1494 2372 ae-

106 2398 235 2439 cessit,
262 2400 299 2431 at
323 2395 414 2431 filius
439 2397 516 2442 ejus
541 2396 762 2433 infirmitatus
786 2399 916 2435 ibidem
941 2400 986 2435 ad
1001 2405 1189 2436 extremum
1206 2405 1298 2438 vitae
1314 2403 1494 2439 moriendo

105 2463 282 2507 pervenit,
327 2466 431 2507 pater
476 2467 591 2498 autem
637 2474 766 2510 eorpus
808 2464 871 2498 filu
910 2476 1025 2500 coram
1060 2467 1166 2502 altari
1194 2469 1291 2503 beati
1324 2469 1495 2504 Dominici

105 2527 285 2562 collocans
310 2527 496 2563 lamentari
519 2531 636 2575 coepit
662 2533 696 2565 et
720 2530 859 2566 dicere:
893 2529 998 2566 beate
1031 2531 1235 2578 Dominice‚
1270 2534 1384 2570 laetus
1415 2536 1495 2571 veni

170 2627 199 2660 1)
217 2626 278 2654 Alii
295 2627 400 2654 Rabo
419 2627 530 2660 legunt.
637 2629 667 2663 2)
685 2630 755 2657 Rec.
775 2627 890 2656 addunt
909 2630 1183 2659 sacrosanctis
1212 2636 1241 2661 et
1259 2637 1330 2669 post
1349 2632 1494 2661 consri-

106 2674 231 2699 eatae:
257 2676 392 2700 essent
419 2682 487 2708 per
512 2672 654 2708 plnres
683 2672 770 2701 dies
789 2678 1063 2705 consecratae.
