1742 3005
219 63 298 100 452
531 64 625 111 (ap.
655 60 791 98 CVlll.
860 59 915 95 De.
956 65 1087 95 sancto
1122 59 1301 95 Eusebio.

668 281 794 343 CAP.
830 280 982 342 cvlll.
1018 279 1169 343 (103.)

463 385 580 428 De
624 381 935 427 sancto
976 377 1375 425 Eusebio.

314 491 483 526 Eusebius
510 492 648 525 ‹liu-itur
675 491 718 524 ab
746 501 808 531 eu,
845 489 936 535 quod
973 494 1027 524 est
1056 489 1204 530 bonum,
1243 492 1277 522 et
1302 487 1406 529 sebe,
1441 487 1532 532 quod
1559 487 1613 520 di·-

224 560 312 592 citur
341 557 542 602 eloquentia
568 557 620 591 vel
648 558 765 590 statio.
815 555 876 589 Vel
904 554 1076 588 Eusebius
1102 558 1204 588 sonat
1232 554 1342 587 bonus
1363 552 1487 586 cultus.
1537 551 1614 596 Ipse

226 634 372 668 namque.
399 623 520 655 babuit
545 622 733 655 bonitatem
760 622 792 654 iu
819 620 1097 654 sanctilieatione
1123 620 1196 660 sui,
1232 619 1464 663 eloquentiam
1492 619 1525 651 in
1553 617 1614 651 de-

226 689 385 722 fensione
410 686 512 728 fidei,
549 689 733 720 stationem
770 687 803 719 in
837 687 1035 719 constantia
1069 685 1234 726 martirii,
1270 683 1396 717 bonum
1430 683 1555 717 cultum
1582 684 1615 716 in

226 755 423 788 reverentia
448 753 522 786 Dei.

316 818 489 853 Eusebius
518 827 655 861 semper
681 817 781 861 virgo
808 817 981 849 exsistens
1004 815 1081 849 dum
1098 814 1213 848 adbuc
1228 814 1494 849 catechumenus
1510 818 1615 852 esset,

226 886 269 919 ab
298 883 451 918 Eusebio
486 892 578 927 papa
612 882 785 925 baptisma
820 882 975 925 sust-epit
1008 885 1042 915 et
1075 891 1216 922 nomen,
1266 882 1299 913 in
1342 890 1410 924 quo
1444 879 1616 922 baptismo

226 960 346 983 manus
373 948 557 993 angelicae
583 949 678 981 visae
705 951 796 988 sunt,
831 956 919 991 quae
946 948 1055 991 ipsum
1085 947 1126 980 de
1153 956 1255 980 saei-o
1285 946 1380 979 sonte
1402 945 1615 979 levaverunt.

227 1016 391 1050 Matrona
423 1013 593 1058 quaedam
628 1014 704 1057 ejus
736 1011 992 1056 pulchritudine
1025 1016 1129 1055 capta
1163 1022 1236 1045 eum
1272 1013 1382 1056 ipsius
1424 1009 1617 1044 cubiculum

227 1080 331 1114 vellet
372 1079 490 1119 adire,
533 1077 812 1112 custodientibus
851 1077 989 1123 angelis
1032 1078 1213 1121 pervenire
1254 1088 1320 1110 non
1353 1078 1484 1121 potuit,
1528 1074 1618 1108 unde.

228 1146 319 1178 facto
353 1154 451 1178 mane
490 1142 533 1176 ad
569 1144 644 1187 ejus
671 1141 780 1186 pedes
811 1141 963 1186 procidit
998 1146 1031 1176 et
1057 1143 1100 1175 ab
1128 1153 1168 1177 eo
1195 1145 1328 1176 veniam
1354 1143 1465 1186 petiit.
1515 1140 1618 1173 Ordi-

226 1215 328 1244 natus
355 1208 532 1254 presbiter
555 1212 651 1242 tanta
676 1209 861 1241 sanctitate
890 1209 1047 1249 emicuit,
1085 1212 1121 1241 ut
1157 1209 1190 1241 in
1219 1209 1399 1241 missarum
1425 1206 1617 1241 sollemniis

227 1277 317 1309 inter
350 1285 469 1308 manus
505 1275 580 1317 ejus
613 1274 841 1307 ministerium
875 1273 1069 1317 angelicum
1095 1277 1295 1317 appareret.
1344 1272 1428 1306 Post
1454 1271 1518 1305 hoe
1543 1281 1617 1304 eum

227 1341 359 1375 Ariana
383 1342 493 1384 pestis
519 1343 625 1372 totam
654 1338 786 1372 Italiam
816 1338 991 1379 inliceret,
1031 1339 1240 1382 imperatore
1276 1338 1481 1372 Constantio
1502 1336 1616 1379 „eidem

228 1406 367 1440 haeresi
397 1405 534 1439 favente
556 1404 715 1439 Julianus
736 1414 835 1449 ,papa
862 1403 1048 1438 Eusebium
1076 1406 1108 1438 in
1134 1404 1389 1438 Vercellensem
1418 1403 1617 1446 episcopum

226 1471 464 1511 consecravit,
491 1480 580 1514 quae
604 1475 685 1503 tune
714 1469 897 1503 obtinebat
926 1471 1016 1503 inter
1043 1470 1133 1503 alias
1160 1470 1265 1504 urbes
1292 1468 1415 1503 Italiae
1441 1469 1615 1512 principa-

227 1541 307 1570 tum.
358 1535 457 1574 Quod
491 1534 659 1569 haeretici
694 1535 877 1570 audientes
914 1546 1031 1569 omnes
1060 1535 1154 1569 sores
1180 1536 1352 1570 eeclesiae
1381 1534 1497 1568 claudi
1523 1532 1616 1567 sece-

229 1605 327 1642 runt,
362 1605 397 1634 at
432 1599 604 1634 Eusebius
643 1601 760 1635 urbem
797 1602 979 1646 ingressus
1006 1605 1084 1635 ante
1111 1602 1236 1634 ostium
1263 1602 1405 1646 majoris
1432 1599 1617 1639 eeclesiae,

228 1677 317 1711 qnae
344 1670 398 1701 est
422 1665 548 1700 beatae
573 1665 728 1707 Mariae,
765 1677 881 1711 genua
913 1667 1007 1701 llexit
1030 1672 1063 1701 et
1087 1669 1201 1700 omnia
1225 1668 1318 1700 ostia
1343 1676 1420 1700 mox
1447 1674 1511 1700 sua
1537 1673 1617 1697 ora-

227 1734 322 1765 tione
365 1732 512 1775 aperuit.
566 1730 821 1775 ¹)Maxentium
860 1731 1160 1766 lllediolznwusem
1204 1734 1404 1776 episcopum
1438 1730 1617 1764 haeretica

228 1798 400 1840 pravitate
417 1800 616 1839 corruptum
638 1795 680 1829 de
699 1797 902 1839 episcopatu
929 1797 1034 1841 eJeeit
1056 1802 1089 1831 et
1115 1808 1177 1841 pro
1204 1808 1244 1830 eo
1273 1798 1379 1830 virum
1410 1794 1615 1829 catholicum

225 1861 425 1906 Dyonislum
451 1860 627 1894 ordinavit
653 1862 773 1905 sicque.
799 1860 971 1895 Eusebius
1009 1866 1114 1895 totam
1149 1862 1330 1896 ecclesiam
1365 1860 1557 1895 occidentis
1583 1863 1617 1892 et

225 1926 440 1961 Athanasius
465 1931 569 1959 totam
598 1926 777 1959 ecelesiam
805 1928 950 1959 orientis
978 1926 1021 1960 ab
1050 1927 1255 1961 Arianorum
1282 1931 1380 1971 peste
1407 1924 1614 1970 purgabant.

225 1992 329 2025 Arius
364 2001 510 2036 namque
545 1991 720 2034 presbiter
754 1992 1012 2025 Alexandrinus
1051 1992 1132 2034 suit,
1174 1994 1230 2037 qui
1277 1992 1449 2026 Christum
1497 2000 1616 2034 puram

223 2061 416 2090 ereaturam
443 2067 521 2090 esse
550 2056 708 2097 dicebat,
744 2055 929 2099 asserens,
967 2058 1057 2102 quod
1087 2062 1178 2099 erat,
1209 2058 1348 2103 quando
1374 2067 1441 2090 non
1469 2059 1556 2094 erat,
1583 2058 1616 2089 et

224 2121 316 2166 quod
348 2127 491 2166 propter
516 2132 578 2155 nos
607 2121 719 2155 sactus
746 2127 820 2163 est,
854 2127 890 2156 ut
916 2134 978 2156 nos
1005 2134 1068 2167 per
1094 2134 1169 2157 eum
1203 2129 1373 2168 tamquam
1400 2132 1461 2165 per
1487 2122 1616 2153 instru-

224 2191 371 2220 mentum
398 2186 491 2221 Deus
515 2192 672 2229 crearet,
709 2192 742 2222 et
776 2187 855 2221 ideo
889 2198 1034 2234 magnus
1063 2189 1309 2223 Constantinus
1337 2186 1508 2221 celebrari
1534 2185 1616 2219 feeit

225 2250 410 2285 Nicaenum
438 2252 620 2285 concilimn
637 2279 644 2292 ‚
680 2252 736 2285 ubi
765 2264 863 2286 error
887 2253 1135 2288 condemnatus
1162 2258 1224 2288 est
1273 2253 1351 2298 Ipse
1377 2257 1489 2286 autem
1518 2256 1615 2295 post-

223 2316 359 2350 modum
393 2316 583 2350 miserabili
619 2321 727 2351 morte
756 2318 905 2358 interiit,
949 2320 1030 2362 quia
1065 2321 1181 2353 omnia
1217 2321 1352 2353 viscera
1385 2323 1419 2352 et
1450 2318 1615 2351 intestina

224 2392 286 2425 per
325 2392 500 2416 secessum
540 2383 665 2415 emisit.
717 2384 942 2417 Constantius
979 2388 1092 2418 autem
1135 2384 1354 2419 Constantini
1401 2382 1491 2416 lilius
1536 2383 1613 2425 ipsa

225 2445 362 2479 haeresi
404 2451 588 2490 corruptus
637 2447 718 2488 suit,
775 2449 939 2492 quocirca
988 2449 1212 2483 Constantius
1260 2451 1450 2493 imperator
1491 2450 1612 2480 eontra

224 2509 408 2544 Eusebium
450 2511 630 2555 plurimum
670 2511 872 2557 indignatus
915 2515 1095 2549 multorum
1138 2516 1380 2559 episcoporum
1430 2511 1609 2546 concilium

295 2647 319 2677 Ι)
342 2647 390 2670 l·,‹l.
413 2651 452 2672 Pr.
475 2650 576 2673 Auxv
588 2649 670 2675 utin
684 2659 708 2674 ni
732 2649 809 2680 legit.
