1742 3005
401 119 497 168 Cap.
531 117 665 155 CLXI.
732 117 789 155 De
820 124 952 155 sancto
983 117 1206 156 Eustacliio.
1412 118 1491 156 717

108 225 219 268 ripam
252 222 399 257 fluminis
434 222 633 269 dereliquit.
683 224 765 259 Cum
797 227 910 259 autem
946 227 1196 265 reverteretur,
1242 226 1278 258 ut
1310 234 1362 259 me
1395 226 1490 258 acci—

107 293 222 333 peret,
257 289 358 334 lupus
397 291 489 324 venit
522 293 556 324 et
589 290 684 323 illum
721 289 886 324 infantem
922 292 1037 335 rapuit
1069 295 1120 333 et,
1155 293 1341 335 antequam
1368 289 1413 324 ad
1439 300 1492 324 me

106 356 423 399 appropinquaret,
451 355 506 390 leo
533 355 575 390 de
602 356 691 389 silva
717 357 838 390 exieus
864 367 915 391 me
942 358 1057 400 rapuit
1085 360 1117 390 et
1142 358 1175 389 in
1196 356 1316 390 silvam
1337 355 1490 390 deduxit.

106 419 272 454 Pastores
298 431 381 455 vero
413 425 578 455 erueriuit
604 432 655 456 me
684 421 725 456 de
765 432 825 456 ore
858 422 970 456 leonis
1004 425 1037 455 et
1074 423 1222 455 nutritus
1257 431 1329 454 sum
1364 423 1397 454 in
1431 421 1492 454 illa

107 487 353 530 possessione,
391 487 423 520 in
450 496 517 531 qua
544 491 577 521 et
603 489 678 530 ipse
703 488 793 527 scis,
828 491 861 520 et
887 497 952 519 non
981 487 1078 530 potui
1106 487 1220 528 scire,
1256 486 1336 530 quid
1365 487 1491 519 sactum

105 553 151 586 sit
186 552 228 586 de
264 557 364 596 patre
399 563 473 586 meo
508 561 619 596 neque
654 551 697 585 de
733 551 878 588 infante..
926 551 1018 585 llaec
1051 551 1196 586 audiens
1231 553 1342 585 minor
1376 553 1492 595 coepit

107 617 188 652 flere
214 627 256 651 ac
281 617 414 651 dicere:
440 627 503 661 per
527 616 648 658 Deum,
676 621 712 650 ut
737 617 857 658 audio,
883 616 993 651 frater
1017 621 1096 651 tuus
1122 628 1194 651 sum
1223 627 1304 662 ego,
1330 618 1490 661 quoniam

105 688 138 717 et
169 685 228 727 qui
263 692 314 716 tne
352 682 608 725 educaverant,
642 682 709 717 lioc
744 682 929 724 dicebant,
965 682 1056 728 quod
1089 683 1132 718 de
1158 683 1240 728 lupo
1269 685 1418 717 eruimus
1444 686 1489 716 te.

104 747 146 782 Et
177 749 210 782 in
242 748 420 793 amplexus
448 753 588 783 ruentes
615 748 865 783 osculabantur
889 758 927 782 se
955 750 1100 783 invicem
1129 753 1162 782 et
1188 749 1368 783 fleverunt.
1417 749 1490 783 Au-

103 814 203 849 diens
241 813 327 848 haec
360 818 470 848 mater
495 825 611 848 eorum
639 819 672 849 ct
704 815 956 856 considerans,
992 814 1083 859 quod
1117 819 1274 849 eventum
1309 825 1406 848 suum
1442 816 1492 848 ita.

103 881 258 914 seriatim
292 879 486 921 dixissent,
522 879 580 913 diu
615 880 707 924 apud
742 891 780 914 se
811 881 992 922 tractavit,
1029 881 1058 913 si
1094 879 1146 912 illi
1178 879 1239 912 tilii
1273 882 1325 914 sui
1360 885 1490 918 essent,

102 945 215 979 altera
247 950 360 980 autem
397 946 453 980 die
487 945 532 979 ad
567 948 771 991 magistrum
805 946 948 979 niilitum
976 945 1063 979 adiit
1092 949 1125 979 et
1151 945 1389 990 interpellavit
1414 956 1489 980 euin

102 1011 239 1046 diceus:
275 1011 448 1056 deprecor
480 1016 535 1053 te,
570 1011 728 1053 domine,
769 1006 813 1045 'ut
850 1022 902 1046 me
939 1011 981 1045 ad
1019 1014 1166 1056 patriam
1203 1022 1310 1045 meam
1346 1011 1489 1056 perduci

97 1076 247 1120 jubeas,
282 1087 349 1122 ego
383 1078 471 1111 enim
498 1076 540 1111 de
567 1081 662 1111 terra
687 1076 918 1111 Romanorum
947 1088 1019 1111 sum
1048 1083 1081 1113 ct
1107 1080 1295 1123 peregrina
1322 1077 1378 1111 hic
1403 1087 1488 1111 sum.

100 1142 145 1177 Et
178 1142 265 1177 haec
302 1142 421 1177 dicens
456 1142 542 1176 vidit
575 1144 608 1176 in
649 1153 689 1177 eo
724 1145 827 1188 signa
862 1145 974 1177 mariti
1011 1145 1063 1176 sui
1090 1147 1225 1178 etcum
1256 1153 1487 1187 cognoscens,

99 1219 173 1244 cum
203 1219 242 1243 se
261 1209 333 1254 Jam
359 1210 537 1243 continere
563 1220 630 1243 non
658 1213 801 1253 posset,
838 1209 989 1254 procidit
1020 1209 1063 1243 ad
1100 1209 1209 1254 pedes
1243 1219 1326 1243 suos
1363 1213 1397 1242 et
1421 1210 1488 1242 ait:

100 1279 306 1320 procerte,
342 1274 496 1316 domine,
531 1279 569 1309 ut
598 1285 753 1319 exponas
790 1275 874 1309 inihi
906 1277 1087 1320 pristinam
1122 1278 1225 1309 vitam
1261 1279 1372 1315 tuam,
1405 1279 1487 1318 puto

99 1342 210 1381 enim,
246 1341 336 1386 quod
363 1345 400 1374 tu
425 1342 473 1374 sis
499 1340 665 1374 Placidus
692 1342 862 1386 magister
887 1342 1049 1383 militurn,
1084 1343 1143 1386 qui
1174 1342 1245 1375 alio
1271 1342 1408 1375 nomine
1434 1340 1487 1373 di-

101 1408 190 1441 ceris
216 1405 447 1447 Eustachium,
483 1416 581 1449 quein
608 1405 784 1440 Placidum
814 1407 972 1440 salvator
1005 1408 1198 1448 convertit,
1234 1408 1292 1451 qui
1326 1407 1488 1441 talem-et

100 1472 203 1506 talem
228 1473 454 1505 tentationem
480 1472 666 1513 sustinuit,
703 1476 735 1505 et
763 1474 815 1505 cui
846 1483 953 1514 uxor,
987 1482 1077 1517 quae
1113 1484 1179 1518 ego
1207 1482 1301 1512 sum,
1341 1474 1373 1506 iu
1401 1474 1487 1507 inari

100 1536 218 1571 ablata
248 1536 332 1578 suit,
366 1547 454 1581 quae
487 1541 599 1571 tamen
629 1537 671 1571 ab
709 1539 800 1571 omni
826 1540 1051 1582 corruptione
1077 1542 1217 1571 servata
1242 1548 1334 1579 suni,
1370 1540 1426 1583 qui
1454 1542 1488 1572 et

100 1603 188 1637 duos
216 1603 305 1636 lilios
332 1602 467 1637 scilicet
492 1602 690 1648 Agapetum
718 1607 751 1637 et
777 1602 1008 1647 Theospitum
1036 1603 1170 1638 habuit.
1218 1602 1310 1637 Haec
1338 1603 1484 1638 audiens

98 1667 307 1703 Eustacliius
334 1671 368 1702 et
395 1669 504 1713 ipsam
530 1669 718 1714 diligenter
742 1667 970 1702 considerans
997 1679 1138 1703 uxorem
1165 1679 1260 1702 suani
1282 1670 1488 1714 recognovit

100 1738 134 1769 et
167 1734 368 1768 lacrimatus
407 1744 492 1778 prae
526 1734 657 1780 gaudio
691 1735 802 1778 ipsam
835 1734 1015 1769 osculatus
1045 1738 1099 1768 est
1134 1734 1338 1780 glorificans
1366 1735 1486 1777 Deum,

98 1801 156 1844 qui
182 1799 385 1834 consolatur
408 1799 575 1837 afflictos,
623 1799 721 1834 Tunc
747 1799 830 1834 dicit
856 1802 888 1835 ei
912 1811 1001 1834 uxor
1027 1810 1106 1835 sua:
1142 1800 1296 1841 domine,
1323 1800 1381 1833 ubi
1409 1804 1488 1834 sunt

97 1863 158 1898 tilii
184 1866 323 1900 nostri?
370 1864 414 1900 Et
440 1866 507 1900 ait:
543 1876 564 1899 a
589 1865 674 1901 seris
699 1867 793 1911 capti
819 1871 910 1902 sunt.
958 1865 1001 1900 Et
1027 1867 1189 1911 exposuit
1220 1867 1273 1908 ei,
1311 1866 1485 1911 quomodo

98 1929 252 1973 perdidit
287 1930 382 1966 illos.
429 1930 473 1966 Et
507 1931 585 1966 illa:
631 1934 766 1978 gratias
798 1942 945 1978 agamus
978 1931 1073 1973 Deo,
1113 1936 1196 1975 puto
1233 1933 1344 1974 enim,
1380 1932 1485 1978 quod,

98 1994 381 2039 quemadmodum
415 1996 509 2031 Deus
547 1997 691 2032 donavit
713 1997 844 2039 bohis,
888 2002 924 2031 ut
962 1998 1194 2032 inveniremus
1230 2008 1293 2032 nos
1328 1999 1485 2039 invicem,

98 2058 244 2093 donabit
271 2061 374 2094 etiam
396 2072 653 2107 recognoscere
680 2062 770 2096 filios
790 2067 944 2097 nostros.
992 2061 1034 2095 Et
1052 2062 1131 2096 ille:
1158 2063 1230 2096 dixi
1251 2062 1328 2105 tibi,
1355 2063 1446 2107 quod
1465 2073 1487 2096 a

97 2124 182 2159 seris
210 2127 302 2170 capti
331 2130 421 2160 sunt.
469 2125 513 2160 Et
537 2126 618 2161 illa:
648 2126 814 2161 hesterna
839 2127 895 2161 die
920 2127 1049 2161 sedens
1076 2128 1109 2160 in
1136 2126 1237 2161 horto
1259 2127 1376 2161 audivi
1397 2128 1485 2162 duos

96 2190 186 2224 lilios
208 2191 357 2235 juvenes
383 2192 434 2225 sic
461 2195 495 2226 et
519 2193 570 2226 sic
597 2203 692 2226 suain
722 2192 902 2227 infantiam
928 2196 1143 2237 exponentes
1171 2195 1205 2227 et
1229 2192 1358 2235 credo,
1393 2193 1486 2238 quod

95 2255 157 2290 filii
184 2257 295 2290 nostri
313 2258 403 2299 sint3
432 2259 613 2303 interroga
640 2260 747 2304 igitur
771 2257 814 2292 ab
842 2259 885 2292 iis
913 2262 947 2292 et
965 2257 1080 2292 dicent
1099 2257 1176 2293 tibi.
1224 2256 1267 2292 Et
1286 2268 1484 2293 convocans

95 2331 156 2356 eos
181 2320 394 2357 Eustachius
420 2327 454 2358 et
479 2323 625 2358 audiens
652 2323 696 2358 ab
724 2325 767 2358 iis
794 2324 976 2358 infantiam
1002 2333 1098 2358 suam
1130 2325 1355 2369 recognovit,
1390 2324 1484 2369 quod

95 2386 157 2421 tilii
191 2387 246 2420 sui
283 2392 421 2430 essent,
456 2392 490 2423 et
522 2389 773 2434 amplectentes
808 2400 869 2424 eos
901 2391 978 2434 ipse
1014 2393 1048 2423 et
1085 2392 1196 2423 mater
1227 2399 1334 2433 super
1366 2399 1483 2423 eorum

94 2452 186 2487 colla
204 2452 385 2497 plurimum
401 2453 571 2488 fleverunt
595 2458 629 2488 et
655 2454 812 2489 crebrius
839 2464 901 2488 eos
927 2454 1188 2489 osculabantur.
1238 2453 1356 2488 Omnis
1376 2455 1484 2500 igitur

95 2519 270 2553 exercitus
297 2518 479 2563 plurimum
504 2518 684 2564 gaudebat
710 2523 743 2553 et
770 2519 812 2554 de
838 2520 1039 2553 inventione
1066 2529 1184 2553 eorum
1211 2522 1247 2553 et
1274 2519 1315 2553 de
1336 2520 1484 2554 victoria

95 2584 335 2618 barbarorum.
384 2584 467 2618 Cum
494 2584 605 2629 igitur
628 2583 772 2626 rediret,
802 2584 951 2628 contigit
972 2584 1043 2627 Jam
1071 2583 1263 2628 Trajanum
1289 2584 1423 2620 obiisse
1448 2589 1483 2619 et

95 2650 312 2685 successisse
336 2651 368 2684 ei
403 2651 558 2695 pej0rem
596 2650 631 2683 in
665 2648 858 2683 sceleribus
894 2648 1125 2690 Hadrianum,
1161 2650 1220 2694 qui
1245 2660 1307 2694 pro
1336 2651 1482 2684 victoria

93 2715 237 2750 obtenta
274 2719 307 2750 et
340 2716 538 2751 inventione
573 2716 693 2750 uxoris
728 2718 761 2749 et
795 2713 943 2749 filiorum
971 2713 1154 2760 magnifice
1178 2724 1239 2749 eos
1266 2717 1422 2760 suscepit
1448 2719 1480 2750 et
