1742 3005
257 76 340 117 940
397 80 493 129 Cap.
525 79 731 116 ccxxvi.
789 79 847 116 De
888 82 1017 116 sancto
1058 81 1214 117 irenaeo
1253 82 1534 133 archipraesule
1576 89 1650 120 etc.

674 293 799 360 cAP,
832 293 1049 359 GCXXVI.
1086 293 1240 359 (197.)

262 392 373 436 De
409 393 673 438 sancto
703 395 1032 439 Irenaeo
1066 393 1652 449 archipraesule

439 470 949 529 Lugdunensi
987 471 1475 531 dignissima.

362 581 487 607 Sanctus
506 581 678 617 Policarpus
697 582 864 617 discipulus
883 581 966 608 beati
983 582 1128 609 Johannis
1143 580 1357 614 evangelistae,
1377 581 1492 608 zelator
1506 580 1652 608 maximus

261 623 402 657 audiens,
437 626 519 658 quod
544 627 713 654 Antoninus
737 627 775 653 ‹le
800 627 963 654 Galliarum
986 625 1153 661 provinciis
1179 635 1289 653 nomeu
1316 630 1435 661 cuperet
1465 625 1654 658 exstinguere

262 667 470 703 ctu-istianum,
489 679 523 697 ac
542 676 677 697 sanctum
697 672 855 699 l'hotinum
875 671 1050 706 episcopum
1069 671 1298 703 Lugdunensem
1325 680 1391 697 cum
1411 670 1486 703 suis,
1511 675 1655 709 quantos-

262 722 379 747 cunque
400 714 507 742 habuit
531 716 724 748 christianos,
758 715 888 742 diversis
914 715 1072 750 suppliciis
1099 721 1263 743 maceratos
1290 725 1344 750 per
1372 714 1497 742 martirii
1522 715 1654 750 palmam

262 758 402 786 evolasse
421 759 461 786 ad
487 760 621 794 coelum,
647 765 782 788 sanctum
807 764 961 787 Irenaeum
988 760 1205 794 presbiterum,
1232 760 1270 786 de
1296 768 1354 793 quo
1378 759 1471 786 multa
1498 760 1655 792 magnifica

261 801 293 829 iu
312 803 516 832 ecclesiastica
534 810 691 832 narrantur
709 805 856 839 hystoria,
876 805 914 831 de
933 805 1026 831 latere
1046 814 1100 832 suo
1120 805 1159 831 ad
1175 805 1403 836 Lugdunensem
1422 804 1528 831 urbem
1547 805 1653 836 angelo

262 847 338 875 duce
356 850 537 883 transmisit,
561 855 593 877 ut
620 851 798 879 christianos
824 850 952 877 latentes
976 859 1030 885 per
1048 850 1114 876 loca
1134 849 1254 876 diversa
1274 848 1455 876 confortaret
1475 853 1503 876 et
1522 850 1654 882 gentium

258 893 485 923 multitudinem
503 905 556 923 sua
579 895 804 931 praedicatione
824 898 895 923 Jesu
916 895 1031 922 Christo
1051 899 1232 927 aggregaret.
1268 893 1399 920 Veniens
1418 898 1517 921 autem
1534 900 1654 924 sauctus

259 941 399 967 Irenaeus
419 950 486 968 cum
504 940 647 968 Zacharia
667 940 800 974 dyacone
820 945 849 966 et.
869 940 989 967 duobus
1011 939 1128 967 clericis
1153 938 1314 966 comitibus
1339 938 1559 966 nobilissimam
1579 943 1655 973 Lug-

260 982 427 1012 dunensem
444 985 613 1017 ingreditur
630 985 753 1017 urbem,
780 984 944 1011 virtutibus
971 988 1070 1011 autem
1089 988 1118 1010 et
1138 983 1230 1016 signis
1250 988 1278 1010 et
1297 983 1573 1019 praedicationibus
1592 986 1655 1019 ejus

259 1032 323 1055 tota
349 1029 456 1056 civitas
479 1029 533 1057 illa
557 1030 589 1056 in
608 1029 746 1064 proximo
765 1034 900 1064 tempore
920 1028 1050 1056 credidit
1069 1032 1139 1056 Jesu
1160 1028 1277 1056 Christo
1297 1028 1420 1055 domino
1440 1033 1552 1056 nostro.
1590 1032 1655 1065 Quo

261 1078 360 1099 autem
379 1074 422 1101 ire
440 1082 501 1101 non
518 1074 629 1106 valuit,
655 1082 724 1101 suas
748 1074 894 1108 epistolas
921 1073 1145 1100 transmittebat
1165 1079 1194 1100 et
1212 1083 1268 1108 per
1286 1083 1336 1101 eas
1357 1073 1472 1100 Christo
1492 1073 1655 1101 auxiliante

260 1117 416 1149 gentilium
441 1118 604 1145 multitudo
629 1119 870 1145 convertebatur.
912 1118 1113 1150 Ingemiscens
1133 1128 1222 1153 super
1246 1118 1293 1145 his
1320 1118 1469 1146 calliditas
1497 1118 1657 1152 dyabolica

262 1161 342 1188 senis
362 1163 466 1189 Severi
486 1162 679 1197 imperatoris
706 1167 812 1198 pectus
838 1163 970 1195 intravit,
998 1168 1027 1190 et
1046 1163 1078 1189 iu
1096 1164 1324 1190 christianorum
1343 1163 1584 1198 persecutionem
1604 1173 1656 1191 ex-

262 1207 433 1240 ardescens,
453 1217 512 1241 quo
528 1208 596 1242 ipse
614 1217 674 1235 non
693 1208 766 1241 ibat,
780 1209 925 1243 epistolas
945 1217 1013 1235 suas
1029 1207 1169 1235 mittebat
1184 1209 1253 1235 data
1266 1209 1424 1242 sententia,
1444 1213 1476 1235 ut
1491 1208 1655 1242 christiani,

260 1252 397 1285 quinon
422 1253 624 1280 sacrificarent
649 1253 761 1287 ydolis,
794 1253 924 1281 diversis
951 1253 1110 1289 suppliciis
1141 1253 1307 1280 interirent.
1345 1256 1416 1280 Cum
1451 1258 1550 1280 autem
1583 1258 1655 1281 tunc

259 1297 405 1332 temporis
433 1301 539 1326 Caesar
564 1303 643 1326 esset
662 1298 693 1325 in
719 1299 860 1326 eni-emis
880 1299 990 1326 finibus
1011 1298 1191 1331 Galliarum,
1221 1302 1341 1325 sanctus
1367 1301 1507 1324 Irenaeus
1533 1308 1549 1324 a
1576 1308 1655 1333 papa

258 1345 394 1370 Romano
421 1343 604 1379 pontificalis
632 1344 749 1379 accepit
775 1344 899 1376 gratiam
925 1343 1006 1379 apud
1032 1344 1210 1376 Lugdunum
1238 1347 1267 1370 et
1291 1342 1456 1375 gaudentes
1491 1348 1654 1377 coeperunt·

260 1388 418 1415 ecclesiam
441 1394 613 1416 construere
632 1389 796 1416 christiani.
833 1389 968 1416 Audiens
987 1393 1086 1416 autem
1106 1388 1312 1422 iniquissimus
1331 1391 1445 1420 Caesar,
1465 1388 1546 1421 quod
1566 1388 1664 1415 beata-

259 1432 367 1460 civitas
386 1433 439 1460 illa
459 1433 519 1460 suis
538 1434 721 1461 renuntiaret
742 1434 940 1467 caerimoniis,
959 1434 1164 1462 ferocissimos
1184 1433 1366 1467 gladiatores
1382 1433 1470 1465 elegit
1484 1437 1513 1459 et
1527 1433 1653 1460 veniens

258 1476 393 1511 undique
411 1477 567 1506 civitatem
586 1478 763 1506 circumdari
789 1479 945 1515 praecepit
969 1479 1088 1507 dicens:
1118 1479 1301 1514 prae-currite
1328 1482 1445 1513 portas,
1472 1477 1655 1505 circumdate

259 1521 412 1549 domicilia
438 1527 468 1550 et
495 1523 665 1557 quicunque
692 1524 730 1552 de
756 1525 793 1552 iis
817 1534 879 1552 non
911 1524 1140 1558 sacrificaverit,
1175 1524 1276 1557 gladio
1308 1524 1398 1559 jubeo
1431 1523 1516 1550 finire
1548 1523 1655 1551 vitam.

258 1568 370 1594 Verum
401 1567 509 1595 Christi
535 1568 631 1602 pietas
658 1573 727 1596 ante
752 1570 835 1597 misit
862 1570 1000 1603 angelum
1026 1580 1113 1598 suum
1137 1569 1177 1597 ad
1203 1574 1339 1597 sanctum
1366 1572 1522 1596 Irenaeum
1554 1568 1654 1596 sutura

258 1611 456 1641 nuntiantem.
491 1613 594 1641 Medio
618 1613 709 1646 igitur
734 1614 797 1641 sere
822 1615 920 1643 noctis
948 1620 1084 1650 tempore
1111 1615 1234 1647 angelis
1259 1614 1374 1642 domini
1398 1614 1516 1642 locutus
1544 1619 1589 1642 est
1615 1615 1655 1642 ad

258 1664 326 1682 eum
344 1655 421 1683 facie
448 1657 488 1684 ad
510 1658 619 1686 faciem
638 1659 781 1686 Zacharia
800 1660 970 1694 presbitero
984 1661 1125 1688 audiente
1140 1665 1167 1687 et
1180 1660 1235 1688 ait:
1255 1664 1377 1687 Irenaee
1390 1664 1501 1692 sancte,
1521 1659 1654 1687 Christus

257 1700 398 1730 dominus
422 1707 526 1730 noster
549 1708 579 1730 te
605 1708 674 1739 post
701 1705 812 1732 inultos
833 1705 951 1734 labores
971 1711 1038 1733 tuos
1058 1716 1124 1733 cum
1144 1705 1258 1740 populo
1280 1709 1333 1731 tuo
1353 1714 1407 1740 per
1424 1705 1548 1732 martirii
1569 1713 1654 1732 coro-

256 1755 325 1773 nam
344 1747 383 1773 ad
402 1747 546 1775 coelestia
564 1757 653 1780 regna
671 1749 789 1778 invitat.
826 1754 1009 1786 Exspectant
1034 1756 1064 1778 te
1083 1761 1149 1778 cum
1169 1750 1230 1778 tuis
1249 1750 1398 1777 militibus
1417 1750 1605 1786 patriarchae
1624 1754 1653 1777 et

256 1792 432 1826 prophetae,
453 1793 561 1825 gaudet
581 1793 619 1820 de
637 1797 666 1820 te
686 1795 892 1829 apostolorum
912 1797 1029 1829 chorus,
1049 1805 1174 1830 quorum
1193 1795 1428 1831 praedicationis
1448 1804 1538 1823 sonus
1559 1795 1653 1823 exivit

256 1835 287 1862 in
306 1837 411 1864 urbem
429 1837 518 1865 istam
537 1838 730 1872 praeclaram,
750 1845 829 1868 stant
848 1842 945 1874 angeli
965 1846 1033 1868 ante
1053 1841 1182 1868 tribunal
1201 1840 1309 1867 Christi
1326 1845 1406 1867 tuam
1422 1840 1649 1874 pronuntiantes

257 1882 466 1911 constantiam.
502 1883 634 1915 Angelus
660 1893 776 1911 rursum
802 1885 856 1912 ait:
891 1885 951 1917 agit
979 1886 1034 1912 tibi
1060 1885 1169 1917 gratias
1197 1889 1300 1911 sancta
1327 1885 1419 1910 Maria
1447 1894 1513 1911 cnm
1540 1886 1650 1912 sanctis

258 1925 439 1959 virginibus,
459 1937 584 1960 quarum
602 1927 804 1959 virginitatem
823 1938 877 1964 per
895 1929 1026 1964 populos
1046 1929 1213 1961 annuntias,
1234 1939 1287 1964 pro
1304 1934 1332 1956 te
1351 1934 1379 1955 et
1400 1929 1553 1956 martirum
1573 1930 1647 1964 petit

257 1971 424 2003 exercitus,
450 1976 481 1998 ut
509 1982 574 1998 cum
599 1971 645 1998 his
670 1972 834 2006 militibus,
861 1983 935 2007 quos
962 1974 1060 2001 socios
1085 1973 1235 2008 passionis
1254 1982 1320 2001 esse
1339 1973 1454 2007 soc-isti,
1481 1975 1650 2006 agminibus

254 2015 388 2048 paradisi
407 2016 552 2049 jungaris,
579 2016 608 2042 in
636 2017 728 2048 gloria
748 2026 804 2044 vos
824 2023 999 2053 exspectant
1026 2019 1155 2046 triclinia
1174 2019 1266 2046 variis
1285 2018 1452 2050 insignibus
1473 2024 1591 2051 ornata,
1620 2020 1650 2047 in

254 2068 380 2092 quorum
407 2060 490 2087 atriis
517 2061 680 2088 collocatus
708 2066 753 2089 est
778 2067 950 2089 :mn-cessor
977 2069 1045 2091 tuus
1072 2068 1194 2091 sanctus
1222 2063 1374 2090 Photinus.
1413 2063 1553 2090 Consorta
1579 2073 1649 2097 ergo

254 2103 360 2130 fratres
380 2114 434 2130 nec
454 2104 559 2132 timeas
579 2115 662 2138 eum,
683 2107 733 2139 qni
754 2107 1008 2142 occidit‘corpns,
1035 2108 1165 2135 animam
1184 2114 1283 2136 autem
1303 2118 1362 2136 non
1382 2113 1482 2143 pon-st
1501 2109 1648 2142 occidere,

253 2148 427 2175 Zachariam
447 2154 544 2176 antem
567 2160 631 2177 cnm
653 2151 772 2179 duobus
793 2152 979 2186 dyaconibus
1000 2153 1142 2180 latentem
1164 2163 1217 2188 per
1242 2153 1306 2180 loca
1338 2153 1493 2188 paulisper
1518 2165 1648 2190 reserva,

255 2196 303 2224 nt,
324 2193 399 2220 sicut
418 2198 451 2219 tu
469 2199 539 2228 post
558 2195 679 2222 beatum
698 2197 855 2224 l'liotinum
875 2198 1055 2232 praedicasti
1075 2203 1104 2225 et
1122 2198 1239 2231 fecisti,
1260 2198 1298 2225 ita
1319 2203 1347 2226 et
1367 2199 1432 2233 ipse
1453 2201 1648 2233 postmodum

253 2237 403 2264 confortet
428 2237 535 2265 iterum
560 2239 666 2268 fratres
693 2241 723 2267 in
752 2242 880 2275 chrisio,
908 2252 984 2276 quos
1013 2243 1119 2270 similis
1149 2252 1276 2270 coronae
1296 2243 1463 2278 triumphus
1483 2251 1647 2280 exspectat,

253 2286 282 2308 et
310 2282 360 2315 qni
385 2283 519 2317 corporis
549 2285 589 2311 tui
614 2286 748 2312 membra
777 2287 919 2314 recondat
946 2287 976 2315 in
996 2288 1165 2323 sepulchro.
1203 2292 1282 2315 Haec
1301 2288 1427 2315 audiens
1447 2294 1566 2317 sanctus
1586 2294 1646 2318 Ire-

253 2336 345 2353 nacus
365 2327 419 2354 ait:
448 2328 556 2358 gratias
578 2338 631 2361 ago
653 2330 722 2363 tibi,
750 2331 871 2358 domino
891 2336 961 2359 Jesu
981 2333 1094 2360 Christe
1115 2333 1157 2359 lili
1176 2333 1230 2360 Dei
1250 2333 1330 2366 vivi,
1360 2333 1458 2360 lumen
1484 2339 1646 2368 aeternum,

253 2372 398 2406 splendor
415 2372 565 2407 justitiae,
592 2373 659 2400 fons
680 2379 706 2400 vt
728 2375 810 2407 origo
831 2376 969 2410 pietatis,
993 2378 1072 2410 quod
1102 2378 1140 2405 ita
1160 2387 1207 2405 me
1227 2388 1280 2413 per
1299 2378 1437 2410 angelum
1457 2383 1538 2406 tuum
1560 2380 1647 2407 laeti-

251 2416 339 2443 ficare
359 2417 498 2450 dignatus
519 2427 566 2450 es,
595 2418 632 2444 da
659 2419 727 2445 hnic
750 2421 866 2455 populo
887 2426 954 2454 tuo,
983 2423 1104 2450 domine
1130 2426 1226 2455 Dens,
1255 2423 1469 2457 constantiam,
1495 2428 1526 2450 ut
1546 2425 1645 2452 nullus

251 2461 303 2494 sit,
328 2462 379 2495 qui
405 2472 421 2488 a
441 2468 490 2489 tua
511 2463 700 2490 consessione
720 2465 855 2499 recedat,
883 2467 937 2493 scd
957 2472 1007 2494 tua
1031 2468 1143 2495 virtute
1162 2468 1328 2495 confirmati
1349 2469 1556 2503 promissionis
1576 2475 1644 2498 tuae

251 2506 388 2534 bravium
408 2513 637 2540 consequantur.
678 2512 713 2536 Et
733 2511 882 2545 completa
901 2512 1036 2539 oratioue
1056 2512 1155 2547 coepit
1173 2512 1281 2541 fratres
1300 2514 1488 2547 confortare,
1517 2524 1642 2548 quorum

249 2550 364 2578 viscera
384 2552 427 2579 sic
447 2552 570 2587 spiritus
589 2558 709 2581 sanctus
729 2554 872 2589 replevit,
892 2561 923 2583 ut
943 2566 1030 2584 nemo
1051 2567 1065 2584 a
1087 2562 1168 2585 recto
1188 2558 1293 2586 itinere
1313 2559 1457 2592 deviaret,
1478 2559 1531 2587 sed
1551 2569 1641 2586 nnus-

248 2595 374 2628 quisque
393 2597 520 2624 alterum
539 2598 731 2626 confortaret.
768 2603 842 2626 Data
868 2601 957 2633 igitur
983 2603 1129 2629 sententia
1155 2602 1328 2630 felicissima
1354 2604 1424 2630 urbs
1452 2614 1466 2629 a
1495 2603 1640 2632 militibus

248 2639 429 2668 circumdata
454 2647 515 2674 est,
542 2642 634 2671 frater
661 2653 732 2671 vero
759 2643 878 2672 sratrmn
907 2651 935 2673 et
962 2651 1046 2681 pater
1074 2647 1169 2675 sitium
1195 2653 1349 2682 materque
1377 2648 1467 2675 {iliam
1496 2647 1638 2675 afferebat

248 2691 300 2718 pro
321 2684 434 2711 Christo
454 2686 577 2714 domino
596 2698 629 2715 ac
649 2689 780 2716 universi
809 2700 912 2722 svxux,
940 2690 1122 2720 conditionis
1150 2696 1179 2720 vt
1203 2693 1311 2720 notatis
1340 2702 1483 2720 summam
1511 2693 1635 2721 martirii
