1742 3005
271 98 353 138 900
598 97 692 145 Cap.
725 94 839 132 CC11.
898 95 957 131 De
988 100 1118 131 sancta
1147 94 1330 134 Barbara.

275 206 336 234 est,
362 199 440 227 vidit
466 201 569 226 contra
595 198 830 234 septentrionem
857 198 932 226 duas
958 198 1149 227 solummodo
1174 198 1338 233 fenestras,
1371 199 1447 228 dixit
1479 199 1657 227 artificibus.

275 254 365 279 quare
384 243 458 270 duas
477 241 624 271 fenestras
643 244 833 272 instituistist
867 244 977 271 Dicunt
995 244 1039 271 ei:
1063 247 1150 279 pater
1171 248 1240 271 tuus
1259 243 1420 278 disposuit.
1455 245 1570 280 Quibus
1589 245 1656 271 illa:

274 290 365 316 facite
383 292 413 315 et
430 287 504 315 mihi
523 288 613 315 eliam
630 288 803 316 fenestram.
839 288 898 325 Qui
916 288 1070 315 dixerunt:
1089 288 1245 321 timemus,
1271 287 1410 320 domina,
1433 297 1471 316 ne
1488 289 1658 322 indignetur

275 338 361 370 pater
377 337 446 360 tuus
465 336 569 360 contra
588 341 652 360 uos.
687 333 767 360 Dicit
785 333 823 360 iis
840 333 953 361 famula
971 334 1041 361 Dei:
1067 333 1158 361 facite
1177 332 1250 360 mihi
1267 331 1446 364 fenestram,
1473 342 1527 365 ego
1546 334 1583 362 de
1602 335 1658 362 hoe

275 378 466 412 acquiescere
490 377 599 405 faciam
626 382 743 413 patrem
768 387 877 407 meum,
913 378 975 413 Ipsi
1006 387 1080 406 vero
1109 378 1244 406 fecerunt
1269 376 1359 403 aliam
1382 375 1558 406 fenestram.
1590 383 1658 407 Per-

275 423 434 450 ambulans
459 431 533 450 Vero
558 423 691 450 Barbara
717 423 749 450 in
773 423 923 450 natatorio
950 427 1053 450 contra
1079 422 1224 450 orientem
1250 420 1380 449 instituit
1405 420 1436 448 iu
1461 423 1657 451 marmoribus

276 469 339 502 ejus
366 467 460 500 digito
499 467 663 503 pretiosam
695 477 828 501 crucem,
862 468 971 503 depost
998 467 1185 495 adscendens
1212 466 1242 494 in
1268 466 1372 493 turrim
1395 465 1474 492 vidit
1492 466 1659 501 simulacra,

275 522 352 547 quae
376 512 496 540 colebat
522 517 609 547 pater
631 513 709 546 ejus,
733 513 901 548 suscipiens
926 513 1064 548 spiritum
1090 516 1225 540 sanctum
1249 510 1363 545 inspuit
1381 511 1412 538 in
1431 510 1539 538 faciem
1558 521 1660 540 eorum

275 562 306 585 et
324 557 416 584 dixit:
435 556 549 584 similes
566 557 661 584 vestri
679 557 768 590 fiant,
788 558 838 591 qui
856 557 969 585 faciunt
988 566 1060 590 vos,
1080 561 1109 584 et
1128 565 1249 589 onmes,
1268 556 1320 590 qui
1338 555 1493 583 confidunt
1510 557 1542 583 in
1559 557 1660 587 vobis.

274 602 431 636 Finitoque
457 610 549 637 opere
573 611 712 630 reversus
736 606 782 629 est
808 607 893 637 pater
911 604 974 637 ejus
994 602 1031 629 de
1051 600 1289 637 peregrinatione
1313 605 1343 628 et
1361 600 1581 636 contemplatus
1598 607 1659 631 tres

273 647 422 674 fenestras
441 647 516 673 dixit
536 646 716 674 artificibus:
743 656 833 680 quare
853 652 912 675 tres
931 647 1077 675 fenestras
1103 645 1292 674 instituistis?
1327 646 1437 672 Dicunt
1455 645 1498 673 ei:
1523 647 1586 674 filia
1609 652 1659 676 tua

274 692 318 719 sic
342 692 431 718 nobis
456 691 620 726 praecepit.
654 695 723 726 lpse
741 700 814 718 vero
833 691 874 718 ait
897 691 994 718 filiae:
1017 696 1050 718 tu
1075 690 1230 726 imperasti
1256 695 1316 718 tres
1338 689 1484 718 fenestras
1503 691 1585 719 fierit
1620 696 1659 721 At

273 736 342 763 illa:
361 735 467 766 etia1n3
487 735 634 768 benefeci,
652 745 721 762 nam
735 740 794 762 tres
806 735 956 762 fenestrae
968 735 1139 762 illuminant
1157 739 1252 762 totum
1271 735 1433 768 hominem,
1457 740 1487 762 et
1505 745 1660 766 assumens

275 790 340 808 eam
359 784 445 815 pater
463 781 526 814 ejus
546 779 732 807 descendens
752 780 782 807 in
800 779 948 807 natatorio
968 783 997 806 et
1016 779 1094 806 dixit
1118 779 1160 805 ei:
1186 779 1339 812 quomodo
1361 780 1564 809 abundantius
1590 782 1660 809 illu-

272 826 389 853 minant
407 830 468 852 tres
485 823 635 852 fenestrae
659 825 793 852 duabus!
829 824 884 852 Illa
910 824 1083 859 respondit:
1107 828 1167 851 tres
1194 828 1262 850 suut
1286 823 1430 855 muudum
1455 825 1660 855 illuminantes

273 875 303 897 et
323 870 477 897 stellarum
496 878 612 896 cursum
632 869 819 902 regissantes,
844 873 930 904 pater
956 868 1084 901 scilicet,
1110 868 1189 895 filius
1216 872 1245 895 et
1269 868 1392 903 spiritus
1418 874 1555 903 sanctus,
1581 873 1659 899 ethi

273 920 334 942 tres
361 918 431 942 sunt
456 914 488 941 in
513 913 652 943 essentia,
689 918 775 941 Tunc
801 915 934 949 repletus
952 913 1053 940 surore
1071 917 1157 948 pater
1175 912 1244 940 tulit
1263 913 1401 948 spatham
1419 922 1520 947 snam,
1543 921 1576 943 ut
1594 926 1659 945 eam

274 959 442 992 occideret,
461 959 527 993 ipsa
546 963 646 986 autem
665 960 770 986 orabat
789 959 828 985 ad.
847 958 1000 986 dominum
1020 962 1049 985 et
1068 959 1202 985 abscissa
1222 962 1267 985 est
1286 962 1371 993 petra
1396 964 1427 986 et
1444 961 1576 996 suscepit
1595 971 1660 990 eam

275 1005 356 1032 intus
375 1009 405 1031 et
423 1003 510 1038 ejecit
529 1013 594 1030 eam
619 1012 708 1039 super
732 1009 882 1036 montem,
908 1003 939 1030 in
965 1011 1023 1036 quo
1052 1003 1111 1030 duo
1133 1007 1272 1038 pastores
1298 1008 1380 1030 erant
1404 1011 1562 1039 pascentes
1587 1015 1661 1035 oves

275 1058 359 1080 suas,
387 1052 415 1075 et
439 1048 484 1074 illi
509 1049 791 1081 consideraverunt,
817 1048 899 1082 quod
924 1048 1014 1074 beata
1037 1048 1167 1074 Barbara
1194 1058 1210 1075 a
1236 1046 1313 1075 facie
1330 1050 1426 1084 patris
1445 1055 1527 1078 extra
1545 1057 1661 1087 petram

275 1094 401 1126 fugeret.
437 1096 522 1119 Pater
547 1097 647 1120 autem
671 1095 734 1127 ejus
761 1092 958 1126 quaeritando
984 1092 1152 1120 discurrens
1178 1094 1262 1120 venit
1281 1095 1319 1121 ad
1338 1095 1507 1129 praedictos
1526 1102 1662 1131 pastores

276 1137 474 1171 inquirendo,
502 1142 601 1164 utrum
627 1137 776 1165 vidissent
798 1139 960 1165 Barbaram
983 1137 1077 1164 filiam
1096 1146 1188 1166 suam.
1225 1141 1306 1166 Unus
1324 1144 1423 1166 autern
1443 1150 1545 1169 eorum
1564 1144 1663 1171 consi-

277 1183 386 1210 deraus
411 1183 486 1210 iram
510 1181 605 1217 patris
631 1182 757 1216 juravit,
790 1191 822 1209 se
851 1182 966 1209 nescire
990 1191 1072 1214 eam,
1103 1182 1178 1210 alter
1211 1192 1283 1210 vero
1309 1183 1404 1216 digito
1427 1194 1492 1212 eam
1517 1187 1663 1222 prodidit.

276 1231 369 1255 Beata
388 1231 488 1255 autem
505 1228 638 1254 Barbara
656 1227 806 1262 proditori
825 1236 878 1254 suo
897 1226 1052 1254 maledixit
1072 1231 1100 1254 et
1120 1228 1220 1255 subito
1233 1227 1298 1262 ipse
1312 1238 1417 1257 versus
1433 1235 1477 1257 est
1490 1230 1519 1257 in
1533 1236 1663 1261 statuam

276 1280 474 1300 marmoream
501 1276 531 1299 et
556 1280 630 1299 oves
655 1274 717 1307 ejus
742 1272 773 1299 in
797 1272 929 1299 locustas
955 1276 1086 1299 mutatae
1112 1276 1190 1299 sunt.
1227 1275 1290 1300 Hoc
1313 1275 1515 1310 apocryphum
1534 1281 1589 1305 est.
1623 1281 1663 1306 At

276 1322 363 1351 pater
381 1326 447 1343 eam
465 1317 618 1352 reperiens
636 1317 801 1350 flagellavit
820 1321 849 1344 et
869 1325 952 1344 coma
973 1317 1061 1344 traxit
1081 1326 1161 1350 eain,
1189 1317 1301 1345 catenis
1320 1322 1350 1345 et
1368 1319 1452 1346 clave
1470 1321 1608 1355 reclusit,
1630 1329 1662 1350 ut

276 1369 337 1388 non
355 1361 485 1397 aperiret
503 1361 531 1389 ei
551 1362 724 1397 quisquam,
751 1361 965 1396 constituitque
993 1361 1147 1395 custodes,
1176 1371 1271 1396 usque
1295 1362 1366 1390 dum
1391 1364 1496 1392 abiens
1513 1367 1663 1395 nuntiaret

277 1407 412 1442 praesidi
430 1406 595 1436 Marciano.
628 1406 764 1434 Audiens
790 1416 860 1440 ergo
885 1416 1007 1442 praeses
1033 1407 1121 1442 jussit
1139 1416 1203 1434 eam
1217 1409 1411 1442 praesentari,
1429 1419 1551 1444 praeses
1563 1416 1662 1440 autem

276 1451 387 1478 videns
406 1452 511 1478 miram
530 1451 784 1486 pulchritudinem
803 1454 865 1486 ejus
885 1452 960 1479 dixit
980 1452 1023 1479 ei:
1044 1452 1117 1486 quid
1134 1451 1197 1479 vis?
1222 1461 1310 1487 parce
1329 1453 1386 1480 tibi
1403 1453 1463 1489 ipsi
1482 1460 1512 1482 et
1530 1457 1664 1486 sacrifiea

276 1495 359 1530 Diis,
380 1500 429 1523 aut
450 1497 600 1524 acerrimis
620 1497 777 1525 tormentis
796 1497 932 1524 traderis.
970 1497 1020 1524 Cui
1039 1497 1107 1524 illa:
1135 1506 1189 1530 ego
1215 1498 1313 1525 liabeo
1332 1499 1497 1528 sacrificare
1516 1504 1579 1530 Deo
1597 1511 1665 1530 meo

276 1543 347 1569 Jesu
367 1541 498 1574 Christo,
525 1542 576 1575 qui
602 1542 673 1569 fecit
698 1542 815 1570 coelum
839 1546 869 1569 et
893 1547 1003 1569 terram
1028 1546 1057 1569 et
1076 1542 1192 1574 onmia,
1219 1552 1294 1576 quae
1312 1543 1342 1570 in
1360 1543 1397 1572 iis
1416 1550 1495 1572 sunt.
1530 1549 1574 1574 De
1593 1547 1665 1575 dae-

276 1585 418 1613 monibus
437 1586 496 1613 tuis
515 1586 588 1613 dicit
607 1587 772 1622 propheta,
790 1587 897 1615 lsalm.
918 1589 1026 1614 CXIII:
1052 1595 1085 1614 os
1104 1587 1216 1614 habent
1235 1592 1264 1615 et
1282 1596 1342 1615 non
1361 1589 1537 1625 loquuntur,
1561 1593 1666 1621 oculos

276 1631 389 1657 liabent
409 1634 437 1657 et
456 1639 516 1658 non
534 1631 692 1660 videbunt.
729 1631 848 1659 Similes
868 1632 929 1659 illis
949 1632 1038 1664 fiant,
1059 1632 1110 1666 qui
1129 1632 1242 1660 faciunt
1260 1642 1312 1667 ea,
1331 1638 1360 1661 et
1379 1642 1499 1669 omnes,
1525 1637 1576 1671 qui
1595 1646 1666 1665 con-

276 1675 373 1702 fidunt
391 1675 422 1702 in
442 1675 489 1705 iis.
524 1679 610 1703 Tunc
627 1685 749 1712 praeses
768 1676 869 1703 furore
888 1676 1020 1711 repletus
1039 1677 1125 1710 jussit
1146 1686 1212 1705 eam
1230 1679 1400 1714 exspoliare
1425 1684 1454 1707 et
1480 1690 1582 1709 carnes
1602 1684 1666 1716 ejus

277 1721 378 1748 nervis
398 1720 523 1748 taurinis
542 1720 606 1748 sine
625 1721 831 1748 misericordia
850 1720 1029 1755 discerpere,
1049 1722 1088 1749 ita
1108 1727 1140 1750 ut
1158 1731 1246 1751 omne
1266 1725 1374 1759 corpus
1388 1727 1451 1759 ejus
1461 1725 1668 1760 inquinaretur

277 1765 437 1798 sauguine,
465 1770 494 1792 et
519 1766 607 1799 jussit
630 1776 696 1793 eam
723 1775 838 1794 carcere
862 1766 993 1799 recludi,
1026 1771 1172 1800 quatenus
1199 1772 1359 1802 tractaret,
1391 1780 1449 1803 qua
1474 1780 1572 1806 poena
1599 1781 1665 1799 eam

276 1815 475 1838 consumeret.
511 1811 611 1838 Media
638 1815 726 1839 nocte
754 1810 951 1839 circumfulsit
977 1820 1041 1838 eam
1067 1811 1118 1839 lux
1142 1813 1180 1840 de
1208 1814 1308 1847 coelo,
1335 1815 1365 1841 in
1391 1825 1449 1848 qua
1474 1817 1614 1850 apparuit
1637 1817 1665 1844 ei

277 1856 410 1882 Christus
430 1855 547 1882 dicens:
573 1855 758 1889 confortare,
782 1855 862 1887 filia,
888 1855 1028 1889 quoniam
1048 1856 1204 1890 copiosum
1222 1858 1255 1884 fit
1274 1858 1414 1890 gaudium
1433 1859 1463 1886 iu
1483 1861 1568 1887 coelo
1587 1866 1615 1888 et
1635 1862 1665 1888 in

277 1905 354 1926 terra
374 1909 464 1934 super
481 1899 623 1935 passione
642 1905 702 1930 tua,
739 1902 802 1927 Non
821 1907 890 1931 ergo
909 1904 1024 1926 metuas
1043 1900 1139 1927 minas
1157 1901 1282 1934 tyranni,
1301 1910 1356 1933 ego
1375 1902 1454 1930 enim
1473 1913 1539 1932 sum
1557 1910 1665 1938 tecum,

276 1950 308 1971 ut
328 1953 428 1970 eruam
447 1948 475 1970 te
495 1944 532 1969 ab
552 1944 691 1971 omnibus
710 1943 822 1979 plagis,
849 1953 924 1978 quae
944 1944 1112 1971 inseruntur
1138 1945 1210 1978 tibi,
1238 1951 1267 1973 et
1286 1947 1386 1974 statim
1406 1957 1552 1983 nusquam
1571 1960 1666 1986 appa-

276 1992 407 2017 ruerunt.
445 1988 603 2015 Gaudebat
628 1993 726 2015 autem
752 1993 781 2015 et
809 1989 979 2016 exsultabat
1006 1990 1095 2016 beata
1120 1991 1251 2018 Barbara
1277 2000 1367 2026 super
1385 1993 1592 2023 exhortatione
1611 1996 1665 2023 lo-

277 2033 360 2061 mini.
397 2036 484 2060 Mane
503 2038 603 2059 autem
622 2031 702 2059 sacto
722 2033 808 2065 jussit
827 2043 948 2068 prat-ses
968 2032 1065 2060 afferri
1091 2043 1156 2061 eam
1183 2039 1212 2061 et
1235 2035 1369 2069 intuens,
1396 2038 1465 2071 quia
1491 2039 1574 2066 illata
1604 2045 1667 2068 tor-

277 2082 377 2104 menta
395 2086 542 2110 nusquam
562 2081 809 2111 comparuerunt,
829 2077 899 2114 dicit
921 2078 962 2105 ei:
988 2088 1057 2105 ecce
1082 2078 1234 2112 quomodo
1253 2080 1442 2116 repropitiati
1461 2088 1528 2111 suut
1546 2084 1603 2112 tibi
1623 2086 1666 2113 tui

275 2122 324 2150 nii
352 2126 381 2149 et
407 2121 535 2154 diligunt
560 2126 602 2154 te,
629 2121 698 2155 quia
724 2121 828 2156 plagas
854 2127 920 2150 tuas
947 2128 1138 2152 saimveruut.
1184 2126 1353 2160 Respondit
1378 2129 1524 2156 Barbara:
1553 2130 1666 2158 similes

278 2171 346 2194 sunt
365 2166 422 2194 tibi
440 2166 488 2194 Dii
508 2166 551 2193 tui
571 2166 669 2199 surdi,
694 2166 774 2194 caeci
793 2171 821 2194 et
840 2167 924 2197 muti.
960 2171 995 2195 Et
1015 2169 1166 2202 quomodo
1192 2169 1297 2204 plagas
1321 2181 1403 2200 meas
1431 2182 1533 2201 curare
1559 2179 1665 2209 potue-

277 2216 360 2244 runt,
389 2211 440 2245 qui
467 2212 526 2239 sibi
551 2211 625 2246 ipsis
644 2211 809 2238 remedium
828 2212 964 2239 conferre
983 2221 1041 2240 non
1062 2219 1209 2248 possuntz
1245 2216 1300 2243 Ille
1319 2221 1434 2250 autem,
1461 2218 1512 2252 qui
1538 2220 1665 2252 curavit,

278 2261 324 2283 est
343 2256 475 2283 Christus
495 2256 575 2283 filins
597 2256 648 2283 Dei
668 2255 746 2289 vivi,
773 2266 863 2290 quem
883 2261 912 2284 tu
934 2266 992 2284 uon
1011 2258 1115 2291 vides,
1135 2259 1203 2293 quia
1223 2259 1395 2288 induratum
1416 2266 1462 2289 est
1479 2271 1530 2290 cor
1547 2267 1630 2291 tuum
1649 2275 1665 2291 a

280 2301 423 2335 dyabolo.
464 2304 549 2328 Tunc
567 2310 702 2335 praeses,
728 2305 759 2328 ut
786 2301 833 2329 leo
853 2301 998 2335 fremens,
1024 2303 1111 2336 iussit
1137 2304 1163 2331 ei
1188 2304 1343 2340 lampades
1362 2306 1501 2335 ardentes
1520 2308 1666 2343 applicari

280 2346 319 2373 ad
336 2345 429 2372 latera
449 2349 478 2373 et
497 2345 606 2372 malleo
627 2350 715 2380 caput
734 2346 770 2373 iis
791 2346 885 2379 caedi,
904 2347 968 2382 ipsa
988 2352 1087 2375 nutem
1107 2348 1214 2376 intuita
1234 2350 1263 2377 iu
1283 2351 1399 2378 coelum
1419 2351 1511 2378 dixit:
1531 2357 1562 2379 tu
1577 2354 1666 2386 nosti,

279 2389 415 2423 coguitor
440 2390 575 2422 domine,
603 2390 671 2424 quia
696 2391 805 2419 :uuoris
831 2391 874 2418 tui
900 2392 1057 2418 occasione
1085 2393 1199 2428 patior,
1233 2405 1279 2422 me
1305 2405 1375 2429 ergo
1401 2405 1438 2423 uo
1464 2396 1665 2431 derelinquas.

278 2439 364 2462 Tunc
390 2435 477 2469 jussit
504 2435 614 2470 impius
641 2445 762 2471 praeses
789 2435 891 2468 gladio
917 2436 1032 2463 abscidi
1059 2438 1239 2467 manuuillas
1258 2441 1330 2474 ejus.
1368 2443 1450 2477 Quae
1469 2442 1664 2477 aspiciensdn

278 2480 395 2507 coc-lum
416 2479 470 2506 ait:
490 2489 527 2507 ne
547 2480 687 2514 projirias
706 2490 752 2508 iue
773 2491 788 2507 a
808 2480 884 2507 facie
904 2485 962 2514 tua,
982 2481 1113 2515 domiue,
1133 2487 1161 2510 et
1180 2484 1318 2520 spiritum
1337 2490 1471 2513 sanctum
1492 2496 1529 2514 ne
1548 2486 1664 2514 auferas

278 2534 293 2551 a
320 2535 377 2552 me.
415 2528 486 2552 Cum
509 2529 607 2552 autem
627 2525 702 2552 lianc
727 2526 845 2561 plagam
865 2525 982 2553 sortiter
1002 2527 1179 2562 sustineret,
1205 2530 1292 2564 jussit
1316 2540 1381 2558 eam
1406 2530 1518 2558 nudam
1543 2531 1664 2558 circuiri

277 2570 428 2598 regionem
453 2569 536 2597 illam
563 2574 591 2597 et
617 2570 714 2605 plagis
740 2570 938 2599 inserentibus
964 2571 1118 2604 flagellari.
1159 2576 1198 2601 At
1222 2574 1326 2602 martir
1355 2575 1463 2603 Christi
1494 2575 1601 2603 videus
1634 2577 1664 2604 in

278 2614 393 2640 coelum
413 2614 467 2641 ait:
488 2615 608 2642 domine
628 2619 722 2649 Deum,
741 2616 791 2649 qui
810 2617 910 2651 operis
930 2617 1045 2645 coelum
1067 2618 1207 2652 nubibus,
1227 2619 1346 2654 adjutor
1363 2625 1393 2648 et
1412 2624 1564 2655 protector
1582 2632 1664 2651 meus

279 2662 343 2683 vsto
363 2662 390 2683 vt
411 2662 475 2690 lnge
493 2659 636 2687 nudatum
657 2669 765 2696 corpus
785 2671 881 2689 numm
895 2683 901 2695 ,
928 2672 964 2689 ne
988 2663 1127 2691 videatur
1151 2664 1188 2691 ab
1215 2664 1311 2693 oculis
1336 2664 1495 2700 impiorum
1522 2665 1664 2695 virorum.

277 2704 356 2729 llaec
383 2702 484 2729 lim-s
512 2704 668 2732 deseendit
694 2705 816 2737 angelus
845 2705 957 2734 domini
987 2708 1125 2745 operiens
1152 2719 1215 2737 eam
1243 2710 1319 2737 stola
1345 2709 1481 2738 candida.
1519 2714 1580 2739 Hoc
1599 2722 1665 2740 cum
