1742 3005
396 66 490 115 (lap.
522 66 564 102 V.
626 65 681 102 De
716 76 846 102 sancto
878 66 1027 102 Thoma
1056 69 1242 117 apostolo.
1466 73 1517 110 37

141 173 225 205 t'olia
259 176 291 205 ct
327 172 457 204 fructus
490 175 523 205 et
557 170 641 205 liaec
677 172 792 205 omnia
827 172 894 205 tria
922 181 1021 204 unuin
1048 175 1126 205 sunt
1152 176 1185 206 et
1212 183 1278 206 una
1307 175 1407 207 vinea
1433 182 1507 208 suni

140 237 293 271 Tertium
327 240 380 271 est
412 236 505 281 quod
539 241 644 281 eaput
676 247 776 270 unum
809 240 957 281 quatuor
983 236 1143 271 sensibus
1183 230 1341 279 constat,
1394 240 1424 271 in
1456 251 1519 272 unz

138 303 226 336 enim
250 303 364 346 capite
389 306 467 336 sunt
492 303 607 343 visus,
645 306 791 348 gustus,
834 302 972 336 auditus
999 305 1033 337 et
1057 302 1224 337 odoratus
1252 307 1285 338 et
1310 302 1395 338 haec
1421 305 1519 348 plura

136 372 216 401 sunt
250 371 284 401 et
315 378 415 401 unum
451 371 555 412 caput
588 372 677 401 sunt.
750 367 929 401 Secundus
957 368 1090 412 gradus
1125 374 1199 411 est,
1250 374 1285 402 ut
1314 368 1517 413 baptismum

136 434 363 477 susciperent.
412 432 553 467 Tertius
579 437 645 473 est,
671 436 707 466 ut
732 443 769 467 se
795 442 816 466 a
842 432 1072 468 fornicatione
1097 435 1324 468 continerent.
1369 427 1518 474 Quartus

136 502 171 531 ut
197 498 303 532 seab
322 499 472 532 avaritia
495 501 738 541 temperarent.
774 497 919 537 Quintus
945 502 980 531 ut
1005 498 1121 544 gulam
1138 500 1401 543 restringerent.
1432 501 1519 532 Sex-

136 567 188 597 tus
224 567 259 596 ut
292 564 538 606 poenitentiam
574 566 746 596 tenerent.
796 562 990 606 Septimus,
1036 567 1072 597 ut
1099 566 1132 597 in
1159 563 1211 597 liis
1239 572 1516 608 perseverarent.

134 628 285 662 Octavus
313 631 348 660 ut
371 627 645 672 hospitalitatem
671 631 838 662 amarent.
887 628 1006 662 Nonus
1032 633 1067 663 ut
1093 630 1302 663 voluntatem
1322 629 1381 663 liei
1411 632 1440 662 in
1466 632 1516 664 t‘a2

131 693 263 727 ciendis
289 697 497 739 quaererent
523 696 557 727 et
582 703 625 728 ea
650 704 716 738 ope
741 693 966 738 complerent.
1036 694 1193 730 Decimus
1230 701 1263 729 ut
1289 706 1363 730 eam
1390 698 1422 729 in
1450 707 1513 729 non

134 758 301 793 faciendis
328 754 537 804 quaererent
563 763 597 794 et
621 769 664 793 ea
690 760 850 793 vitarent.
902 759 1126 802 Undecimus,
1163 765 1198 794 ut
1222 763 1401 795 caritatem
1430 764 1506 796 aini-

131 827 180 859 cis
206 830 240 860 et
264 826 409 858 inimicis
435 824 683 870 impenderent.
730 824 973 868 Duodecimus,
1001 831 1036 860 ut
1061 828 1095 860 in
1122 826 1357 861 custodiendis
1385 827 1436 859 liis
1465 831 1513 861 xi-

131 891 236 936 gilem
265 900 382 924 curam
418 890 598 925 haberent.
670 890 753 924 Post
787 891 1080 935 praedicationem
1116 902 1197 926 vero
1232 892 1398 936 baptisati
1436 905 1509 927 sun}

1378 961 1513 993 ‘'‘t

130 967 250 991 novem
275 956 384 990 millia
409 958 558 990 virorum
583 958 737 1000 exceptis
762 957 918 1000 parvulis
945 961 979 991 et
1004 957 1217 992 mulieribus.
1249 979 1291 982 m
1372 974 1415 995 ὁ».
1433 960 1497 993 lm>

130 1021 194 1056 lioc
220 1026 332 1056 autem
360 1023 394 1056 in
420 1023 635 1067 superiorem
660 1021 790 1056 Indiam
817 1022 925 1065 abiit,
973 1025 1005 1056 in
1033 1033 1102 1068 qua
1125 1025 1313 1058 innmneris
1340 1026 1512 1058 miraculi-

129 1090 277 1134 insignis
312 1089 519 1122 coruscavit.
569 1087 733 1122 Sinticem
758 1089 860 1123 etiam
886 1090 1029 1122 amicam
1055 1088 1270 1133 itligdonnae
1300 1092 1417 1123 uxoris
1445 1091 1492 1123 tia

128 1155 226 1195 risii,
273 1155 415 1199 cognati
447 1154 565 1199 regis,
615 1154 798 1199 apostolus
831 1154 1038 1189 illuminavit
1063 1155 1219 1200 dixitque
1247 1156 1439 1201 Migdomia
1468 1158 1509 1190 ad

128 1219 320 1264 Synticem:
358 1222 461 1264 putas
487 1220 515 1252 si
542 1223 664 1264 potero
691 1231 766 1254 eum
793 1219 939 1255 videre?
988 1220 1084 1254 Tunc
1110 1220 1303 1266 Migdomia
1331 1223 1371 1257 dc
1398 1225 1508 1256 consi<

127 1284 174 1319 lio
202 1287 278 1331 ejus
303 1284 456 1318 habitum
483 1287 628 1320 mutavit
653 1290 686 1319 et
710 1287 800 1320 inter
825 1295 999 1330 pauperes
1025 1286 1210 1327 mulieres,
1249 1287 1305 1320 nbi
1330 1288 1510 1331 apostolus

127 1350 367 1395 praedicabat,
393 1350 545 1384 advenit.
594 1351 785 1395 Apostolus
811 1356 924 1385 autem
951 1353 1067 1395 coepit
1095 1353 1186 1385 vitae
1210 1351 1312 1396 liujus
1341 1355 1510 1387 iniseriam

128 1415 332 1460 praedicare
359 1416 475 1450 dicens
501 1418 591 1450 inter
612 1420 772 1450 caetera:
815 1418 977 1461 quoniam
1013 1419 1083 1451 vita
1118 1417 1171 1451 liic
1197 1422 1249 1452 est
1277 1420 1345 1451 vita
1372 1420 1509 1457 misera,

125 1481 265 1515 casibus
291 1481 448 1526 subjecta
474 1485 507 1515 ct
534 1482 621 1515 adeo
650 1481 815 1527 fugitiva,
854 1486 889 1515 ut
913 1493 987 1516 cum
1012 1485 1122 1517 teneri
1148 1483 1319 1525 creditur,
1366 1485 1508 1530 effugiat

124 1546 311 1581 labefacta.
359 1546 491 1581 Deinde
517 1548 632 1591 coepit
657 1551 807 1591 quatuor
840 1547 1034 1581 rationibus
1060 1547 1261 1587 exhortari,
1309 1554 1343 1582 ut
1370 1549 1507 1583 verbum

125 1613 187 1647 Dei
212 1611 360 1646 libenter
385 1612 565 1653 audirent,
614 1613 724 1657 ipsum
752 1612 893 1647 verbum
916 1613 978 1647 Dei
1011 1617 1160 1658 quatuor
1185 1625 1295 1648 reruni
1323 1615 1509 1659 generibus

124 1676 378 1722 comparando,
404 1678 536 1712 scilicet
560 1678 724 1722 collyrio,
760 1688 802 1713 ex
828 1690 869 1713 eo
901 1679 991 1724 qnod
1018 1679 1151 1713 oculum
1178 1681 1286 1713 nostri
1313 1680 1506 1715 intellectus

124 1744 316 1785 illuminat,
350 1745 527 1787 passioni,
572 1754 613 1778 ex
640 1754 681 1778 eo
708 1744 800 1788 quod
825 1749 978 1778 nostrum
1007 1746 1165 1780 affectum
1193 1745 1235 1779 ab
1262 1747 1351 1779 ouini
1376 1747 1505 1779 carnali

123 1819 240 1844 amore
265 1814 393 1854 purgat
417 1814 450 1844 et
475 1809 634 1850 mundat,
685 1810 896 1854 emplastro,
943 1821 984 1845 ex
1011 1822 1052 1845 eo
1081 1811 1172 1856 quod
1200 1817 1419 1856 peccatorum
1445 1822 1486 1844 ne

123 1880 274 1910 strorum
298 1874 441 1909 vulnera
462 1880 585 1917 sanat,
612 1875 703 1917 cibo,
732 1887 774 1910 ex
801 1887 842 1910 eo
870 1876 963 1921 quod
987 1887 1050 1911 nos
1076 1877 1276 1911 coelestium
1304 1887 1420 1911 amore
1446 1877 1487 1911 de

124 1942 249 1981 lectat3
276 1944 310 1974 et
323 1942 424 1978 sicut,
448 1942 570 1985 inquit,
599 1940 685 1975 baec
699 1947 848 1987 aegroto
876 1952 942 1975 non
970 1943 1098 1985 valent,
1126 1945 1191 1977 nisi
1218 1954 1261 1978 ea
1289 1944 1320 1976 in
1348 1953 1385 1977 se
1411 1953 1487 1976 rece

122 2009 234 2052 perit,
262 2008 311 2040 sic
337 2016 400 2040 nec
421 2007 556 2041 animae
582 2007 762 2052 languenti
789 2006 927 2042 verbum
954 2008 1016 2043 Dei
1045 2008 1210 2053 prodest,
1241 2011 1306 2042 nisi
1335 2008 1418 2042 illud
1445 2007 1502 2041 de—

121 2076 202 2107 vote
239 2071 399 2106 audierit.
471 2070 700 2107 Praedicante
734 2074 841 2118 igitur
874 2074 1036 2118 apostolo
1073 2074 1257 2120 Migdonia
1290 2073 1438 2108 credidit
1473 2078 1504 2107 et

102 2123 286 2181 *deinceps
311 2138 377 2170 viri
401 2136 535 2171 thorum
561 2137 753 2173 abhorruit.
826 2138 923 2173 Tunc
957 2139 1113 2174 Carisius
1140 2150 1161 2174 a
1185 2151 1268 2186 rege
1309 2140 1505 2184 impetravit

122 2207 158 2237 et
179 2203 374 2247 apostolum
399 2204 433 2236 in
457 2213 598 2238 carcere
625 2206 752 2249 posuit.
810 2204 862 2239 Ad
893 2215 991 2249 quem
1019 2207 1162 2240 veniens
1189 2205 1373 2252 Migdonia
1397 2214 1501 2249 roga·

99 2255 184 2309 'vit‚
210 2272 246 2301 ut
262 2267 329 2301 sibi
355 2270 567 2314 ignosceret,
594 2269 686 2314 quod
715 2273 860 2315 propter
884 2279 959 2304 eam
986 2272 1020 2304 in
1045 2280 1218 2306 carcerem
1245 2273 1369 2305 missus
1388 2274 1502 2304 esset.

123 2342 225 2377 quam
249 2331 307 2366 ille
330 2332 499 2378 benignus
536 2336 722 2369 consolans
756 2335 842 2370 baec
867 2337 982 2370 omnia
1007 2347 1044 2371 se
1069 2337 1218 2371 libenter
1242 2338 1313 2380 pati
1341 2335 1489 2368 asseruit

123 2398 279 2432 Carisius
309 2400 421 2430 autem
446 2408 563 2444 regem
587 2402 748 2445 rogavit,
783 2405 819 2435 ut
843 2385 999 2445 reginam
1025 2395 1180 2436 sororem
1206 2410 1290 2435 suae
1316 2401 1433 2434 uxoris
1459 2398 1500 2432 ad

121 2472 196 2497 eam
221 2463 388 2503 mitteret,
425 2463 455 2496 si
481 2462 572 2497 forte
597 2474 671 2498 eam
697 2475 864 2500 revocare
891 2469 1021 2509 posset.
1070 2465 1184 2501 Missa
1207 2466 1332 2510 regina
1355 2472 1482 2499 conver

119 2530 204 2562 titur
228 2527 272 2562 ab
297 2537 360 2567 ea,
386 2538 487 2572 qnam
515 2527 653 2562 volebat
683 2534 904 2573 pervertere,
932 2531 1085 2575 visisque
1110 2535 1161 2564 tot
1186 2531 1381 2564 miraculis.
1410 2540 1499 2574 qua«-

120 2592 302 2639 apostolus
329 2592 502 2634 faciebat,
531 2592 637 2627 dixit:
666 2594 840 2629 maledicti
863 2598 941 2628 sunt
966 2604 987 2628 a
1013 2595 1106 2637 Deo,
1132 2597 1188 2640 qui
1216 2606 1281 2630 non
1308 2600 1359 2630 tot
1387 2597 1497 2642 signis

119 2657 263 2694 credunt
289 2662 322 2693 et
348 2657 524 2703 operibus.
573 2658 669 2693 Tunc
700 2659 882 2703 apostolus
911 2671 1028 2696 omnes
1055 2663 1113 2705 qui
1139 2660 1297 2696 aderant.
1325 2660 1366 2697 de
1387 2661 1496 2695 tribus
