1742 3005
225 59 306 98 320
376 99 382 104 ,
458 59 584 109 ‘Cap.
617 57 773 95 LXXII.
831 57 889 96 De
919 58 1170 97 adscensione
1200 58 1359 95 domini.

225 163 359 211 poralis
387 161 606 205 extenditur,
643 161 730 197 sides
766 164 1034 199 resurrectionis
1065 163 1279 199 documentis
1305 164 1518 199 necessariis
1543 174 1615 198 mu-

226 233 378 265 niretur:
415 229 551 273 gratias
591 228 727 273 agimus
753 227 893 262 divinae
918 227 1175 273 dispensationi
1200 233 1234 263 et
1261 234 1456 264 sanctorum
1482 234 1616 274 patrum

226 295 449 329 necessariae
476 292 645 326 tarditati.
693 292 895 328 Dubitatum
922 297 976 328 est
1002 293 1046 327 ab
1074 293 1164 340 illis⁷
1190 304 1234 329 ne
1261 293 1482 330 dubitaretur
1506 305 1527 329 a
1552 306 1616 330 no-

227 361 292 394 bis.
342 358 504 393 Secundo
532 362 677 403 propter
704 359 944 404 apostolorum
969 358 1243 393 consolationem
1260 387 1268 402 ‚
1305 360 1388 404 quia
1421 362 1508 394 enim
1535 371 1618 395 con-

226 426 419 461 solationes
454 424 593 461 divinae
628 425 915 470 superabundant
937 424 1225 458 tribulationibus
1259 428 1293 459 et
1317 429 1451 469 tempus
1478 429 1618 469 passio-

228 493 280 526 nis
319 490 385 524 suit
418 493 553 534 tempus
579 487 818 522 tribulationis
852 490 1115 535 apostolorum,
1154 489 1239 524 ideo·
1267 489 1387 534 plures
1426 490 1621 525 debuerunt

228 568 307 592 esse
335 556 412 590 dies
439 557 518 597 isti,
552 564 652 599 quam
679 554 742 587 illi.
794 554 917 589 Tertio
942 560 1088 600 propter
1111 557 1288 600 mysticam
1316 555 1620 601 significationem,

227 627 263 657 ut
289 633 352 668 pro
377 621 444 656 hoc
467 621 610 654 daretur
635 620 807 665 intelligi,
834 620 927 665 quod
955 622 1217 656 consolationes
1245 621 1384 656 divinae
1413 632 1620 667 comparan—

229 694 283 722 tur
306 688 349 721 ad
376 686 646 726 tribulationes,
684 686 772 718 sicut
803 695 914 719 annus
948 686 993 719 ad
1017 687 1128 728 diem,
1161 687 1238 721 dies
1273 686 1318 720 ad
1354 687 1495 729 horam,
1533 688 1622 722 hora

227 753 273 788 ad
297 755 514 786 momentum.
566 749 664 788 Quod
690 750 779 783 euim
804 756 1069 795 comparentur,
1097 754 1186 785 sicut
1210 762 1319 785 annus
1345 752 1391 786 ad
1417 752 1527 795 diem,
1554 763 1619 797 pa-

227 823 278 853 tet
302 829 366 863 per
391 815 497 857 illud,
535 814 628 860 quod
654 814 742 860 legit
766 814 892 849 Ysaias
917 815 1016 850 LXI:
1045 816 1287 861 praedicarem
1312 827 1436 851 annum
1464 818 1621 862 placabi-

227 886 293 919 lem
321 883 459 917 domino
486 884 520 915 et
546 880 636 914 diem
665 880 806 914 ultionis
830 881 904 915 Deo
927 886 1060 917 nostro.
1102 880 1193 917 Ecce
1210 893 1272 927 pro
1298 882 1355 917 die
1381 883 1621 918 tribulationis

228 949 345 985 reddit
369 958 493 983 annum
520 946 783 981 consolationis.
833 946 933 986 Quod
959 951 1071 982 autem
1091 952 1336 992 comparentur
1360 949 1451 982 sicut
1478 948 1554 983 dies
1576 948 1620 983 ad

228 1017 371 1056 horam,
406 1017 503 1057 patet
539 1024 603 1057 per
639 1012 725 1054 hoe,
763 1012 855 1057 quod
896 1012 1054 1047 dominus
1087 1013 1150 1047 XL
1184 1013 1282 1047 horis
1319 1019 1475 1048 mortuus
1496 1015 1620 1059 Jaeiiit‚

230 1080 322 1126 quod
349 1080 413 1113 suit
437 1078 697 1119 tribulationis,
731 1082 766 1112 et
799 1089 863 1122 per
893 1078 957 1112 XL
983 1078 1057 1113 dies
1084 1090 1273 1125 resurgens
1300 1080 1481 1124 discipulis
1508 1090 1619 1125 appa-

232 1148 309 1187 ruit,
338 1144 431 1191 quod
458 1144 522 1177 suit
542 1143 807 1178 consolationis,
855 1143 952 1178 Unde
972 1144 1113 1189 glossa:
1138 1144 1201 1178 XL
1219 1144 1315 1178 horis
1331 1150 1486 1179 mortuus
1506 1145 1621 1179 suerat

229 1216 374 1257 propter
407 1210 472 1244 hoc
497 1208 560 1242 XL
587 1208 711 1243 dicbus
739 1219 778 1243 se
803 1210 919 1243 vivere
947 1208 1183 1243 confirmabat.
1234 1210 1334 1249 Quod
1362 1221 1442 1245 vero
1478 1221 1619 1255 compa-

230 1282 347 1312 rentur
367 1277 457 1310 sicut
481 1275 570 1309 hora
595 1274 639 1308 ad
665 1279 891 1316 momentum,
917 1276 1113 1308 insinuatur
1138 1274 1264 1309 Ysaias
1286 1275 1364 1309 LII:
1390 1278 1424 1310 in
1449 1280 1619 1311 momento

228 1342 479 1388 indignationis
505 1351 603 1375 meae
630 1339 801 1374 abscondi
836 1340 959 1374 faciem
993 1350 1103 1374 meam
1127 1344 1190 1375 etc.
1220 1341 1342 1375 'Circa
1367 1343 1506 1375 tertium
1534 1352 1620 1386 qua-

230 1408 310 1441 liter
329 1407 462 1441 scilicet
481 1406 677 1441 adscendit.
723 1406 837 1441 Primo
858 1410 1030 1451 potenter,
1056 1408 1137 1451 quia
1156 1408 1309 1451 propriis
1325 1406 1468 1449 viribus,
1494 1406 1622 1441 Ysaias

228 1472 359 1506 XLIII:
399 1474 475 1518 quis
510 1477 564 1506 est
591 1474 681 1513 iste,
717 1473 776 1517 qui
801 1474 893 1507 venit
920 1472 963 1507 de
983 1472 1093 1506 Edom
1122 1477 1184 1507 etc.
1210 1471 1379 1517 gradiens
1406 1473 1440 1506 in
1465 1472 1620 1506 multitu-

229 1538 309 1572 dine
337 1539 474 1571 x'irtutis
499 1548 596 1573 suae.
643 1537 726 1571 Item
751 1538 921 1572 Johann.:
955 1549 1054 1572 nemo
1088 1537 1271 1573 adscendit
1307 1539 1342 1571 in
1366 1538 1519 1579 coelum,
1551 1539 1622 1571 sci-

229 1605 309 1638 licet
334 1606 478 1648 propria
498 1605 647 1645 virtute,
675 1605 742 1637 nisi
768 1605 825 1648 qui
856 1604 1038 1638 descendit
1063 1604 1105 1638 de
1131 1604 1230 1638 coelo
1256 1603 1347 1638 filius
1375 1604 1537 1641 hominis,
1563 1604 1622 1648 qui

229 1674 283 1704 est
308 1671 342 1704 in
369 1669 482 1708 coele,
529 1669 629 1703 Licet
655 1671 744 1703 enim
770 1671 871 1714 quasi
899 1671 934 1703 in
962 1670 1112 1715 quodam
1134 1669 1241 1716 globo
1264 1670 1368 1704 nubis
1385 1669 1621 1710 adscenderit,

229 1736 295 1769 hoc
321 1739 437 1769 tamen
462 1745 529 1768 nen
555 1734 657 1775 fecit,
694 1734 787 1779 quod
821 1735 923 1769 nubis
949 1737 1142 1769 ministerio
1170 1735 1367 1781 indigeret,
1409 1734 1472 1770 sed
1498 1738 1534 1768 ut
1559 1744 1623 1779 per

228 1800 295 1833 hoc
321 1800 588 1841 ostenderetur,
621 1799 714 1843 quod
749 1801 860 1833 omnis
886 1805 1048 1834 creatura
1069 1807 1193 1844 parata
1220 1805 1273 1834 est
1296 1800 1444 1844 obsequi
1469 1799 1620 1833 creatori

228 1876 303 1900 suo.
351 1865 431 1909 lpse
458 1867 546 1898 enim
570 1866 727 1909 potentia
753 1864 894 1899 deitatis
923 1876 1007 1899 snae
1033 1865 1216 1899 adscendit
1241 1869 1274 1899 et
1300 1867 1333 1898 in
1351 1864 1415 1898 hoc
1433 1868 1572 1897 notatur
1588 1864 1620 1907 ¹)

227 1932 383 1975 potentia
404 1932 477 1964 sive
503 1930 710 1971 dominium,
738 1930 923 1963 secundum
958 1931 1048 1975 qnod
1088 1930 1214 1963 dicitur
1247 1932 1281 1963 in
1315 1930 1481 1974 hystoriis
1515 1929 1620 1962 scho-

227 1997 372 2030 lasticis
421 1994 506 2029 Nam
532 1995 648 2029 Enoch
678 1996 869 2029 translatus
897 2000 961 2038 est,
990 1996 1108 2030 Helias
1133 1995 1320 2029 subvectus
1343 1999 1407 2036 est,
1437 1994 1498 2029 sed
1517 1993 1621 2029 Jesus

225 2062 369 2107 propria
396 2062 522 2095 virtute
546 2061 739 2095 adscendit.
788 2058 922 2095 Primus
949 2061 1136 2095 secundum
1164 2060 1369 2107 (ii'egorinm
1407 2071 1470 2105 per
1494 2060 1621 2094 coitum

226 2130 414 2173 generatus
444 2131 477 2161 et
502 2137 690 2171 generans,
717 2126 892 2161 secundus
919 2132 1122 2173 generatus,
1150 2126 1212 2160 sed
1238 2137 1305 2160 non
1331 2136 1517 2172 generans,
1546 2129 1618 2159 ter—

224 2195 293 2227 tius
321 2204 389 2226 non
415 2197 604 2237 generatus
631 2203 692 2228 nec
718 2203 904 2239 generans.
955 2192 1116 2227 Secundo
1141 2191 1512 2235 adscenditpatenter,
1539 2191 1622 2235 quia.

226 2258 407 2302 discipulis
442 2257 663 2297 videntibus,
704 2259 792 2292 unde
838 2257 983 2291 dicitur:
1025 2257 1223 2291 videntibus
1258 2256 1327 2290 illis
1364 2256 1520 2289 elevatus
1555 2259 1618 2289 est.

223 2325 307 2359 Item
331 2324 478 2359 Johaun.
505 2322 602 2357 XVI:
624 2323 729 2357 wado
764 2323 807 2357 ad
847 2334 944 2364 eum,
979 2323 1037 2368 qui
1066 2323 1159 2355 misit
1184 2333 1236 2356 me
1265 2326 1299 2356 et
1323 2332 1422 2356 nemo
1451 2332 1494 2356 ex
1518 2320 1619 2355 vobis

224 2393 419 2435 interrogat
447 2400 499 2424 me
516 2416 523 2430 ,
558 2399 625 2433 quo
652 2388 763 2422 vadis.
815 2388 962 2423 Glossa:
1000 2389 1119 2433 itaque
1144 2387 1283 2432 palam,
1324 2391 1361 2421 ut
1385 2397 1484 2421 nemo
1510 2388 1617 2420 inter-

226 2460 348 2499 roget,
385 2455 478 2501 quod
503 2456 579 2489 visu
603 2454 779 2498 corporali
813 2452 888 2489 sieri
917 2458 1048 2488 cernat.
1098 2453 1180 2488 Ideo
1209 2455 1297 2488 enim
1324 2452 1394 2486 illis
1422 2449 1617 2486 videntibus

228 2521 443 2556 adscendere
470 2521 590 2562 voluit,
618 2524 655 2554 ut
682 2521 747 2564 ipsi
774 2523 884 2555 testes
911 2519 1156 2554 adscensionis
1181 2521 1394 2554 exsisterent
1411 2520 1445 2552 ct
1460 2519 1617 2550 naturam

292 2666 320 2696 J)
339 2666 459 2691 Its-cent.
479 2665 594 2697 legunt:
616 2664 850 2692 ‹lilserentia
870 2662 1077 2692 secundum
1096 2665 1151 2690 etc.

1709 2715 1742 3005 mmm-*⁶22
1727 2635 1738 2662 -22
1736 2600 1737 2603 „
