1742 3005
88 135 182 183 (lap.
213 132 399 170 CCXLH.
466 109 524 170 De
554 144 693 171 corona
723 133 865 170 domini
894 133 1013 169 nostri
1043 134 1133 171 Jesu
1166 133 1318 171 Christi.
1375 131 1458 171 955

505 348 631 414 cAP.
664 348 860 409 nexui.
900 349 1045 410 (213.)

85 449 185 494 De
228 459 459 494 corona
495 447 738 492 domini
778 447 980 492 nostri
1009 449 1175 494 Jesu
1205 447 1455 494 Clu-isti.

183 561 245 585 Nou
271 560 393 585 miretur
418 556 651 585 orthodoxorum
680 555 842 590 quispiam,
867 555 893 581 si
917 555 1045 589 jucunda
1063 555 1231 583 dominicae
1249 564 1376 584 coronae
1394 558 1454 585 sol-

84 603 220 630 lemnitas
245 603 325 630 diem
351 604 426 630 hanc
451 602 599 637 expendat
617 602 646 627 iu
665 600 807 627 laudibus
830 600 1005 627 redemtoris
1027 600 1122 627 nostri
1140 604 1211 629 Jesu
1230 601 1352 634 Christi,
1376 603 1454 636 quia,

84 648 109 674 si
126 648 199 675 haec
217 656 325 675 corona
343 647 435 683 capiti
453 645 611 674 salvatoris
631 645 669 672 ad
687 653 813 679 poenam
834 650 863 671 et
881 645 1043 672 ludibrium
1061 647 1092 672 in
1109 646 1158 673 die
1173 656 1349 681 parasceues
1364 646 1455 674 fuerit

82 693 249 728 applicata,
266 697 366 719 tamen
384 692 452 725 quia
471 691 535 718 dies
554 690 606 717 illa
624 699 683 717 non
702 694 746 716 est
765 689 881 722 gaudii,
907 690 962 716 sed
979 690 1139 724 moeroris,
1163 692 1303 724 quoniam
1320 693 1453 719 membra

82 737 173 772 capiti
199 737 435 772 compatiuntur,
462 735 605 764 differtur.
654 734 774 761 Interim
807 735 879 762 haec
911 736 1127 767 gratulabunda
1151 735 1315 770 festivitas,
1339 737 1370 764 in
1396 747 1454 771 qua

81 782 238 809 recolimus
257 783 383 810 salutem
401 786 520 809 nostrae
539 781 670 812 animae,
697 779 844 813 siquidem
870 780 907 806 de
933 781 1085 815 spinarum
1112 781 1223 808 semine
1249 787 1452 817 propagatam,

79 826 150 854 ideo
182 832 303 854 aeterno
334 827 395 860 regi
421 826 532 859 gloriae
558 826 669 852 devota
700 824 821 851 laudum
845 825 957 852 cantica
980 826 1085 853 fideles
1112 827 1242 854 solvant.
1276 828 1373 854 Hodie
1397 837 1451 863 pro

81 880 190 899 corona
214 871 363 899 dominica
387 875 509 898 coronat
535 880 633 903 regem
660 870 791 897 omnium
810 879 918 897 corona
937 871 1149 904 contumeliae,
1175 873 1257 905 cujus
1283 872 1371 900 nobis
1398 882 1452 908 op-

79 916 233 952 probrium
251 925 389 944 coronam
408 916 522 943 confert
539 915 659 948 gloriae,
679 914 716 941 de
736 915 887 949 spinarum
913 915 1023 943 aculeis
1050 916 1155 943 Christi
1173 925 1282 944 corona
1300 918 1451 952 plectitur,

79 971 137 995 qua
154 961 296 989 ministris
314 961 448 988 tartareis
467 960 571 988 mundi
588 965 722 996 potestas
741 960 862 992 colitur,
890 969 997 987 corona
1025 961 1131 988 Christi
1157 962 1263 996 capitis
1282 971 1365 990 sacro
1383 974 1450 998 per-

78 1006 145 1033 fusa
171 1006 311 1039 sanguine
337 1006 442 1041 poenis
469 1005 575 1033 solutis
600 1005 710 1032 debitis
733 1013 799 1032 reos
825 1010 930 1039 purgat
956 1015 972 1031 a
996 1005 1125 1034 crimine.
1161 1006 1237 1033 Miro
1264 1007 1342 1034 enim
1360 1009 1450 1035 inodo

80 1051 207 1085 dejectio
232 1051 338 1086 capitis
364 1051 494 1078 obtinuit
518 1050 637 1077 veniam
656 1045 685 1076 et
704 1050 825 1082 gratiani
847 1049 963 1084 corpori
982 1054 1010 1076 et
1029 1060 1170 1084 percusso
1188 1051 1300 1079 vertice
1321 1053 1450 1080 solidata

80 1101 147 1124 sunt
171 1097 315 1124 membra.
351 1098 501 1130 Synagoga
527 1095 675 1128 siquidem
700 1100 794 1122 mater
818 1095 923 1121 Christi
950 1096 1112 1123 secuudum
1136 1106 1252 1123 caruem
1271 1106 1399 1125 noverca
1418 1107 1450 1126 se

78 1142 221 1169 exhibens
240 1140 347 1168 affectu
366 1140 548 1168 crudelitatis
566 1145 595 1166 et
622 1139 728 1167 effectu
751 1144 884 1167 nostrum
908 1140 1096 1168 Salomonem
1115 1150 1222 1168 corona
1242 1143 1345 1177 spinea
1364 1153 1448 1171 coro-

78 1186 170 1215 navit.
203 1186 316 1213 Pudeat
334 1194 402 1218 ergo
421 1185 526 1214 sectari
545 1185 667 1217 gloriani
686 1186 828 1218 membra,
847 1186 954 1219 quibus
972 1191 1059 1221 caput
1073 1196 1157 1214 suum
1175 1191 1236 1214 tam
1254 1187 1448 1220 ingloriosum

77 1231 234 1258 exhibetur
251 1235 441 1266 peccatorum
458 1235 627 1258 nostrorum
646 1231 740 1266 spinis
760 1231 989 1263 circumdatum,
1008 1231 1119 1266 pudeat
1138 1232 1192 1259 sub
1212 1232 1331 1267 spinato
1351 1233 1448 1268 capite

76 1276 243 1303 membrum
258 1275 324 1302 fieri
341 1275 511 1304 delicatum.
548 1279 673 1302 Coronat
692 1276 769 1303 enim
788 1276 899 1303 Judaea
918 1286 1016 1308 regem
1034 1285 1136 1303 eorum
1154 1282 1232 1304 serto
1253 1277 1366 1312 spineo,
1390 1284 1447 1306 stat

75 1322 153 1348 inter
168 1321 269 1356 spinas
284 1320 381 1346 lilium
394 1329 522 1347 vernans
534 1329 636 1347 cruore
651 1329 736 1348 roseo
751 1321 903 1356 spinarum
917 1321 1021 1356 culpae
1033 1321 1174 1355 nescium,
1188 1322 1291 1357 spinae
1304 1328 1446 1358 punctum

77 1365 190 1394 aculeo.
227 1364 351 1400 Scripsit
373 1374 500 1398 namque
525 1366 673 1393 Johannes
700 1366 899 1399 evangelista:
933 1366 1025 1393 exivit
1051 1370 1135 1394 Jesus
1163 1372 1286 1402 portans
1312 1369 1447 1404 spineam

77 1419 216 1438 coronam
235 1415 264 1437 et
282 1419 462 1445 purpureum
480 1410 708 1443 vestimentum,
735 1416 763 1437 et
782 1411 866 1445 quasi
885 1411 966 1446 pugil
984 1416 1085 1439 noster
1103 1412 1133 1439 in
1152 1413 1240 1440 armis
1258 1414 1446 1442 vestimentis

76 1455 177 1482 rubeis
203 1459 335 1490 apparet.
371 1457 515 1482 Exeainus
542 1464 609 1487 ergo
635 1456 673 1482 ad
697 1466 763 1483 eum
787 1456 987 1489 egredientem
1012 1462 1093 1484 extra
1120 1463 1214 1485 castra
1226 1456 1446 1495 ¹'improperium

76 1502 139 1534 ejus
156 1504 324 1535 portantes,
343 1508 513 1527 aerumnam
531 1502 593 1535 ejus
612 1506 742 1528 nostram
761 1506 932 1537 reputantes
952 1507 981 1529 et
1000 1502 1132 1530 dicamus
1151 1513 1217 1530 cum
1235 1505 1348 1531 David:
1374 1514 1446 1532 con—

76 1545 152 1572 fixus
171 1535 236 1572 suin
253 1544 283 1571 in
302 1553 441 1571 aerumna
463 1555 542 1578 mea,
566 1546 636 1573 dum
660 1546 815 1579 configitur
841 1547 935 1582 spina.
971 1550 995 1574 0
1014 1547 1087 1575 felix
1114 1548 1215 1583 spina,
1241 1551 1323 1583 cujus
1349 1551 1446 1577 aculei

76 1590 166 1622 guttis
185 1590 292 1616 rubent
308 1589 384 1616 roris
403 1590 571 1624 sanguinei,
596 1593 675 1618 vires
694 1591 831 1624 frangunt
850 1592 926 1624 regis
945 1593 1079 1626 tartarei,
1106 1602 1187 1621 seras
1210 1595 1345 1629 pandunt
1363 1597 1446 1627 regni

76 1635 195 1664 siderei.
231 1637 255 1662 0
274 1635 425 1670 spinarum
444 1635 552 1669 gloria,
578 1646 653 1670 quae
677 1641 721 1663 tot
745 1637 832 1664 nobis
850 1642 1002 1672 praestant
1020 1639 1159 1668 remedia.
1197 1642 1220 1666 0
1240 1639 1330 1667 decus
1348 1640 1444 1667 eccle-

75 1680 152 1713 siae,
171 1680 299 1713 gloriosa
319 1680 421 1715 spina,
441 1686 553 1708 sertum
570 1682 646 1714 regis
666 1682 791 1715 gloriae,
810 1682 913 1709 mundi
932 1683 1087 1716 medicina,
1107 1684 1272 1718 praesentis
1291 1686 1444 1717 angustiae

73 1725 178 1753 dulcor
203 1730 233 1753 et
259 1725 369 1753 resina!
392 1730 422 1752 te
447 1726 603 1754 laudantes
628 1727 718 1754 hodie
742 1737 843 1755 serves
869 1738 885 1755 a
904 1728 996 1757 ruina.
1033 1730 1120 1765 Quod
1137 1734 1290 1765 praestare
1308 1730 1444 1762 dignetur

71 1773 156 1799 Jesus
177 1771 307 1799 Christus
324 1780 380 1807 pro
398 1770 486 1799 nobis
503 1781 618 1807 passus.
654 1775 756 1800 Amen.

466 2103 590 2164 cAP.
626 2105 843 2168 ccxull.
884 2107 1032 2172 (214.)

137 2200 282 2246 vita
321 2204 387 2248 et
415 2205 825 2252 ’conversatio
865 2210 1067 2254 sancti
1096 2211 1373 2258 Romani

615 2283 878 2330 abbatis·

168 2385 221 2413 Vir
237 2385 293 2413 noi
309 2388 459 2414 Romanus
478 2397 494 2415 a
511 2390 637 2423 pueritia
654 2392 816 2420 monachus
834 2393 1001 2429 disciplinis
1018 2395 1278 2424 monasterialibus
1300 2396 1433 2426 eruditus

67 2433 123 2456 est.
161 2431 360 2458 Assuescebat
385 2432 463 2459 enim
486 2433 582 2462 adhuc
605 2436 747 2470 puerulus
773 2438 884 2466 crebris
909 2439 1038 2467 subdere
1057 2440 1133 2467 colla
1157 2441 1293 2475 jejuniis,
1323 2443 1432 2470 sanctis

67 2473 210 2502 interesse
228 2475 346 2503 assidue
363 2476 474 2509 vigiliis
492 2483 522 2505 et
539 2479 569 2506 in
585 2484 688 2508 tenero
707 2484 883 2517 corpusculo
902 2493 1005 2512 senum
1023 2495 1124 2513 cruces
1142 2495 1176 2513 ac
1188 2486 1431 2515 mortificationes

67 2518 217 2546 nitebatur
235 2520 331 2548 adhuc
348 2521 379 2548 in
396 2523 480 2550 annis
497 2524 678 2557 juvenilibus
691 2527 828 2562 experiri.
863 2531 928 2556 Jam
938 2538 1011 2557 vero
1022 2531 1198 2558 transcursis
1211 2531 1431 2559 adolescentiae

65 2563 154 2591 metis
171 2573 238 2591 cum
255 2565 295 2592 ad
311 2566 402 2594 robur
418 2567 514 2595 virilis
532 2570 677 2598 evasisset
694 2572 816 2605 aetatis,
842 2582 879 2601 ex
904 2574 984 2601 omni
1010 2579 1094 2609 parte
1119 2575 1151 2603 in
1168 2575 1312 2603 virtutum
1330 2577 1430 2605 studio

66 2609 210 2644 probatus
236 2611 409 2645 spectabilis
432 2613 598 2642 habebatur
622 2625 639 2642 a
657 2619 734 2650 Deo,
759 2621 791 2644 ut
817 2626 870 2645 suo
894 2619 1032 2654 exemplo
1056 2619 1166 2648 multos
1191 2620 1231 2647 atl
1248 2626 1429 2650 contemtum

66 2653 178 2681 saeculi
209 2664 244 2682 ac
276 2655 457 2685 desiderium
489 2660 583 2687 sancti
606 2661 754 2696 propositi
776 2668 963 2696 provocaret.
999 2665 1135 2700 Quodam
1158 2666 1260 2700 itaque
1284 2671 1428 2702 tempore,

65 2706 132 2725 cum
157 2703 275 2727 sanctus
297 2702 474 2730 recolendus
497 2705 674 2733 Benedictus
701 2707 807 2742 spretis
833 2708 943 2735 saeculi
968 2710 1082 2738 artibus
1108 2711 1300 2745 abjurataque
1325 2712 1427 2739 mundi

31 2767 35 2771 .
66 2741 159 2775 gloria
176 2753 306 2773 eremum
323 2751 454 2781 peteret,
480 2748 571 2782 hunc,
597 2750 635 2778 de
660 2760 719 2785 quo
737 2751 902 2787 loquimur,
929 2759 1062 2782 sanctum
1080 2755 1203 2784 obvium
1220 2756 1341 2790 habuit,
1366 2757 1427 2791 qui,
