1742 3005
176 120 270 168 Cap.
303 119 364 154 lx.
427 119 481 156 De
513 126 640 154 saneto
671 118 844 155 Johanne
878 121 1050 168 apostolo
1088 128 1121 156 et
1154 122 1395 169 exangelista.
1455 122 1502 159 61

118 225 166 257 ait
207 224 397 257 Cassianus
443 224 475 257 in
513 223 601 257 libro
637 223 878 261 collationum,
935 225 1012 258 viva
1047 225 1150 259 beato
1183 224 1331 260 Johanni
1368 236 1386 259 a
1421 237 1503 271 quo-

118 289 195 323 dam
229 288 349 322 oblata
385 289 507 323 fuisset
544 294 577 322 et
603 288 660 322 ilie
689 299 762 323 eam
792 292 891 333 quasi
919 290 1144 324 demulcendo
1175 295 1337 336 tangeret
1364 297 1395 325 et
1423 304 1502 326 coir

118 358 300 395 treetaret,
345 353 483 399 quidam
520 355 724 389 adolescens
760 354 823 388 lioc
857 355 976 389 videns
1002 356 1045 389 ad
1072 366 1222 390 coaevos
1250 368 1331 391 suos
1361 358 1504 391 ridendo

117 420 222 455 dixit:
275 420 407 456 videte,
463 420 635 465 quomodo
669 420 725 454 ille
761 430 866 454 senex
901 432 975 454 cnm
1010 421 1147 455 avicula
1179 423 1267 456 sicut
1293 434 1379 467 puer
1403 424 1501 458 ludit.

116 485 214 525 Quod
250 485 372 520 beatus
405 485 582 520 Johanncs
618 495 681 528 per
716 487 874 529 spiritum
910 496 1166 531 recognoscens
1196 488 1358 530 juvenem
1396 490 1437 523 ad
1465 500 1503 524 se

117 553 253 585 vocavit
276 556 310 585 et
335 550 416 595 quid
441 552 473 583 in
500 559 601 583 manu
626 554 781 589 teneret,
818 552 1009 595 inquisivit.
1061 550 1122 584 Cui
1149 561 1222 584 cum
1250 563 1288 587 se
1313 564 1427 589 arcum
1450 560 1499 589 tw

114 628 195 651 nere
221 616 364 658 diceret,
392 617 456 649 ait:
483 614 563 659 quid
591 615 670 649 inde.
703 616 818 650 sacis?
844 615 890 649 fit
909 617 1070 661 juvenis:
1095 627 1179 651 aves
1207 618 1288 652 inde
1313 630 1353 653 ac
1370 619 1500 654 bestias

111 683 330 727 sagittamus.
381 681 442 715 Cui
476 681 677 725 apostolus:
723 681 900 726 qualiter?
949 681 1045 716 Tune
1073 684 1214 727 juvenis
1244 687 1357 729 coepit
1386 696 1500 720 arcum

111 746 254 781 tendere
281 751 315 781 et
338 751 471 781 tensum
498 747 531 779 in
559 757 660 780 manu
688 751 816 782 tenere.
867 747 936 781 Sed
964 758 1037 781 cum
1067 748 1112 781 nil
1139 750 1171 782 ei
1196 751 1378 794 apostolus
1407 752 1499 787 dice*

111 817 175 855 ret,
198 813 338 858 juvenis
366 822 481 847 areum
507 812 684 847 distendit.
735 814 797 847 Cui
822 813 1019 849 Joliannes:
1054 824 1174 858 qnare,
1200 815 1260 857 fili,
1286 826 1400 851 arcum
1428 818 1497 853 dis-

110 878 280 914 tendisti?
344 878 388 913 Et
414 879 490 913 ille:
537 880 637 924 quia,
677 881 705 911 si
733 878 861 912 diutIus
887 884 1005 914 tensus
1033 883 1230 922 teneretur,
1270 883 1312 915 ad
1332 884 1497 927 Jacienda

105 944 227 989 jac-ula
254 944 419 979 infirmior
444 944 659 979 redderetur.
731 942 772 977 lit
805 945 987 990 apostolus
1013 945 1056 978 ad
1084 944 1167 978 hoc:
1217 949 1265 981 sic
1292 953 1325 982 et
1351 948 1498 984 humana

109 1010 285 1056 fragilitas
311 1010 354 1044 ad
380 1010 704 1055 contemplationem
734 1012 842 1044 minus
872 1011 988 1045 valida
1013 1012 1127 1051 lieret,
1156 1013 1185 1044 si
1211 1023 1348 1058 semper
1373 1017 1404 1048 in
1433 1027 1495 1050 suo

108 1078 225 1121 rigore
257 1078 450 1120 persistens
478 1076 661 1121 fragilitati
696 1086 780 1111 suae
806 1077 974 1112 interdum
1001 1077 1279 1113 condescendere
1306 1087 1493 1117 recusaret.

108 1142 192 1177 Nam
218 1147 253 1177 et
278 1142 397 1187 aquila
419 1143 551 1176 eunctis
585 1141 708 1176 avibus
731 1143 859 1177 celsius
887 1143 982 1177 volat
1009 1148 1039 1178 et
1067 1143 1174 1177 solem
1201 1144 1328 1179 clarius
1354 1151 1490 1192 conspi-

107 1209 153 1242 cit
177 1213 211 1243 et
235 1213 350 1243 tamen
375 1212 521 1242 naturae
546 1210 757 1243 necessitate
785 1209 827 1242 ad
855 1210 922 1243 ima
948 1209 1144 1244 descendit:
1187 1212 1236 1244 sie
1266 1216 1299 1245 et
1324 1211 1492 1248 humanus

106 1275 253 1317 animus,
280 1284 354 1309 c-nm
381 1285 419 1309 se
445 1273 612 1309 modicum
641 1285 660 1308 a
685 1275 976 1319 contemplatione
1002 1275 1169 1316 retrahit,
1196 1277 1320 1311 crebra
1348 1280 1491 1314 innova-

104 1341 199 1375 tione
228 1340 406 1375 ardentius
430 1340 475 1373 ad
501 1340 669 1375 coelestia
693 1340 815 1374 tendit.
850 1361 893 1365 —
917 1360 959 1366 —
997 1344 1045 1378 9.
1072 1341 1201 1375 Beatus
1227 1343 1335 1387 igitur
1358 1325 1491 1379 JohanJ

104 1416 188 1448 nes,
223 1410 259 1439 ut
285 1410 434 1441 testatur
461 1405 708 1450 Hieronymus,
744 1416 816 1439 cnm
843 1407 917 1451 ipse
942 1416 1050 1451 usque
1077 1407 1120 1440 ad
1150 1408 1261 1451 ipsam
1287 1419 1383 1443 suam
1411 1412 1489 1445 ulti—

105 1480 192 1504 mam
220 1475 429 1506 senectutem
455 1471 587 1516 Ephesi
612 1476 830 1512 moraretur,
883 1476 915 1505 et
944 1473 999 1505 vix
1032 1474 1121 1506 inter
1145 1472 1391 1517 discipulorum
1417 1488 1488 1511 ma-

103 1548 165 1571 nus
202 1537 245 1571 ad
280 1537 461 1572 ecelesiam
497 1537 693 1571 deferretur
725 1548 786 1571 nec
820 1538 919 1581 plura
957 1536 1063 1572 xerba
1103 1538 1218 1572 dicere
1256 1546 1396 1583 posset,
1445 1544 1488 1577 ad

102 1602 292 1648 quamlibet
314 1612 457 1648 pausam
482 1601 547 1637 hoe
575 1602 727 1637 dicebat:
771 1602 868 1635 tilioli
894 1602 1030 1647 diligite
1056 1604 1270 1639 alterutrum.
1333 1606 1486 1642 Tandem

103 1669 249 1710 fratres,
285 1670 343 1713 qui
371 1678 444 1703 cum
471 1679 511 1703 eo
539 1672 658 1711 erunt,
699 1668 932 1711 admirantes,
968 1669 1059 1714 quod
1086 1679 1223 1714 semper
1247 1672 1367 1706 eadem
1395 1673 1485 1709 dice*

102 1738 165 1776 ret,
194 1734 353 1769 dixerunt
380 1736 428 1769 ei:
455 1736 635 1781 magister,
666 1744 774 1779 qnare
800 1746 938 1780 semper
963 1734 1082 1769 eadem
1108 1735 1293 1780 loqueris?
1342 1740 1403 1778 Qui
1432 1752 1485 1775 rer

101 1799 257 1844 spondit:
283 1801 365 1845 quia
391 1804 614 1845 praeceptum
643 1800 770 1834 domini
800 1806 873 1843 est,
904 1805 938 1835 et
963 1803 992 1834 si
1019 1801 1128 1835 solum
1159 1800 1223 1836 hoe
1247 1803 1319 1845 liat,
1346 1805 1482 1840 suflicit.

98 1886 143 1890 —
165 1886 209 1890 —
233 1869 311 1903 10.
337 1865 457 1901 Refert
485 1878 622 1913 quoque
647 1867 880 1909 llelinandus,
913 1866 1006 1912 quod
1030 1876 1103 1900 cum
1129 1867 1307 1903 Johannes
1332 1880 1482 1915 evange-

51 1948 54 1951 -
98 1931 182 1965 lista
204 1931 423 1977 evangelium
451 1933 605 1968 scribere
630 1933 786 1976 deberet,
816 1935 912 1978 prius
934 1933 1058 1967 indixit
1079 1934 1263 1978 Jejuninm,
1293 1940 1328 1969 ut
1345 1942 1485 1971 orarent

97 2007 135 2031 se
161 1997 267 2043 digna
290 1998 508 2042 scripturum.
573 1999 697 2034 Fertur
731 2004 844 2034 autem
872 2001 983 2044 ipsum
1011 2010 1074 2044 pro
1099 2000 1159 2033 illo
1183 2000 1260 2034 loco
1288 2004 1482 2036 secretissi-

96 2073 172 2105 mo,
198 2064 233 2096 in
259 2073 326 2108 quo
353 2062 470 2098 divina
493 2066 686 2110 scripturus
712 2070 928 2107 secesserat,
958 2074 1102 2106 orasse,
1128 2069 1164 2099 ut
1188 2066 1301 2100 nullas
1328 2066 1406 2101 huie
1431 2069 1482 2101 in-

96 2120 223 2162 sistens
251 2130 348 2173 operi
375 2133 553 2165 ventorum
578 2130 627 2165 ihi
653 2135 713 2165 aut
740 2131 898 2165 imbrium
933 2132 1080 2176 injurias
1107 2136 1298 2176 pateretur.
1370 2132 1480 2167 Hanc-

96 2203 163 2238 ‹1ue
187 2193 299 2228 eidem
325 2195 403 2230 loeo
430 2206 538 2241 usque
564 2195 668 2231 hodie
692 2198 921 2232 reverentiam
947 2196 1119 2232 elementa
1145 2206 1288 2232 servare
1311 2197 1479 2233 dicuntur.

96 2257 188 2293 Haec
213 2259 436 2296 Helinandus.
461 2281 504 2287 —«
531 2282 573 2287 —-
596 2266 663 2300 11.
687 2264 770 2298 Cum
796 2264 905 2309 igitur
929 2267 1023 2298 esset
1047 2265 1239 2309 nonaginta
1266 2268 1344 2297 octo
1371 2274 1479 2297 anno<

97 2334 167 2357 rum
194 2328 228 2358 et
255 2334 277 2358 a
300 2328 465 2369 passione
490 2327 639 2370 domini,
676 2328 863 2363 seeundum
890 2328 1093 2370 Ysidorum,
1141 2338 1231 2362 anno
1257 2330 1478 2373 sexagesimo

93 2390 254 2433 septimo,
280 2393 443 2434 apparuit
467 2395 498 2427 ei
522 2393 680 2428 dominus
705 2404 779 2428 eum
805 2394 985 2438 discipulis
1008 2395 1080 2426 suis
1096 2393 1233 2428 dicens:
1261 2395 1339 2427 veni
1353 2393 1478 2428 dilecte

94 2455 138 2487 mi
165 2453 210 2488 ad
237 2465 308 2496 1110,
358 2457 440 2499 quia
464 2461 599 2502 tempus
626 2463 700 2500 est,
748 2463 786 2493 ut
811 2461 844 2492 in
869 2468 990 2492 mensa
1013 2468 1090 2492 mea
1114 2468 1187 2491 eum
1213 2459 1281 2491 tuis
1309 2457 1477 2492 fratribus

90 2520 254 2564 epuleris.
313 2520 468 2566 Surgens
495 2526 607 2557 autem
631 2523 810 2558 Johannes
835 2525 951 2567 eoepit
976 2524 1038 2557 ire.
1094 2523 1157 2556 Cui
1186 2522 1364 2556 dominus:
1412 2523 1474 2557 do-

90 2586 215 2619 minica
239 2585 294 2620 die
322 2586 367 2620 ad
394 2597 445 2621 me
473 2588 602 2622 venies.
675 2588 844 2623 Veniente
876 2589 985 2633 igitur
1007 2586 1178 2621 dominica
1203 2589 1384 2624 universus
1410 2599 1472 2633 po-

89 2650 190 2695 pulus
214 2653 376 2686 convenit
400 2653 434 2685 in
460 2652 620 2694 ecelesia,
648 2663 737 2698 quae
762 2653 876 2687 suerat
899 2654 1010 2697 ipsius
1035 2654 1171 2687 nomine
1186 2651 1368 2687 fabric-ata.
1407 2654 1471 2693 Qui

87 2725 107 2750 a
132 2717 242 2761 primo
267 2717 438 2762 pullorum
470 2722 571 2752 cantu
597 2717 815 2763 praedicavit
839 2718 975 2762 ilsdem,
1001 2717 1147 2754 hortans
1172 2728 1256 2760 003,
1283 2721 1319 2753 nt
1344 2719 1379 2752 in
1405 2717 1470 2752 tide
