<?xml version="1.0" encoding="UTF-8"?>
<!DOCTYPE html PUBLIC "-//W3C//DTD XHTML 1.0 Transitional//EN"
    "http://www.w3.org/TR/xhtml1/DTD/xhtml1-transitional.dtd">
<html xmlns="http://www.w3.org/1999/xhtml" xml:lang="en" lang="en">
 <head>
  <title>
</title>
<meta http-equiv="Content-Type" content="text/html;charset=utf-8" />
  <meta name='ocr-system' content='tesseract 3.04.00' />
  <meta name='ocr-capabilities' content='ocr_page ocr_carea ocr_par ocr_line ocrx_word'/>
</head>
<body>
  <div class='ocr_page' id='page_1' title='image "./legendaaureavulg00jacouoft_0311.png"; bbox 0 0 1742 3005; ppageno 0'>
   <div class='ocr_carea' id='block_1_1' title="bbox 355 81 1498 134">
    <p class='ocr_par' dir='ltr' id='par_1_1' title="bbox 355 81 1498 134">
     <span class='ocr_line' id='line_1_1' title="bbox 355 81 1498 134; baseline 0 -14"><span class='ocrx_word' id='word_1_1' title='bbox 355 82 451 134; x_wconf 76' lang='lat' dir='ltr'><strong>Cap.</strong></span> <span class='ocrx_word' id='word_1_2' title='bbox 481 81 619 120; x_wconf 89' lang='lat' dir='ltr'><strong>LXIII.</strong></span> <span class='ocrx_word' id='word_1_3' title='bbox 677 82 736 120; x_wconf 88' lang='lat' dir='ltr'><strong>De</strong></span> <span class='ocrx_word' id='word_1_4' title='bbox 765 86 895 118; x_wconf 82' lang='lat' dir='ltr'><strong>sancto</strong></span> <span class='ocrx_word' id='word_1_5' title='bbox 926 81 1042 120; x_wconf 88' lang='lat' dir='ltr'><strong>Petro</strong></span> <span class='ocrx_word' id='word_1_6' title='bbox 1083 81 1248 119; x_wconf 83' lang='lat' dir='ltr'><strong>martire.</strong></span> <span class='ocrx_word' id='word_1_7' title='bbox 1419 81 1498 120; x_wconf 71' lang='lat'><strong>287</strong></span> 
     </span>
    </p>
   </div>
   <div class='ocr_carea' id='block_1_2' title="bbox 99 185 1525 2273">
    <p class='ocr_par' dir='ltr' id='par_1_2' title="bbox 103 185 1500 694">
     <span class='ocr_line' id='line_1_2' title="bbox 106 185 1499 234; baseline -0.002 -10"><span class='ocrx_word' id='word_1_8' title='bbox 106 191 230 224; x_wconf 83' lang='lat' dir='ltr'><strong>timere</strong></span> <span class='ocrx_word' id='word_1_9' title='bbox 259 185 363 223; x_wconf 79' lang='lat' dir='ltr'><strong>valde</strong></span> <span class='ocrx_word' id='word_1_10' title='bbox 397 190 536 234; x_wconf 86' lang='lat' dir='ltr'><strong>eoepit,</strong></span> <span class='ocrx_word' id='word_1_11' title='bbox 585 200 629 224; x_wconf 83' lang='lat' dir='ltr'><strong>ne</strong></span> <span class='ocrx_word' id='word_1_12' title='bbox 665 190 701 223; x_wconf 89' lang='lat' dir='ltr'><strong>in</strong></span> <span class='ocrx_word' id='word_1_13' title='bbox 735 189 889 234; x_wconf 84' lang='lat' dir='ltr'><strong>injuncto</strong></span> <span class='ocrx_word' id='word_1_14' title='bbox 923 197 1083 223; x_wconf 82' lang='lat' dir='ltr'>sermone</span> <span class='ocrx_word' id='word_1_15' title='bbox 1116 186 1187 221; x_wconf 89' lang='lat' dir='ltr'><strong>sibi</strong></span> <span class='ocrx_word' id='word_1_16' title='bbox 1221 185 1397 224; x_wconf 81' lang='lat' dir='ltr'><strong>deficeret.</strong></span> <span class='ocrx_word' id='word_1_17' title='bbox 1443 188 1499 222; x_wconf 79' lang='lat' dir='ltr'><strong>Ad</strong></span> 
     </span>
     <span class='ocr_line' id='line_1_3' title="bbox 106 253 1498 300; baseline 0 -12"><span class='ocrx_word' id='word_1_18' title='bbox 106 256 218 289; x_wconf 84' lang='lat' dir='ltr'><strong>sancti</strong></span> <span class='ocrx_word' id='word_1_19' title='bbox 252 255 362 300; x_wconf 79' lang='lat' dir='ltr'><strong>igitur</strong></span> <span class='ocrx_word' id='word_1_20' title='bbox 389 255 486 290; x_wconf 84' lang='lat' dir='ltr'><strong>Petri</strong></span> <span class='ocrx_word' id='word_1_21' title='bbox 518 265 708 291; x_wconf 81' lang='lat' dir='ltr'><strong>conversus</strong></span> <span class='ocrx_word' id='word_1_22' title='bbox 744 254 916 300; x_wconf 77' lang='lat' dir='ltr'><strong>suffragia</strong></span> <span class='ocrx_word' id='word_1_23' title='bbox 946 253 990 288; x_wconf 89' lang='lat' dir='ltr'><strong>ad</strong></span> <span class='ocrx_word' id='word_1_24' title='bbox 1017 253 1127 288; x_wconf 88' lang='lat' dir='ltr'><strong>altare</strong></span> <span class='ocrx_word' id='word_1_25' title='bbox 1154 254 1264 298; x_wconf 89' lang='lat' dir='ltr'><strong>ipsius</strong></span> <span class='ocrx_word' id='word_1_26' title='bbox 1291 264 1366 288; x_wconf 85' lang='lat' dir='ltr'><strong>cum</strong></span> <span class='ocrx_word' id='word_1_27' title='bbox 1391 253 1498 289; x_wconf 75' lang='lat' dir='ltr'><strong>devo-</strong></span> 
     </span>
     <span class='ocr_line' id='line_1_4' title="bbox 103 319 1497 366; baseline -0.001 -12"><span class='ocrx_word' id='word_1_28' title='bbox 103 322 200 355; x_wconf 81' lang='lat' dir='ltr'><strong>tione</strong></span> <span class='ocrx_word' id='word_1_29' title='bbox 225 322 378 355; x_wconf 85' lang='lat' dir='ltr'><strong>accessit</strong></span> <span class='ocrx_word' id='word_1_30' title='bbox 402 331 528 364; x_wconf 84' lang='lat' dir='ltr'><strong>orans,</strong></span> <span class='ocrx_word' id='word_1_31' title='bbox 560 326 599 356; x_wconf 88' lang='lat' dir='ltr'><strong>ut</strong></span> <span class='ocrx_word' id='word_1_32' title='bbox 624 322 700 366; x_wconf 79' lang='lat' dir='ltr'><strong>ej11s</strong></span> <span class='ocrx_word' id='word_1_33' title='bbox 726 322 859 355; x_wconf 88' lang='lat' dir='ltr'><strong>meritis</strong></span> <span class='ocrx_word' id='word_1_34' title='bbox 882 322 1084 365; x_wconf 79' lang='lat' dir='ltr'><strong>juvaretur,</strong></span> <span class='ocrx_word' id='word_1_35' title='bbox 1118 320 1218 364; x_wconf 89' lang='lat' dir='ltr'><strong>cujus</strong></span> <span class='ocrx_word' id='word_1_36' title='bbox 1244 319 1397 354; x_wconf 83' lang='lat' dir='ltr'><strong>debebat</strong></span> <span class='ocrx_word' id='word_1_37' title='bbox 1417 320 1497 365; x_wconf 76' lang='lat' dir='ltr'><strong>glo-</strong></span> 
     </span>
     <span class='ocr_line' id='line_1_5' title="bbox 105 385 1499 433; baseline -0.001 -13"><span class='ocrx_word' id='word_1_38' title='bbox 105 388 191 421; x_wconf 86' lang='lat' dir='ltr'><strong>riam</strong></span> <span class='ocrx_word' id='word_1_39' title='bbox 224 386 453 432; x_wconf 84' lang='lat' dir='ltr'><strong>praedicare,</strong></span> <span class='ocrx_word' id='word_1_40' title='bbox 490 389 610 433; x_wconf 83' lang='lat' dir='ltr'><strong>sicque</strong></span> <span class='ocrx_word' id='word_1_41' title='bbox 638 386 767 420; x_wconf 82' lang='lat' dir='ltr'><strong>sactum</strong></span> <span class='ocrx_word' id='word_1_42' title='bbox 794 389 868 428; x_wconf 86' lang='lat' dir='ltr'><strong>est,</strong></span> <span class='ocrx_word' id='word_1_43' title='bbox 897 385 988 430; x_wconf 89' lang='lat' dir='ltr'><strong>quod</strong></span> <span class='ocrx_word' id='word_1_44' title='bbox 1014 385 1076 419; x_wconf 86' lang='lat' dir='ltr'><strong>illa</strong></span> <span class='ocrx_word' id='word_1_45' title='bbox 1102 389 1205 420; x_wconf 85' lang='lat' dir='ltr'><strong>nocte</strong></span> <span class='ocrx_word' id='word_1_46' title='bbox 1225 385 1334 420; x_wconf 82' lang='lat' dir='ltr'><strong>febris</strong></span> <span class='ocrx_word' id='word_1_47' title='bbox 1359 387 1499 430; x_wconf 83' lang='lat' dir='ltr'><strong>penitus</strong></span> 
     </span>
     <span class='ocr_line' id='line_1_6' title="bbox 103 452 1500 498; baseline -0.001 -11"><span class='ocrx_word' id='word_1_48' title='bbox 103 454 256 487; x_wconf 84' lang='lat' dir='ltr'><strong>cessavit</strong></span> <span class='ocrx_word' id='word_1_49' title='bbox 290 457 324 487; x_wconf 82' lang='lat' dir='ltr'><strong>et</strong></span> <span class='ocrx_word' id='word_1_50' title='bbox 357 458 483 498; x_wconf 86' lang='lat' dir='ltr'><strong>postea</strong></span> <span class='ocrx_word' id='word_1_51' title='bbox 516 462 690 497; x_wconf 89' lang='lat' dir='ltr'><strong>nunquam</strong></span> <span class='ocrx_word' id='word_1_52' title='bbox 731 462 806 485; x_wconf 89' lang='lat' dir='ltr'><strong>eum</strong></span> <span class='ocrx_word' id='word_1_53' title='bbox 841 452 981 485; x_wconf 86' lang='lat' dir='ltr'><strong>invasit.</strong></span> <span class='ocrx_word' id='word_1_54' title='bbox 1008 470 1051 475; x_wconf 70' lang='lat'><strong>——</strong></span> <span class='ocrx_word' id='word_1_55' title='bbox 1075 470 1119 475; x_wconf 84' lang='lat'><strong>——</strong></span> <span class='ocrx_word' id='word_1_56' title='bbox 1142 470 1187 475; x_wconf 86' lang='lat'><strong>—-</strong></span> <span class='ocrx_word' id='word_1_57' title='bbox 1234 454 1308 487; x_wconf 62' lang='lat'><strong>14.</strong></span> <span class='ocrx_word' id='word_1_58' title='bbox 1334 452 1500 487; x_wconf 86' lang='lat' dir='ltr'><strong>Matrona</strong></span> 
     </span>
     <span class='ocr_line' id='line_1_7' title="bbox 107 515 1498 564; baseline -0.001 -11"><span class='ocrx_word' id='word_1_59' title='bbox 107 519 276 564; x_wconf 83' lang='lat' dir='ltr'>quaedam</span> <span class='ocrx_word' id='word_1_60' title='bbox 311 521 448 553; x_wconf 90' lang='lat' dir='ltr'><strong>nomine</strong></span> <span class='ocrx_word' id='word_1_61' title='bbox 482 517 627 552; x_wconf 87' lang='lat' dir='ltr'><strong>Girolda</strong></span> <span class='ocrx_word' id='word_1_62' title='bbox 664 527 754 550; x_wconf 79' lang='lat' dir='ltr'><strong>uxor</strong></span> <span class='ocrx_word' id='word_1_63' title='bbox 783 515 905 550; x_wconf 87' lang='lat' dir='ltr'><strong>Jacobi</strong></span> <span class='ocrx_word' id='word_1_64' title='bbox 933 515 975 549; x_wconf 81' lang='lat' dir='ltr'><strong>de.</strong></span> <span class='ocrx_word' id='word_1_65' title='bbox 1000 515 1192 550; x_wconf 75' lang='lat' dir='ltr'><strong>Vallesana</strong></span> <span class='ocrx_word' id='word_1_66' title='bbox 1216 526 1290 550; x_wconf 90' lang='lat' dir='ltr'><strong>cum</strong></span> <span class='ocrx_word' id='word_1_67' title='bbox 1316 529 1379 561; x_wconf 89' lang='lat' dir='ltr'><strong>per</strong></span> <span class='ocrx_word' id='word_1_68' title='bbox 1404 518 1498 552; x_wconf 86' lang='lat' dir='ltr'><strong>XIIII</strong></span> 
     </span>
     <span class='ocr_line' id='line_1_8' title="bbox 104 580 1498 628; baseline -0.001 -9"><span class='ocrx_word' id='word_1_69' title='bbox 104 595 214 620; x_wconf 83' lang='lat' dir='ltr'><strong>annos</strong></span> <span class='ocrx_word' id='word_1_70' title='bbox 249 584 293 618; x_wconf 89' lang='lat' dir='ltr'><strong>ah</strong></span> <span class='ocrx_word' id='word_1_71' title='bbox 330 582 513 617; x_wconf 88' lang='lat' dir='ltr'><strong>immundis</strong></span> <span class='ocrx_word' id='word_1_72' title='bbox 550 582 735 626; x_wconf 86' lang='lat' dir='ltr'><strong>spiritibus</strong></span> <span class='ocrx_word' id='word_1_73' title='bbox 772 580 899 615; x_wconf 85' lang='lat' dir='ltr'><strong>suisset</strong></span> <span class='ocrx_word' id='word_1_74' title='bbox 933 581 1103 622; x_wconf 65' lang='lat' dir='ltr'><strong>obsessa,</strong></span> <span class='ocrx_word' id='word_1_75' title='bbox 1138 583 1231 615; x_wconf 73' lang='lat' dir='ltr'><strong>venit</strong></span> <span class='ocrx_word' id='word_1_76' title='bbox 1256 582 1299 616; x_wconf 85' lang='lat' dir='ltr'><strong>ad</strong></span> <span class='ocrx_word' id='word_1_77' title='bbox 1328 583 1498 628; x_wconf 83' lang='lat' dir='ltr'><strong>quendam</strong></span> 
     </span>
     <span class='ocr_line' id='line_1_9' title="bbox 103 647 1497 694; baseline -0.001 -11"><span class='ocrx_word' id='word_1_78' title='bbox 103 650 318 685; x_wconf 86' lang='lat' dir='ltr'><strong>sacerdotem</strong></span> <span class='ocrx_word' id='word_1_79' title='bbox 347 648 485 683; x_wconf 83' lang='lat' dir='ltr'><strong>dicens:</strong></span> <span class='ocrx_word' id='word_1_80' title='bbox 514 659 581 694; x_wconf 81' lang='lat' dir='ltr'><strong>ego</strong></span> <span class='ocrx_word' id='word_1_81' title='bbox 609 658 683 682; x_wconf 92' lang='lat' dir='ltr'><strong>sum</strong></span> <span class='ocrx_word' id='word_1_82' title='bbox 712 647 941 682; x_wconf 85' lang='lat' dir='ltr'><strong>daemoniaca</strong></span> <span class='ocrx_word' id='word_1_83' title='bbox 967 652 1001 682; x_wconf 89' lang='lat' dir='ltr'><strong>et</strong></span> <span class='ocrx_word' id='word_1_84' title='bbox 1026 648 1170 692; x_wconf 84' lang='lat' dir='ltr'><strong>spiritus</strong></span> <span class='ocrx_word' id='word_1_85' title='bbox 1196 648 1370 693; x_wconf 78' lang='lat' dir='ltr'><strong>malignus</strong></span> <span class='ocrx_word' id='word_1_86' title='bbox 1396 654 1497 683; x_wconf 76' lang='lat' dir='ltr'><strong>vexat</strong></span> 
     </span>
    </p>

    <p class='ocr_par' dir='ltr' id='par_1_3' title="bbox 99 698 1525 2273">
     <span class='ocr_line' id='line_1_10' title="bbox 103 698 1525 759; baseline -0.001 -9"><span class='ocrx_word' id='word_1_87' title='bbox 103 727 169 752; x_wconf 82' lang='lat' dir='ltr'><strong>me.</strong></span> <span class='ocrx_word' id='word_1_88' title='bbox 215 715 300 750; x_wconf 81' lang='lat' dir='ltr'><strong>Mox</strong></span> <span class='ocrx_word' id='word_1_89' title='bbox 331 714 499 749; x_wconf 78' lang='lat' dir='ltr'><strong>sacerdos</strong></span> <span class='ocrx_word' id='word_1_90' title='bbox 534 716 680 749; x_wconf 82' lang='lat' dir='ltr'><strong>territus</strong></span> <span class='ocrx_word' id='word_1_91' title='bbox 710 714 851 759; x_wconf 74' lang='lat' dir='ltr'><strong>fugiens</strong></span> <span class='ocrx_word' id='word_1_92' title='bbox 890 715 1089 748; x_wconf 72' lang='lat' dir='ltr'><strong>sacristiam</strong></span> <span class='ocrx_word' id='word_1_93' title='bbox 1123 715 1266 748; x_wconf 82' lang='lat' dir='ltr'><strong>intravit</strong></span> <span class='ocrx_word' id='word_1_94' title='bbox 1302 719 1335 749; x_wconf 79' lang='lat' dir='ltr'><strong>et</strong></span> <span class='ocrx_word' id='word_1_95' title='bbox 1372 714 1497 749; x_wconf 84' lang='lat' dir='ltr'><strong>librum</strong></span> <span class='ocrx_word' id='word_1_96' title='bbox 1518 698 1525 703; x_wconf 16' lang='grc' dir='ltr'>χ</span> 
     </span>
     <span class='ocr_line' id='line_1_11' title="bbox 103 780 1500 827; baseline -0.001 -11"><span class='ocrx_word' id='word_1_97' title='bbox 103 781 294 827; x_wconf 87' lang='lat' dir='ltr'><strong>quendam,</strong></span> <span class='ocrx_word' id='word_1_98' title='bbox 319 782 355 815; x_wconf 90' lang='lat' dir='ltr'><strong>in</strong></span> <span class='ocrx_word' id='word_1_99' title='bbox 380 791 447 826; x_wconf 94' lang='lat' dir='ltr'><strong>quo</strong></span> <span class='ocrx_word' id='word_1_100' title='bbox 474 784 573 815; x_wconf 88' lang='lat' dir='ltr'><strong>erant</strong></span> <span class='ocrx_word' id='word_1_101' title='bbox 597 781 858 825; x_wconf 81' lang='lat' dir='ltr'><strong>conjurationes</strong></span> <span class='ocrx_word' id='word_1_102' title='bbox 884 780 1110 821; x_wconf 76' lang='lat' dir='ltr'><strong>daemonum,</strong></span> <span class='ocrx_word' id='word_1_103' title='bbox 1139 784 1173 814; x_wconf 86' lang='lat' dir='ltr'><strong>et</strong></span> <span class='ocrx_word' id='word_1_104' title='bbox 1198 780 1323 814; x_wconf 86' lang='lat' dir='ltr'><strong>stolam</strong></span> <span class='ocrx_word' id='word_1_105' title='bbox 1349 781 1500 815; x_wconf 84' lang='lat' dir='ltr'><strong>latenter</strong></span> 
     </span>
     <span class='ocr_line' id='line_1_12' title="bbox 102 845 1497 893; baseline 0 -11"><span class='ocrx_word' id='word_1_106' title='bbox 102 848 166 882; x_wconf 88' lang='lat' dir='ltr'><strong>sub</strong></span> <span class='ocrx_word' id='word_1_107' title='bbox 198 857 312 893; x_wconf 84' lang='lat' dir='ltr'><strong>cappa</strong></span> <span class='ocrx_word' id='word_1_108' title='bbox 350 847 513 881; x_wconf 89' lang='lat' dir='ltr'><strong>deserens</strong></span> <span class='ocrx_word' id='word_1_109' title='bbox 537 857 612 881; x_wconf 90' lang='lat' dir='ltr'><strong>cum</strong></span> <span class='ocrx_word' id='word_1_110' title='bbox 645 846 740 880; x_wconf 85' lang='lat' dir='ltr'><strong>bona</strong></span> <span class='ocrx_word' id='word_1_111' title='bbox 768 848 937 880; x_wconf 85' lang='lat' dir='ltr'><strong>societate</strong></span> <span class='ocrx_word' id='word_1_112' title='bbox 961 845 1006 879; x_wconf 88' lang='lat' dir='ltr'><strong>ad</strong></span> <span class='ocrx_word' id='word_1_113' title='bbox 1031 846 1209 879; x_wconf 86' lang='lat' dir='ltr'><strong>mulierem</strong></span> <span class='ocrx_word' id='word_1_114' title='bbox 1246 846 1369 885; x_wconf 80' lang='lat' dir='ltr'><strong>rediit,</strong></span> <span class='ocrx_word' id='word_1_115' title='bbox 1408 857 1497 892; x_wconf 86' lang='lat' dir='ltr'><strong>quae</strong></span> 
     </span>
     <span class='ocr_line' id='line_1_13' title="bbox 104 911 1497 957; baseline -0.001 -10"><span class='ocrx_word' id='word_1_116' title='bbox 104 924 200 955; x_wconf 82' lang='lat' dir='ltr'><strong>mox,</strong></span> <span class='ocrx_word' id='word_1_117' title='bbox 226 917 264 947; x_wconf 90' lang='lat' dir='ltr'><strong>ut</strong></span> <span class='ocrx_word' id='word_1_118' title='bbox 287 912 395 954; x_wconf 79' lang='lat' dir='ltr'><strong>vidit,</strong></span> <span class='ocrx_word' id='word_1_119' title='bbox 421 914 488 947; x_wconf 87' lang='lat' dir='ltr'><strong>ait:</strong></span> <span class='ocrx_word' id='word_1_120' title='bbox 514 912 605 946; x_wconf 89' lang='lat' dir='ltr'><strong>latro</strong></span> <span class='ocrx_word' id='word_1_121' title='bbox 632 913 803 956; x_wconf 84' lang='lat' dir='ltr'><strong>pessime,</strong></span> <span class='ocrx_word' id='word_1_122' title='bbox 830 922 896 956; x_wconf 92' lang='lat' dir='ltr'><strong>quo</strong></span> <span class='ocrx_word' id='word_1_123' title='bbox 923 912 1047 945; x_wconf 75' lang='lat' dir='ltr'><strong>ivisti?</strong></span> <span class='ocrx_word' id='word_1_124' title='bbox 1097 911 1187 951; x_wconf 82' lang='lat' dir='ltr'><strong>Quid</strong></span> <span class='ocrx_word' id='word_1_125' title='bbox 1213 916 1286 954; x_wconf 86' lang='lat' dir='ltr'><strong>est,</strong></span> <span class='ocrx_word' id='word_1_126' title='bbox 1314 912 1406 957; x_wconf 87' lang='lat' dir='ltr'><strong>quod</strong></span> <span class='ocrx_word' id='word_1_127' title='bbox 1433 914 1497 947; x_wconf 88' lang='lat' dir='ltr'><strong>sub</strong></span> 
     </span>
     <span class='ocr_line' id='line_1_14' title="bbox 101 977 1496 1024; baseline -0.001 -11"><span class='ocrx_word' id='word_1_128' title='bbox 101 989 216 1024; x_wconf 84' lang='lat' dir='ltr'><strong>cappa</strong></span> <span class='ocrx_word' id='word_1_129' title='bbox 240 979 373 1014; x_wconf 81' lang='lat' dir='ltr'>occulte</span> <span class='ocrx_word' id='word_1_130' title='bbox 397 980 577 1024; x_wconf 82' lang='lat' dir='ltr'><strong>portasti?</strong></span> <span class='ocrx_word' id='word_1_131' title='bbox 623 978 705 1013; x_wconf 90' lang='lat' dir='ltr'><strong>Cum</strong></span> <span class='ocrx_word' id='word_1_132' title='bbox 732 982 843 1013; x_wconf 88' lang='lat' dir='ltr'><strong>autem</strong></span> <span class='ocrx_word' id='word_1_133' title='bbox 870 977 1040 1012; x_wconf 78' lang='lat' dir='ltr'>sacerdos</span> <span class='ocrx_word' id='word_1_134' title='bbox 1066 977 1309 1022; x_wconf 79' lang='lat' dir='ltr'><strong>adJurationes</strong></span> <span class='ocrx_word' id='word_1_135' title='bbox 1334 988 1416 1012; x_wconf 89' lang='lat' dir='ltr'><strong>suas</strong></span> <span class='ocrx_word' id='word_1_136' title='bbox 1443 978 1496 1013; x_wconf 83' lang='lat' dir='ltr'><strong>sa-</strong></span> 
     </span>
     <span class='ocr_line' id='line_1_15' title="bbox 101 1043 1496 1086; baseline -0.001 -7"><span class='ocrx_word' id='word_1_137' title='bbox 101 1049 198 1080; x_wconf 85' lang='lat' dir='ltr'><strong>ceret</strong></span> <span class='ocrx_word' id='word_1_138' title='bbox 223 1048 258 1079; x_wconf 88' lang='lat' dir='ltr'><strong>et</strong></span> <span class='ocrx_word' id='word_1_139' title='bbox 283 1045 334 1079; x_wconf 89' lang='lat' dir='ltr'><strong>nil</strong></span> <span class='ocrx_word' id='word_1_140' title='bbox 359 1045 551 1079; x_wconf 82' lang='lat' dir='ltr'><strong>curationis</strong></span> <span class='ocrx_word' id='word_1_141' title='bbox 579 1044 746 1086; x_wconf 79' lang='lat' dir='ltr'><strong>afferret,</strong></span> <span class='ocrx_word' id='word_1_142' title='bbox 780 1046 875 1079; x_wconf 86' lang='lat' dir='ltr'><strong>venit</strong></span> <span class='ocrx_word' id='word_1_143' title='bbox 902 1044 963 1078; x_wconf 86' lang='lat' dir='ltr'><strong>illa</strong></span> <span class='ocrx_word' id='word_1_144' title='bbox 988 1043 1031 1078; x_wconf 87' lang='lat' dir='ltr'><strong>ad</strong></span> <span class='ocrx_word' id='word_1_145' title='bbox 1057 1043 1196 1077; x_wconf 86' lang='lat' dir='ltr'><strong>beatum</strong></span> <span class='ocrx_word' id='word_1_146' title='bbox 1220 1043 1356 1078; x_wconf 87' lang='lat' dir='ltr'><strong>Petrum</strong></span> <span class='ocrx_word' id='word_1_147' title='bbox 1373 1071 1380 1080; x_wconf 82' lang='grc'>,</span> <span class='ocrx_word' id='word_1_148' title='bbox 1419 1043 1496 1077; x_wconf 90' lang='lat' dir='ltr'><strong>dum</strong></span> 
     </span>
     <span class='ocr_line' id='line_1_16' title="bbox 102 1109 1497 1155; baseline 0 -11"><span class='ocrx_word' id='word_1_149' title='bbox 102 1110 219 1145; x_wconf 81' lang='lat' dir='ltr'><strong>adhue</strong></span> <span class='ocrx_word' id='word_1_150' title='bbox 241 1112 398 1152; x_wconf 78' lang='lat' dir='ltr'><strong>viveret,</strong></span> <span class='ocrx_word' id='word_1_151' title='bbox 434 1110 478 1145; x_wconf 89' lang='lat' dir='ltr'><strong>ab</strong></span> <span class='ocrx_word' id='word_1_152' title='bbox 504 1121 546 1146; x_wconf 94' lang='lat' dir='ltr'><strong>eo</strong></span> <span class='ocrx_word' id='word_1_153' title='bbox 572 1110 758 1155; x_wconf 85' lang='lat' dir='ltr'><strong>postulans</strong></span> <span class='ocrx_word' id='word_1_154' title='bbox 783 1110 956 1155; x_wconf 81' lang='lat' dir='ltr'><strong>adjuvari.</strong></span> <span class='ocrx_word' id='word_1_155' title='bbox 1007 1110 1069 1144; x_wconf 83' lang='lat' dir='ltr'><strong>Cui</strong></span> <span class='ocrx_word' id='word_1_156' title='bbox 1095 1109 1154 1143; x_wconf 88' lang='lat' dir='ltr'><strong>ille</strong></span> <span class='ocrx_word' id='word_1_157' title='bbox 1180 1109 1386 1154; x_wconf 75' lang='lat' dir='ltr'><strong>prophetIca</strong></span> <span class='ocrx_word' id='word_1_158' title='bbox 1412 1120 1497 1144; x_wconf 85' lang='lat' dir='ltr'><strong>voce</strong></span> 
     </span>
     <span class='ocr_line' id='line_1_17' title="bbox 102 1175 1497 1221; baseline 0 -12"><span class='ocrx_word' id='word_1_159' title='bbox 102 1175 305 1221; x_wconf 88' lang='lat' dir='ltr'><strong>respondit:</strong></span> <span class='ocrx_word' id='word_1_160' title='bbox 330 1176 487 1220; x_wconf 83' lang='lat' dir='ltr'><strong>confide,</strong></span> <span class='ocrx_word' id='word_1_161' title='bbox 515 1176 611 1219; x_wconf 84' lang='lat' dir='ltr'><strong>filia,</strong></span> <span class='ocrx_word' id='word_1_162' title='bbox 646 1187 689 1211; x_wconf 91' lang='lat' dir='ltr'><strong>ne</strong></span> <span class='ocrx_word' id='word_1_163' title='bbox 726 1176 915 1221; x_wconf 78' lang='lat' dir='ltr'><strong>desperes,</strong></span> <span class='ocrx_word' id='word_1_164' title='bbox 954 1177 1036 1221; x_wconf 84' lang='lat' dir='ltr'><strong>quia</strong></span> <span class='ocrx_word' id='word_1_165' title='bbox 1060 1180 1095 1211; x_wconf 89' lang='lat' dir='ltr'><strong>et</strong></span> <span class='ocrx_word' id='word_1_166' title='bbox 1120 1177 1170 1218; x_wconf 86' lang='lat' dir='ltr'><strong>si,</strong></span> <span class='ocrx_word' id='word_1_167' title='bbox 1207 1175 1298 1221; x_wconf 91' lang='lat' dir='ltr'><strong>quod</strong></span> <span class='ocrx_word' id='word_1_168' title='bbox 1323 1175 1497 1220; x_wconf 74' lang='lat' dir='ltr'><strong>postulas,</strong></span> 
     </span>
     <span class='ocr_line' id='line_1_18' title="bbox 102 1240 1496 1288; baseline -0.001 -12"><span class='ocrx_word' id='word_1_169' title='bbox 102 1242 148 1276; x_wconf 82' lang='lat' dir='ltr'><strong>ad</strong></span> <span class='ocrx_word' id='word_1_170' title='bbox 182 1253 353 1287; x_wconf 85' lang='lat' dir='ltr'><strong>praesens</strong></span> <span class='ocrx_word' id='word_1_171' title='bbox 385 1242 554 1288; x_wconf 85' lang='lat' dir='ltr'><strong>perficere</strong></span> <span class='ocrx_word' id='word_1_172' title='bbox 587 1253 655 1276; x_wconf 91' lang='lat' dir='ltr'><strong>non</strong></span> <span class='ocrx_word' id='word_1_173' title='bbox 688 1241 811 1283; x_wconf 78' lang='lat' dir='ltr'><strong>valeo,</strong></span> <span class='ocrx_word' id='word_1_174' title='bbox 850 1245 985 1286; x_wconf 86' lang='lat' dir='ltr'><strong>tempus</strong></span> <span class='ocrx_word' id='word_1_175' title='bbox 1022 1246 1139 1276; x_wconf 84' lang='lat' dir='ltr'><strong>tamen</strong></span> <span class='ocrx_word' id='word_1_176' title='bbox 1170 1243 1304 1283; x_wconf 66' lang='lat' dir='ltr'><strong>veniet7</strong></span> <span class='ocrx_word' id='word_1_177' title='bbox 1341 1252 1409 1287; x_wconf 88' lang='lat' dir='ltr'><strong>quo</strong></span> <span class='ocrx_word' id='word_1_178' title='bbox 1449 1240 1496 1278; x_wconf 78' lang='lat' dir='ltr'><strong>id,</strong></span> 
     </span>
     <span class='ocr_line' id='line_1_19' title="bbox 102 1306 1495 1354; baseline -0.001 -12"><span class='ocrx_word' id='word_1_179' title='bbox 102 1308 196 1354; x_wconf 88' lang='lat' dir='ltr'><strong>quod</strong></span> <span class='ocrx_word' id='word_1_180' title='bbox 233 1319 254 1343; x_wconf 84' lang='lat' dir='ltr'><strong>a</strong></span> <span class='ocrx_word' id='word_1_181' title='bbox 288 1320 342 1343; x_wconf 89' lang='lat' dir='ltr'><strong>me</strong></span> <span class='ocrx_word' id='word_1_182' title='bbox 379 1311 492 1353; x_wconf 87' lang='lat' dir='ltr'><strong>petis,</strong></span> <span class='ocrx_word' id='word_1_183' title='bbox 529 1308 688 1354; x_wconf 80' lang='lat' dir='ltr'><strong>plenarie</strong></span> <span class='ocrx_word' id='word_1_184' title='bbox 726 1307 914 1342; x_wconf 81' lang='lat' dir='ltr'><strong>obtinebis.</strong></span> <span class='ocrx_word' id='word_1_185' title='bbox 964 1307 1063 1347; x_wconf 82' lang='lat' dir='ltr'><strong>Quod</strong></span> <span class='ocrx_word' id='word_1_186' title='bbox 1089 1312 1123 1342; x_wconf 86' lang='lat' dir='ltr'><strong>et</strong></span> <span class='ocrx_word' id='word_1_187' title='bbox 1147 1308 1273 1342; x_wconf 85' lang='lat' dir='ltr'><strong>factum</strong></span> <span class='ocrx_word' id='word_1_188' title='bbox 1299 1312 1363 1342; x_wconf 87' lang='lat' dir='ltr'><strong>est.</strong></span> <span class='ocrx_word' id='word_1_189' title='bbox 1411 1306 1495 1340; x_wconf 78' lang='lat' dir='ltr'><strong>Nam</strong></span> 
     </span>
     <span class='ocr_line' id='line_1_20' title="bbox 101 1373 1497 1419; baseline -0.001 -11"><span class='ocrx_word' id='word_1_190' title='bbox 101 1378 183 1418; x_wconf 89' lang='lat' dir='ltr'><strong>post</strong></span> <span class='ocrx_word' id='word_1_191' title='bbox 205 1375 406 1419; x_wconf 84' lang='lat' dir='ltr'><strong>passionem</strong></span> <span class='ocrx_word' id='word_1_192' title='bbox 431 1375 529 1419; x_wconf 87' lang='lat' dir='ltr'><strong>ejus,</strong></span> <span class='ocrx_word' id='word_1_193' title='bbox 558 1384 633 1408; x_wconf 81' lang='lat' dir='ltr'><strong>cum</strong></span> <span class='ocrx_word' id='word_1_194' title='bbox 659 1373 702 1407; x_wconf 87' lang='lat' dir='ltr'><strong>ad</strong></span> <span class='ocrx_word' id='word_1_195' title='bbox 731 1373 952 1418; x_wconf 83' lang='lat' dir='ltr'><strong>sepulchrum</strong></span> <span class='ocrx_word' id='word_1_196' title='bbox 980 1374 1056 1418; x_wconf 87' lang='lat' dir='ltr'><strong>ejus</strong></span> <span class='ocrx_word' id='word_1_197' title='bbox 1081 1373 1263 1417; x_wconf 86' lang='lat' dir='ltr'><strong>praedicta</strong></span> <span class='ocrx_word' id='word_1_198' title='bbox 1288 1373 1413 1408; x_wconf 88' lang='lat' dir='ltr'><strong>mulier</strong></span> <span class='ocrx_word' id='word_1_199' title='bbox 1438 1383 1497 1407; x_wconf 82' lang='lat' dir='ltr'><strong>ac—</strong></span> 
     </span>
     <span class='ocr_line' id='line_1_21' title="bbox 103 1439 1497 1484; baseline -0.001 -10"><span class='ocrx_word' id='word_1_200' title='bbox 103 1441 286 1482; x_wconf 80' lang='lat' dir='ltr'><strong>cessisset,</strong></span> <span class='ocrx_word' id='word_1_201' title='bbox 315 1440 358 1474; x_wconf 88' lang='lat' dir='ltr'><strong>ah</strong></span> <span class='ocrx_word' id='word_1_202' title='bbox 384 1440 446 1474; x_wconf 89' lang='lat' dir='ltr'><strong>illa</strong></span> <span class='ocrx_word' id='word_1_203' title='bbox 462 1440 689 1474; x_wconf 84' lang='lat' dir='ltr'><strong>infestatione</strong></span> <span class='ocrx_word' id='word_1_204' title='bbox 707 1439 911 1473; x_wconf 85' lang='lat' dir='ltr'><strong>daemonum</strong></span> <span class='ocrx_word' id='word_1_205' title='bbox 934 1439 998 1473; x_wconf 80' lang='lat' dir='ltr'><strong>suit</strong></span> <span class='ocrx_word' id='word_1_206' title='bbox 1017 1440 1155 1484; x_wconf 83' lang='lat' dir='ltr'><strong>penitus</strong></span> <span class='ocrx_word' id='word_1_207' title='bbox 1172 1439 1497 1474; x_wconf 73' lang='lat' dir='ltr'><strong>liberata.———-</strong></span> 
     </span>
     <span class='ocr_line' id='line_1_22' title="bbox 101 1503 1495 1552; baseline -0.003 -10"><span class='ocrx_word' id='word_1_208' title='bbox 101 1508 174 1542; x_wconf 77' lang='lat'><strong>15.</strong></span> <span class='ocrx_word' id='word_1_209' title='bbox 214 1505 346 1540; x_wconf 88' lang='lat' dir='ltr'><strong>Mulier</strong></span> <span class='ocrx_word' id='word_1_210' title='bbox 380 1506 551 1552; x_wconf 83' lang='lat' dir='ltr'><strong>quaedam</strong></span> <span class='ocrx_word' id='word_1_211' title='bbox 579 1507 716 1539; x_wconf 88' lang='lat' dir='ltr'><strong>nomine</strong></span> <span class='ocrx_word' id='word_1_212' title='bbox 741 1503 935 1549; x_wconf 88' lang='lat' dir='ltr'><strong>Euphemia</strong></span> <span class='ocrx_word' id='word_1_213' title='bbox 960 1505 1002 1539; x_wconf 93' lang='lat' dir='ltr'><strong>de</strong></span> <span class='ocrx_word' id='word_1_214' title='bbox 1028 1505 1107 1539; x_wconf 88' lang='lat' dir='ltr'><strong>loco</strong></span> <span class='ocrx_word' id='word_1_215' title='bbox 1135 1505 1331 1549; x_wconf 77' lang='lat' dir='ltr'><strong>Corriongo</strong></span> <span class='ocrx_word' id='word_1_216' title='bbox 1356 1504 1495 1540; x_wconf 82' lang='lat' dir='ltr'><strong>Medio-</strong></span> 
     </span>
     <span class='ocr_line' id='line_1_23' title="bbox 102 1570 1496 1617; baseline -0.001 -13"><span class='ocrx_word' id='word_1_217' title='bbox 102 1570 260 1613; x_wconf 81' lang='lat' dir='ltr'><strong>lanensis</strong></span> <span class='ocrx_word' id='word_1_218' title='bbox 284 1572 447 1617; x_wconf 71' lang='lat' dir='ltr'><strong>dyocesis</strong></span> <span class='ocrx_word' id='word_1_219' title='bbox 474 1576 608 1617; x_wconf 82' lang='lat' dir='ltr'><strong>septem</strong></span> <span class='ocrx_word' id='word_1_220' title='bbox 633 1572 733 1605; x_wconf 89' lang='lat' dir='ltr'><strong>annis</strong></span> <span class='ocrx_word' id='word_1_221' title='bbox 759 1581 780 1605; x_wconf 89' lang='lat' dir='ltr'><strong>a</strong></span> <span class='ocrx_word' id='word_1_222' title='bbox 807 1570 1035 1605; x_wconf 86' lang='lat' dir='ltr'><strong>daemonibus</strong></span> <span class='ocrx_word' id='word_1_223' title='bbox 1061 1574 1115 1605; x_wconf 89' lang='lat' dir='ltr'><strong>est</strong></span> <span class='ocrx_word' id='word_1_224' title='bbox 1138 1575 1288 1612; x_wconf 72' lang='lat' dir='ltr'><strong>vexata,</strong></span> <span class='ocrx_word' id='word_1_225' title='bbox 1324 1570 1386 1605; x_wconf 91' lang='lat' dir='ltr'><strong>sed</strong></span> <span class='ocrx_word' id='word_1_226' title='bbox 1422 1581 1496 1604; x_wconf 89' lang='lat' dir='ltr'><strong>cum</strong></span> 
     </span>
     <span class='ocr_line' id='line_1_24' title="bbox 102 1636 1496 1685; baseline -0.001 -13"><span class='ocrx_word' id='word_1_227' title='bbox 102 1637 148 1672; x_wconf 86' lang='lat' dir='ltr'><strong>ad</strong></span> <span class='ocrx_word' id='word_1_228' title='bbox 174 1637 395 1683; x_wconf 83' lang='lat' dir='ltr'><strong>sepulchrum</strong></span> <span class='ocrx_word' id='word_1_229' title='bbox 423 1639 534 1685; x_wconf 86' lang='lat' dir='ltr'><strong>sancti</strong></span> <span class='ocrx_word' id='word_1_230' title='bbox 559 1637 653 1672; x_wconf 84' lang='lat' dir='ltr'><strong>Petri</strong></span> <span class='ocrx_word' id='word_1_231' title='bbox 679 1637 782 1671; x_wconf 83' lang='lat' dir='ltr'><strong>ducta</strong></span> <span class='ocrx_word' id='word_1_232' title='bbox 809 1637 957 1679; x_wconf 84' lang='lat' dir='ltr'><strong>suisset,</strong></span> <span class='ocrx_word' id='word_1_233' title='bbox 990 1641 1181 1682; x_wconf 80' lang='lat' dir='ltr'><strong>coeperunt</strong></span> <span class='ocrx_word' id='word_1_234' title='bbox 1207 1636 1395 1671; x_wconf 89' lang='lat' dir='ltr'><strong>daemones</strong></span> <span class='ocrx_word' id='word_1_235' title='bbox 1422 1646 1496 1672; x_wconf 87' lang='lat' dir='ltr'><strong>eam</strong></span> 
     </span>
     <span class='ocr_line' id='line_1_25' title="bbox 102 1702 1497 1750; baseline -0.001 -13"><span class='ocrx_word' id='word_1_236' title='bbox 102 1703 252 1749; x_wconf 88' lang='lat' dir='ltr'><strong>amplius</strong></span> <span class='ocrx_word' id='word_1_237' title='bbox 284 1705 423 1750; x_wconf 85' lang='lat' dir='ltr'><strong>agitare</strong></span> <span class='ocrx_word' id='word_1_238' title='bbox 459 1707 493 1738; x_wconf 90' lang='lat' dir='ltr'><strong>et</strong></span> <span class='ocrx_word' id='word_1_239' title='bbox 518 1713 582 1748; x_wconf 87' lang='lat' dir='ltr'><strong>per</strong></span> <span class='ocrx_word' id='word_1_240' title='bbox 606 1713 647 1736; x_wconf 89' lang='lat' dir='ltr'><strong>os</strong></span> <span class='ocrx_word' id='word_1_241' title='bbox 673 1704 749 1748; x_wconf 86' lang='lat' dir='ltr'><strong>ejus</strong></span> <span class='ocrx_word' id='word_1_242' title='bbox 783 1705 916 1738; x_wconf 89' lang='lat' dir='ltr'><strong>cunctis</strong></span> <span class='ocrx_word' id='word_1_243' title='bbox 952 1703 1175 1737; x_wconf 84' lang='lat' dir='ltr'><strong>audientibus</strong></span> <span class='ocrx_word' id='word_1_244' title='bbox 1211 1702 1383 1737; x_wconf 85' lang='lat' dir='ltr'><strong>clamare:</strong></span> <span class='ocrx_word' id='word_1_245' title='bbox 1418 1702 1497 1738; x_wconf 88' lang='lat' dir='ltr'><strong>Ma—</strong></span> 
     </span>
     <span class='ocr_line' id='line_1_26' title="bbox 100 1767 1495 1813; baseline -0.001 -9"><span class='ocrx_word' id='word_1_246' title='bbox 100 1770 210 1813; x_wconf 87' lang='lat' dir='ltr'><strong>riola‚</strong></span> <span class='ocrx_word' id='word_1_247' title='bbox 243 1769 419 1812; x_wconf 76' lang='lat' dir='ltr'><strong>Maricla,</strong></span> <span class='ocrx_word' id='word_1_248' title='bbox 459 1767 621 1812; x_wconf 67' lang='lat' dir='ltr'><strong>Petrum,</strong></span> <span class='ocrx_word' id='word_1_249' title='bbox 655 1769 809 1804; x_wconf 89' lang='lat' dir='ltr'><strong>Petrine.</strong></span> <span class='ocrx_word' id='word_1_250' title='bbox 860 1768 959 1804; x_wconf 85' lang='lat' dir='ltr'><strong>Tunc</strong></span> <span class='ocrx_word' id='word_1_251' title='bbox 996 1769 1186 1803; x_wconf 85' lang='lat' dir='ltr'><strong>daemones</strong></span> <span class='ocrx_word' id='word_1_252' title='bbox 1221 1774 1388 1804; x_wconf 78' lang='lat' dir='ltr'><strong>exeuntes</strong></span> <span class='ocrx_word' id='word_1_253' title='bbox 1422 1779 1495 1804; x_wconf 87' lang='lat' dir='ltr'><strong>eam</strong></span> 
     </span>
     <span class='ocr_line' id='line_1_27' title="bbox 101 1834 1497 1880; baseline 0 -11"><span class='ocrx_word' id='word_1_254' title='bbox 101 1837 205 1880; x_wconf 85' lang='lat' dir='ltr'><strong>quasi</strong></span> <span class='ocrx_word' id='word_1_255' title='bbox 234 1839 404 1870; x_wconf 83' lang='lat' dir='ltr'><strong>mortuam</strong></span> <span class='ocrx_word' id='word_1_256' title='bbox 438 1834 666 1878; x_wconf 88' lang='lat' dir='ltr'><strong>dimiserunt,</strong></span> <span class='ocrx_word' id='word_1_257' title='bbox 701 1835 765 1870; x_wconf 88' lang='lat' dir='ltr'><strong>sed</strong></span> <span class='ocrx_word' id='word_1_258' title='bbox 804 1835 975 1870; x_wconf 86' lang='lat' dir='ltr'><strong>modicum</strong></span> <span class='ocrx_word' id='word_1_259' title='bbox 1009 1839 1090 1880; x_wconf 89' lang='lat' dir='ltr'><strong>post</strong></span> <span class='ocrx_word' id='word_1_260' title='bbox 1123 1835 1201 1869; x_wconf 89' lang='lat' dir='ltr'><strong>dum</strong></span> <span class='ocrx_word' id='word_1_261' title='bbox 1235 1834 1340 1879; x_wconf 86' lang='lat' dir='ltr'><strong>plene</strong></span> <span class='ocrx_word' id='word_1_262' title='bbox 1371 1839 1497 1870; x_wconf 80' lang='lat' dir='ltr'><strong>sanata</strong></span> 
     </span>
     <span class='ocr_line' id='line_1_28' title="bbox 100 1900 1497 1947; baseline 0 -12"><span class='ocrx_word' id='word_1_263' title='bbox 100 1901 185 1943; x_wconf 80' lang='lat' dir='ltr'><strong>fuit,</strong></span> <span class='ocrx_word' id='word_1_264' title='bbox 211 1903 375 1936; x_wconf 87' lang='lat' dir='ltr'><strong>surrexit.</strong></span> <span class='ocrx_word' id='word_1_265' title='bbox 422 1900 621 1936; x_wconf 89' lang='lat' dir='ltr'><strong>Asserehat</strong></span> <span class='ocrx_word' id='word_1_266' title='bbox 647 1906 760 1936; x_wconf 89' lang='lat' dir='ltr'><strong>autem</strong></span> <span class='ocrx_word' id='word_1_267' title='bbox 776 1929 784 1943; x_wconf 85' lang='lat'><strong>,</strong></span> <span class='ocrx_word' id='word_1_268' title='bbox 823 1900 916 1947; x_wconf 89' lang='lat' dir='ltr'><strong>quod</strong></span> <span class='ocrx_word' id='word_1_269' title='bbox 943 1901 1069 1936; x_wconf 89' lang='lat' dir='ltr'><strong>diebus</strong></span> <span class='ocrx_word' id='word_1_270' title='bbox 1096 1900 1277 1936; x_wconf 80' lang='lat' dir='ltr'><strong>dominIcis</strong></span> <span class='ocrx_word' id='word_1_271' title='bbox 1303 1906 1338 1936; x_wconf 87' lang='lat' dir='ltr'><strong>et</strong></span> <span class='ocrx_word' id='word_1_272' title='bbox 1359 1902 1497 1936; x_wconf 75' lang='lat' dir='ltr'><strong>festivis</strong></span> 
     </span>
     <span class='ocr_line' id='line_1_29' title="bbox 102 1965 1496 2012; baseline -0.001 -11"><span class='ocrx_word' id='word_1_273' title='bbox 102 1969 137 2001; x_wconf 86' lang='lat' dir='ltr'><strong>et</strong></span> <span class='ocrx_word' id='word_1_274' title='bbox 160 1967 327 2008; x_wconf 80' lang='lat' dir='ltr'><strong>maxime,</strong></span> <span class='ocrx_word' id='word_1_275' title='bbox 353 1965 493 2011; x_wconf 88' lang='lat' dir='ltr'><strong>quando</strong></span> <span class='ocrx_word' id='word_1_276' title='bbox 518 1968 629 2001; x_wconf 90' lang='lat' dir='ltr'><strong>missa</strong></span> <span class='ocrx_word' id='word_1_277' title='bbox 651 1967 910 2010; x_wconf 81' lang='lat' dir='ltr'><strong>celebrabatur,</strong></span> <span class='ocrx_word' id='word_1_278' title='bbox 936 1977 1011 2002; x_wconf 87' lang='lat' dir='ltr'><strong>eam</strong></span> <span class='ocrx_word' id='word_1_279' title='bbox 1037 1967 1226 2002; x_wconf 90' lang='lat' dir='ltr'><strong>daemones</strong></span> <span class='ocrx_word' id='word_1_280' title='bbox 1252 1967 1400 2012; x_wconf 89' lang='lat' dir='ltr'><strong>amplius</strong></span> <span class='ocrx_word' id='word_1_281' title='bbox 1422 1978 1496 2001; x_wconf 90' lang='lat' dir='ltr'><strong>mo-</strong></span> 
     </span>
     <span class='ocr_line' id='line_1_30' title="bbox 100 2031 1496 2076; baseline 0.001 -11"><span class='ocrx_word' id='word_1_282' title='bbox 100 2031 290 2066; x_wconf 84' lang='lat' dir='ltr'><strong>lestabant.</strong></span> <span class='ocrx_word' id='word_1_283' title='bbox 307 2051 351 2056; x_wconf 82' lang='lat'>—</span> <span class='ocrx_word' id='word_1_284' title='bbox 368 2051 412 2056; x_wconf 94' lang='lat'><strong>—</strong></span> <span class='ocrx_word' id='word_1_285' title='bbox 428 2052 472 2057; x_wconf 97' lang='lat'>—</span> <span class='ocrx_word' id='word_1_286' title='bbox 496 2035 572 2069; x_wconf 74' lang='lat'><strong>16.</strong></span> <span class='ocrx_word' id='word_1_287' title='bbox 599 2032 776 2072; x_wconf 86' lang='lat' dir='ltr'><strong>Quaedam</strong></span> <span class='ocrx_word' id='word_1_288' title='bbox 799 2033 924 2067; x_wconf 87' lang='lat' dir='ltr'><strong>mulier</strong></span> <span class='ocrx_word' id='word_1_289' title='bbox 946 2034 1085 2067; x_wconf 89' lang='lat' dir='ltr'><strong>nomine</strong></span> <span class='ocrx_word' id='word_1_290' title='bbox 1108 2032 1250 2067; x_wconf 79' lang='lat' dir='ltr'><strong>Verona</strong></span> <span class='ocrx_word' id='word_1_291' title='bbox 1268 2032 1310 2066; x_wconf 90' lang='lat' dir='ltr'><strong>de</strong></span> <span class='ocrx_word' id='word_1_292' title='bbox 1334 2031 1496 2076; x_wconf 83' lang='lat' dir='ltr'><strong>Beregno</strong></span> 
     </span>
     <span class='ocr_line' id='line_1_31' title="bbox 99 2096 1497 2143; baseline -0.001 -11"><span class='ocrx_word' id='word_1_293' title='bbox 99 2108 164 2143; x_wconf 90' lang='lat' dir='ltr'><strong>per</strong></span> <span class='ocrx_word' id='word_1_294' title='bbox 187 2096 233 2132; x_wconf 80' lang='lat' dir='ltr'><strong>VI</strong></span> <span class='ocrx_word' id='word_1_295' title='bbox 256 2107 367 2131; x_wconf 90' lang='lat' dir='ltr'><strong>annos</strong></span> <span class='ocrx_word' id='word_1_296' title='bbox 394 2107 415 2131; x_wconf 89' lang='lat' dir='ltr'><strong>a</strong></span> <span class='ocrx_word' id='word_1_297' title='bbox 440 2096 668 2132; x_wconf 87' lang='lat' dir='ltr'><strong>daemonibus</strong></span> <span class='ocrx_word' id='word_1_298' title='bbox 694 2099 831 2143; x_wconf 83' lang='lat' dir='ltr'><strong>agitata</strong></span> <span class='ocrx_word' id='word_1_299' title='bbox 855 2108 931 2132; x_wconf 85' lang='lat' dir='ltr'><strong>eum</strong></span> <span class='ocrx_word' id='word_1_300' title='bbox 956 2097 1001 2132; x_wconf 87' lang='lat' dir='ltr'><strong>ad</strong></span> <span class='ocrx_word' id='word_1_301' title='bbox 1026 2097 1248 2142; x_wconf 84' lang='lat' dir='ltr'><strong>sepulchrum</strong></span> <span class='ocrx_word' id='word_1_302' title='bbox 1265 2098 1376 2131; x_wconf 84' lang='lat' dir='ltr'><strong>sancti</strong></span> <span class='ocrx_word' id='word_1_303' title='bbox 1402 2096 1497 2131; x_wconf 90' lang='lat' dir='ltr'><strong>Petri</strong></span> 
     </span>
     <span class='ocr_line' id='line_1_32' title="bbox 99 2162 1497 2208; baseline 0 -12"><span class='ocrx_word' id='word_1_304' title='bbox 99 2162 227 2198; x_wconf 80' lang='lat' dir='ltr'><strong>suisset</strong></span> <span class='ocrx_word' id='word_1_305' title='bbox 252 2163 425 2206; x_wconf 81' lang='lat' dir='ltr'><strong>adducta,</strong></span> <span class='ocrx_word' id='word_1_306' title='bbox 450 2164 510 2197; x_wconf 67' lang='lat' dir='ltr'><strong>vix</strong></span> <span class='ocrx_word' id='word_1_307' title='bbox 537 2173 558 2198; x_wconf 88' lang='lat' dir='ltr'><strong>a</strong></span> <span class='ocrx_word' id='word_1_308' title='bbox 578 2163 694 2197; x_wconf 84' lang='lat' dir='ltr'><strong>multis</strong></span> <span class='ocrx_word' id='word_1_309' title='bbox 721 2164 804 2197; x_wconf 87' lang='lat' dir='ltr'><strong>viris</strong></span> <span class='ocrx_word' id='word_1_310' title='bbox 829 2163 980 2198; x_wconf 86' lang='lat' dir='ltr'><strong>detineri</strong></span> <span class='ocrx_word' id='word_1_311' title='bbox 1003 2167 1161 2208; x_wconf 84' lang='lat' dir='ltr'><strong>poterat,</strong></span> <span class='ocrx_word' id='word_1_312' title='bbox 1187 2164 1278 2198; x_wconf 85' lang='lat' dir='ltr'><strong>inter</strong></span> <span class='ocrx_word' id='word_1_313' title='bbox 1303 2173 1391 2208; x_wconf 84' lang='lat' dir='ltr'><strong>quos</strong></span> <span class='ocrx_word' id='word_1_314' title='bbox 1421 2166 1497 2197; x_wconf 87' lang='lat' dir='ltr'><strong>erat</strong></span> 
     </span>
     <span class='ocr_line' id='line_1_33' title="bbox 100 2227 1496 2273; baseline 0.001 -12"><span class='ocrx_word' id='word_1_315' title='bbox 100 2227 240 2273; x_wconf 88' lang='lat' dir='ltr'><strong>quidam</strong></span> <span class='ocrx_word' id='word_1_316' title='bbox 262 2228 409 2264; x_wconf 83' lang='lat' dir='ltr'><strong>credens</strong></span> <span class='ocrx_word' id='word_1_317' title='bbox 432 2228 687 2265; x_wconf 83' lang='lat' dir='ltr'><strong>haereticorum</strong></span> <span class='ocrx_word' id='word_1_318' title='bbox 705 2256 713 2271; x_wconf 89' lang='lat'><strong>,</strong></span> <span class='ocrx_word' id='word_1_319' title='bbox 746 2231 884 2265; x_wconf 88' lang='lat' dir='ltr'><strong>nomine</strong></span> <span class='ocrx_word' id='word_1_320' title='bbox 920 2228 1101 2263; x_wconf 87' lang='lat' dir='ltr'><strong>Conradus</strong></span> <span class='ocrx_word' id='word_1_321' title='bbox 1126 2228 1169 2263; x_wconf 87' lang='lat' dir='ltr'><strong>de</strong></span> <span class='ocrx_word' id='word_1_322' title='bbox 1194 2228 1373 2263; x_wconf 88' lang='lat' dir='ltr'><strong>Ladriano</strong></span> <span class='ocrx_word' id='word_1_323' title='bbox 1390 2256 1398 2271; x_wconf 87' lang='lat'><strong>,</strong></span> <span class='ocrx_word' id='word_1_324' title='bbox 1438 2229 1496 2273; x_wconf 87' lang='lat' dir='ltr'><strong>qui</strong></span> 
     </span>
    </p>
   </div>
   <div class='ocr_carea' id='block_1_3' title="bbox 99 2292 1550 2338">
    <p class='ocr_par' dir='ltr' id='par_1_4' title="bbox 99 2292 1550 2338">
     <span class='ocr_line' id='line_1_34' title="bbox 99 2292 1550 2338; baseline 0.001 -12"><span class='ocrx_word' id='word_1_325' title='bbox 99 2293 182 2327; x_wconf 89' lang='lat' dir='ltr'><strong>illuc</strong></span> <span class='ocrx_word' id='word_1_326' title='bbox 208 2292 418 2336; x_wconf 85' lang='lat' dir='ltr'><strong>advenerat,</strong></span> <span class='ocrx_word' id='word_1_327' title='bbox 455 2298 495 2328; x_wconf 88' lang='lat' dir='ltr'><strong>ut</strong></span> <span class='ocrx_word' id='word_1_328' title='bbox 517 2296 631 2329; x_wconf 85' lang='lat' dir='ltr'><strong>saneti</strong></span> <span class='ocrx_word' id='word_1_329' title='bbox 654 2295 749 2330; x_wconf 85' lang='lat' dir='ltr'><strong>Petri</strong></span> <span class='ocrx_word' id='word_1_330' title='bbox 771 2294 939 2330; x_wconf 85' lang='lat' dir='ltr'><strong>miracula</strong></span> <span class='ocrx_word' id='word_1_331' title='bbox 963 2294 1151 2329; x_wconf 87' lang='lat' dir='ltr'><strong>derideret.</strong></span> <span class='ocrx_word' id='word_1_332' title='bbox 1202 2294 1269 2335; x_wconf 86' lang='lat' dir='ltr'><strong>Qui</strong></span> <span class='ocrx_word' id='word_1_333' title='bbox 1291 2305 1365 2328; x_wconf 89' lang='lat' dir='ltr'><strong>cum</strong></span> <span class='ocrx_word' id='word_1_334' title='bbox 1390 2303 1496 2338; x_wconf 85' lang='lat' dir='ltr'><strong>prae-</strong></span> <span class='ocrx_word' id='word_1_335' title='bbox 1543 2302 1550 2313; x_wconf 73' lang='lat'><strong>¹</strong></span> 
     </span>
    </p>
   </div>
   <div class='ocr_carea' id='block_1_4' title="bbox 62 2358 1495 2733">
    <p class='ocr_par' dir='ltr' id='par_1_5' title="bbox 62 2358 1495 2733">
     <span class='ocr_line' id='line_1_35' title="bbox 100 2358 1495 2403; baseline 0.001 -11"><span class='ocrx_word' id='word_1_336' title='bbox 100 2358 229 2393; x_wconf 82' lang='lat' dir='ltr'><strong>dictam</strong></span> <span class='ocrx_word' id='word_1_337' title='bbox 252 2358 430 2394; x_wconf 87' lang='lat' dir='ltr'><strong>mulierem</strong></span> <span class='ocrx_word' id='word_1_338' title='bbox 455 2370 531 2395; x_wconf 83' lang='lat' dir='ltr'><strong>cum</strong></span> <span class='ocrx_word' id='word_1_339' title='bbox 554 2362 706 2397; x_wconf 88' lang='lat' dir='ltr'><strong>caeteris</strong></span> <span class='ocrx_word' id='word_1_340' title='bbox 731 2361 925 2403; x_wconf 89' lang='lat' dir='ltr'><strong>detineret,</strong></span> <span class='ocrx_word' id='word_1_341' title='bbox 965 2360 1152 2395; x_wconf 88' lang='lat' dir='ltr'><strong>daemones</strong></span> <span class='ocrx_word' id='word_1_342' title='bbox 1181 2361 1294 2394; x_wconf 85' lang='lat' dir='ltr'><strong>eidem</strong></span> <span class='ocrx_word' id='word_1_343' title='bbox 1327 2369 1390 2403; x_wconf 85' lang='lat' dir='ltr'><strong>per</strong></span> <span class='ocrx_word' id='word_1_344' title='bbox 1421 2369 1495 2394; x_wconf 84' lang='lat' dir='ltr'><strong>mu-</strong></span> 
     </span>
     <span class='ocr_line' id='line_1_36' title="bbox 98 2423 1495 2470; baseline 0.001 -12"><span class='ocrx_word' id='word_1_345' title='bbox 98 2424 220 2459; x_wconf 87' lang='lat' dir='ltr'><strong>lierem</strong></span> <span class='ocrx_word' id='word_1_346' title='bbox 244 2423 426 2458; x_wconf 84' lang='lat' dir='ltr'><strong>dixerunt:</strong></span> <span class='ocrx_word' id='word_1_347' title='bbox 450 2435 512 2459; x_wconf 87' lang='lat' dir='ltr'><strong>cur</strong></span> <span class='ocrx_word' id='word_1_348' title='bbox 532 2430 632 2461; x_wconf 86' lang='lat' dir='ltr'><strong>tenes</strong></span> <span class='ocrx_word' id='word_1_349' title='bbox 657 2436 745 2470; x_wconf 83' lang='lat' dir='ltr'><strong>nos,</strong></span> <span class='ocrx_word' id='word_1_350' title='bbox 770 2437 884 2460; x_wconf 89' lang='lat' dir='ltr'><strong>nonne</strong></span> <span class='ocrx_word' id='word_1_351' title='bbox 904 2429 1027 2460; x_wconf 88' lang='lat' dir='ltr'><strong>noster</strong></span> <span class='ocrx_word' id='word_1_352' title='bbox 1048 2435 1084 2459; x_wconf 89' lang='lat' dir='ltr'><strong>es</strong></span> <span class='ocrx_word' id='word_1_353' title='bbox 1096 2426 1115 2459; x_wconf 73' lang='lat'><strong>&#39;?</strong></span> <span class='ocrx_word' id='word_1_354' title='bbox 1161 2423 1283 2459; x_wconf 87' lang='lat' dir='ltr'><strong>Nonne</strong></span> <span class='ocrx_word' id='word_1_355' title='bbox 1309 2429 1344 2459; x_wconf 86' lang='lat' dir='ltr'><strong>te</strong></span> <span class='ocrx_word' id='word_1_356' title='bbox 1369 2425 1414 2459; x_wconf 86' lang='lat' dir='ltr'><strong>ad</strong></span> <span class='ocrx_word' id='word_1_357' title='bbox 1437 2428 1495 2459; x_wconf 86' lang='lat' dir='ltr'><strong>ta-</strong></span> 
     </span>
     <span class='ocr_line' id='line_1_37' title="bbox 98 2488 1494 2535; baseline 0.001 -11"><span class='ocrx_word' id='word_1_358' title='bbox 98 2488 166 2525; x_wconf 90' lang='lat' dir='ltr'><strong>lem</strong></span> <span class='ocrx_word' id='word_1_359' title='bbox 195 2490 310 2525; x_wconf 88' lang='lat' dir='ltr'><strong>locum</strong></span> <span class='ocrx_word' id='word_1_360' title='bbox 340 2490 557 2535; x_wconf 84' lang='lat' dir='ltr'><strong>portavimus</strong></span> <span class='ocrx_word' id='word_1_361' title='bbox 591 2491 704 2534; x_wconf 31' lang='lat' dir='ltr'><strong>et-ibi</strong></span> <span class='ocrx_word' id='word_1_362' title='bbox 732 2491 804 2526; x_wconf 86' lang='lat' dir='ltr'><strong>tale</strong></span> <span class='ocrx_word' id='word_1_363' title='bbox 830 2490 1054 2526; x_wconf 88' lang='lat' dir='ltr'><strong>homicidium</strong></span> <span class='ocrx_word' id='word_1_364' title='bbox 1083 2491 1326 2535; x_wconf 77' lang='lat' dir='ltr'><strong>perpetrasti?</strong></span> <span class='ocrx_word' id='word_1_365' title='bbox 1372 2489 1494 2526; x_wconf 82' lang='lat' dir='ltr'><strong>Nonne</strong></span> 
     </span>
     <span class='ocr_line' id='line_1_38' title="bbox 97 2554 1493 2602; baseline 0 -12"><span class='ocrx_word' id='word_1_366' title='bbox 97 2559 134 2590; x_wconf 87' lang='lat' dir='ltr'><strong>te</strong></span> <span class='ocrx_word' id='word_1_367' title='bbox 173 2555 218 2590; x_wconf 89' lang='lat' dir='ltr'><strong>ad</strong></span> <span class='ocrx_word' id='word_1_368' title='bbox 249 2555 356 2591; x_wconf 87' lang='lat' dir='ltr'><strong>talem</strong></span> <span class='ocrx_word' id='word_1_369' title='bbox 392 2559 427 2591; x_wconf 88' lang='lat' dir='ltr'><strong>et</strong></span> <span class='ocrx_word' id='word_1_370' title='bbox 455 2555 562 2591; x_wconf 86' lang='lat' dir='ltr'><strong>talem</strong></span> <span class='ocrx_word' id='word_1_371' title='bbox 596 2556 709 2591; x_wconf 89' lang='lat' dir='ltr'><strong>locum</strong></span> <span class='ocrx_word' id='word_1_372' title='bbox 743 2557 903 2591; x_wconf 86' lang='lat' dir='ltr'><strong>duximus</strong></span> <span class='ocrx_word' id='word_1_373' title='bbox 931 2559 967 2591; x_wconf 87' lang='lat' dir='ltr'><strong>et</strong></span> <span class='ocrx_word' id='word_1_374' title='bbox 992 2556 1044 2590; x_wconf 77' lang='lat' dir='ltr'><strong>ihi</strong></span> <span class='ocrx_word' id='word_1_375' title='bbox 1068 2554 1140 2590; x_wconf 86' lang='lat' dir='ltr'><strong>tale</strong></span> <span class='ocrx_word' id='word_1_376' title='bbox 1166 2559 1201 2590; x_wconf 88' lang='lat' dir='ltr'><strong>et</strong></span> <span class='ocrx_word' id='word_1_377' title='bbox 1225 2556 1297 2591; x_wconf 88' lang='lat' dir='ltr'><strong>tale</strong></span> <span class='ocrx_word' id='word_1_378' title='bbox 1322 2556 1493 2602; x_wconf 85' lang='lat' dir='ltr'><strong>flagitium</strong></span> 
     </span>
     <span class='ocr_line' id='line_1_39' title="bbox 98 2620 1492 2668; baseline -0.001 -12"><span class='ocrx_word' id='word_1_379' title='bbox 98 2622 333 2658; x_wconf 78' lang='lat' dir='ltr'><strong>commisisti?</strong></span> <span class='ocrx_word' id='word_1_380' title='bbox 381 2620 534 2667; x_wconf 87' lang='lat' dir='ltr'><strong>Cumque</strong></span> <span class='ocrx_word' id='word_1_381' title='bbox 556 2622 665 2657; x_wconf 87' lang='lat' dir='ltr'><strong>multa</strong></span> <span class='ocrx_word' id='word_1_382' title='bbox 691 2626 837 2667; x_wconf 83' lang='lat' dir='ltr'><strong>peccata</strong></span> <span class='ocrx_word' id='word_1_383' title='bbox 861 2621 931 2657; x_wconf 89' lang='lat' dir='ltr'><strong>sibi</strong></span> <span class='ocrx_word' id='word_1_384' title='bbox 956 2621 1123 2665; x_wconf 81' lang='lat' dir='ltr'><strong>dicerent,</strong></span> <span class='ocrx_word' id='word_1_385' title='bbox 1151 2631 1241 2668; x_wconf 86' lang='lat' dir='ltr'><strong>quae</strong></span> <span class='ocrx_word' id='word_1_386' title='bbox 1260 2621 1376 2656; x_wconf 90' lang='lat' dir='ltr'><strong>nullus</strong></span> <span class='ocrx_word' id='word_1_387' title='bbox 1402 2622 1492 2656; x_wconf 90' lang='lat' dir='ltr'><strong>alius</strong></span> 
     </span>
     <span class='ocr_line' id='line_1_40' title="bbox 62 2687 1492 2733; baseline 0.001 -13"><span class='ocrx_word' id='word_1_388' title='bbox 62 2727 68 2731; x_wconf 75' lang='lat'><em>,</em></span> <span class='ocrx_word' id='word_1_389' title='bbox 97 2687 168 2721; x_wconf 89' lang='lat' dir='ltr'><strong>nisi</strong></span> <span class='ocrx_word' id='word_1_390' title='bbox 188 2688 266 2732; x_wconf 89' lang='lat' dir='ltr'><strong>ipse</strong></span> <span class='ocrx_word' id='word_1_391' title='bbox 292 2687 389 2723; x_wconf 89' lang='lat' dir='ltr'><strong>solus</strong></span> <span class='ocrx_word' id='word_1_392' title='bbox 417 2687 571 2731; x_wconf 84' lang='lat' dir='ltr'><strong>sciehat,</strong></span> <span class='ocrx_word' id='word_1_393' title='bbox 610 2687 835 2725; x_wconf 74' lang='lat' dir='ltr'><strong>vehementer</strong></span> <span class='ocrx_word' id='word_1_394' title='bbox 859 2688 1020 2733; x_wconf 78' lang='lat' dir='ltr'><strong>expavit:</strong></span> <span class='ocrx_word' id='word_1_395' title='bbox 1053 2697 1134 2723; x_wconf 82' lang='lat' dir='ltr'><strong>mox</strong></span> <span class='ocrx_word' id='word_1_396' title='bbox 1165 2691 1280 2724; x_wconf 80' lang='lat' dir='ltr'><strong>autem</strong></span> <span class='ocrx_word' id='word_1_397' title='bbox 1305 2688 1492 2724; x_wconf 87' lang='lat' dir='ltr'><strong>daemones</strong></span> 
     </span>
    </p>
   </div>
  </div>
 </body>
</html>
