1742 3005
271 132 352 171 724
572 134 669 181 Cap.
702 130 853 169 CLXll.
904 131 963 169 De
997 131 1172 169 omnibus
1203 133 1354 169 sanctis.

269 238 404 272 scilicet
429 237 597 280 patientia
624 234 876 278 adversorum,
910 235 1002 271 unde
1028 235 1131 271 dicit:
1163 237 1238 271 stne
1274 236 1366 271 terro
1391 238 1552 272 martires
1580 245 1659 271 esse

270 311 471 346 possumus,
507 302 535 334 si
564 301 766 345 patientiam
794 302 828 335 in
854 302 968 336 auimo
996 302 1170 336 veraciter
1194 301 1426 345 custodimus,
1460 302 1660 348 compassio

268 367 497 408 afflictorum,
526 366 616 400 uude
642 365 745 400 dicit:
780 368 838 412 qui
864 367 1019 401 dolorem
1047 366 1190 402 exhibet
1223 367 1256 400 in
1294 366 1411 402 aliena
1435 369 1660 409 necessitate,

269 442 405 472 crucem
438 436 556 477 portat
591 434 625 466 in
660 436 794 475 mente,
838 432 981 468 dilectio
1017 434 1255 474 inimicoriun,
1298 432 1390 467 unde
1419 432 1526 467 dicit:
1570 433 1662 468 serre

270 497 523 539 contumelias,
562 497 735 532 odientem
771 498 943 545 diligere,
979 500 1167 533 martirium
1207 501 1260 532 est
1293 499 1326 532 in
1359 498 1499 533 occulta
1526 499 1662 544 cogita-

269 565 376 598 tione.
427 563 587 598 Secundo
624 563 776 605 utiliter3
810 575 900 610 quae
935 564 1072 598 utilitas
1109 575 1150 599 ex
1176 568 1275 609 parte
1304 553 1459 610 ipsorum
1486 564 1662 598 martirum

271 634 325 663 est
351 630 500 663 onmium
528 633 751 675 peccatorum
778 631 960 672 remissio,
999 632 1197 665 meritorum
1225 630 1412 665 cumulatio
1438 635 1473 665 et
1497 633 1664 664 aeternae

271 695 410 741 gloriae
446 697 637 740 perceptio.
686 694 757 730 Ista
792 698 905 741 pretio
944 698 997 731 sui
1033 699 1219 743 sanguinis
1247 698 1314 732 sibi
1341 701 1495 732 emerunt
1521 699 1555 731 et
1583 694 1664 729 ideo

272 772 389 795 eorum
417 763 564 807 sanguis
593 761 719 795 dicitur
746 763 945 806 pretiosus,
978 761 1014 795 id
1049 767 1102 797 est
1135 765 1248 807 pretio
1283 764 1419 808 plenus,
1468 762 1517 796 De
1546 763 1664 805 primo

273 831 307 860 vt
333 826 487 860 secundo
524 826 608 860 dicit
643 827 862 872 Augustinus
897 826 939 862 de
974 828 1117 862 civitate
1151 828 1235 863 Dei:
1268 829 1349 873 quid
1382 833 1435 862 est
1472 828 1664 872 pretiosius

274 902 376 937 quam
407 903 512 935 mors,
541 896 687 937 propter
712 903 812 938 quam
840 892 969 927 delicta
996 895 1216 928 remittuntur
1242 898 1277 928 et
1293 895 1416 928 merita
1435 893 1664 928 cumulantur.

274 958 366 992 Idem
397 968 504 1003 super
529 957 740 993 Johannem:
776 960 952 1003 pretiosus
991 963 1044 993 est
1075 961 1221 1005 sanguis
1248 959 1376 994 Christi
1403 960 1479 993 sine
1507 961 1665 1003 peccato,

276 1023 359 1058 fecit
389 1028 505 1058 tamen
541 1025 616 1068 ipse
651 1025 754 1058 ctiam
789 1034 929 1059 suorum
959 1027 1166 1070 sanguinem
1199 1026 1389 1070 pretiosum
1450 1035 1512 1070 pro
1540 1022 1667 1069 quibus

1406 1053 1414 1068 ⁷

276 1089 372 1123 dedit
389 1090 593 1135 sanguinem
616 1091 648 1123 iu
671 1091 828 1134 pretium.
865 1090 949 1124 Nam
970 1091 998 1124 si
1021 1100 1199 1125 servorum
1219 1093 1424 1136 sanguinem
1447 1101 1515 1124 uon
1534 1089 1668 1123 taceret

278 1156 490 1199 pretiosum,
525 1166 592 1189 non
626 1155 802 1190 diceretur
835 1158 993 1200 pretiosa
1027 1157 1062 1190 in
1095 1161 1285 1201 conspectu
1313 1156 1442 1190 domini
1470 1160 1534 1190 etc.
1582 1154 1667 1189 Item

278 1220 495 1265 Cyprianus:
533 1222 724 1254 martirium
753 1224 807 1255 cst
833 1220 1038 1256 delictorum
1072 1222 1167 1263 linis,
1203 1222 1346 1267 periculi
1382 1216 1565 1256 terminus,
1598 1219 1666 1253 dux

278 1286 424 1328 salutis,
458 1288 650 1331 patientiae
683 1288 870 1332 magister,
915 1287 1036 1322 domus
1073 1289 1177 1322 vitae.
1227 1288 1275 1322 De
1310 1289 1413 1322 tertio
1448 1284 1666 1321 Bernardus:

276 1354 346 1386 tria
372 1356 471 1395 sunt,
507 1362 596 1398 quae
622 1357 764 1387 mortem
792 1357 988 1388 sauctorum
1019 1353 1149 1388 faciunt
1183 1355 1391 1398 pretiosam,
1424 1354 1521 1398 quies
1559 1361 1579 1384 a
1613 1350 1662 1384 la,-

278 1418 387 1461 hore,
423 1418 590 1465 gaudium
629 1418 672 1453 de
708 1420 882 1461 novitate,
925 1421 1098 1454 securitas
1132 1419 1174 1453 de
1209 1420 1431 1454 aeternitate.
1479 1417 1528 1451 Ex
1568 1419 1667 1461 parte

279 1489 401 1518 nostra
435 1484 564 1529 duplex
597 1489 651 1519 est
684 1485 837 1526 utilitas,
871 1486 952 1530 quia
988 1485 1059 1519 dati
1093 1489 1173 1520 suut
1207 1484 1309 1519 nobis
1344 1486 1376 1518 in
1410 1483 1589 1528 exemplar
1624 1481 1667 1516 ad

279 1550 492 1584 certandum.
552 1550 840 1595 Chrysostomus:
881 1554 915 1585 tu
947 1551 1159 1594 christiane,
1199 1551 1372 1585 delicatus
1409 1560 1446 1585 es
1481 1549 1600 1590 miles,
1637 1549 1668 1582 si

280 1621 383 1662 putas
416 1619 449 1651 te
482 1626 589 1660 posse
624 1618 698 1651 sine
734 1627 851 1662 pugna
891 1620 1051 1660 vincere,
1096 1619 1171 1652 sine
1214 1617 1403 1651 certamine
1441 1614 1668 1660 triumphare,

281 1694 409 1718 exerce
443 1683 537 1717 vires
573 1682 730 1724 sortiter,
765 1682 894 1717 dimica
926 1685 1115 1726 atrociter,
1152 1685 1184 1717 in
1219 1683 1354 1728 proelio
1390 1684 1458 1717 isto
1492 1683 1668 1721 concerta,

279 1748 469 1783 considera
493 1751 652 1793 pactum,
693 1747 927 1782 conditionem
969 1749 1132 1792 attende,
1168 1750 1322 1783 militiam
1357 1758 1481 1789 nosce3
1518 1749 1667 1792 pactum,

281 1814 375 1860 quod
410 1813 654 1859 spopondisti,
692 1812 951 1856 conditionem,
995 1824 1095 1859 quam
1130 1815 1351 1856 assumsisti,
1394 1814 1570 1854 militiam,
1613 1811 1669 1844 cui

281 1890 404 1914 nomen
439 1879 581 1913 dedisti.
632 1878 703 1912 Hoc
735 1879 823 1912 enim
861 1884 962 1923 pacto
997 1881 1111 1914 cuncti
1146 1882 1408 1924 pugnaverunt,
1455 1877 1519 1911 liae
1546 1875 1668 1910 condi-

280 1947 376 1979 tione
408 1945 563 1978 uuivcrsi
596 1945 773 1987 vicerunt,
818 1944 884 1979 hac
917 1945 1041 1979 militia
1073 1944 1382 1990 triumpllaverunt.
1432 1943 1522 1977 llaec
1559 1941 1667 1986 Clu-5-

280 2014 468 2045 sostomus.
519 2010 682 2044 Secundo
720 2010 792 2044 dati
831 2015 912 2044 sunt
947 2010 1049 2044 nobis
1082 2013 1114 2044 in
1148 2015 1315 2055 patronos
1350 2009 1392 2043 ad
1419 2007 1668 2047 auxiliandum,

281 2076 450 2121 adjuvant
485 2078 572 2109 enim
608 2086 671 2109 nos
707 2080 741 2109 et
773 2078 904 2110 mentis
941 2079 1014 2110 suis
1040 2080 1074 2111 et
1100 2075 1319 2110 orationibus
1345 2076 1430 2109 suis.
1482 2073 1532 2107 De
1558 2073 1668 2117 primo

280 2143 516 2188 Augustinus:
555 2152 574 2175 ο
608 2142 775 2175 immensa
811 2141 875 2176 Dei
915 2143 1047 2187 pietas,
1085 2144 1262 2176 martirum
1295 2143 1417 2176 merita
1453 2144 1573 2174 nostra
1599 2138 1670 2173 vult

280 2218 360 2243 esse
384 2207 568 2252 suffragia,
595 2207 675 2240 illos
704 2209 891 2248 examinat,
920 2199 1043 2242 ut'nos
1068 2208 1217 2251 erudiat,
1246 2208 1326 2242 illos
1352 2207 1518 2247 conterit,
1545 2208 1579 2239 ut
1605 2214 1668 2238 uos

281 2274 455 2319 acquirat,
485 2273 620 2306 illorum
648 2275 825 2308 cruciatus
847 2278 987 2308 nostros
1010 2275 1081 2308 vult
1101 2285 1179 2309 csse
1202 2273 1393 2320 profectus.
1443 2271 1493 2306 Dc
1513 2269 1667 2305 secundo

280 2338 506 2383 Hieronymus
542 2343 662 2373 contra
696 2338 940 2385 Vigilantiam:
981 2341 1010 2375 si
1038 2340 1191 2386 apostoli
1229 2343 1263 2374 et
1295 2339 1454 2373 martires
1486 2335 1599 2370 adhuc
1635 2336 1667 2368 in

281 2416 430 2449 corpore
446 2406 550 2449 positi
571 2409 717 2448 possunt
733 2414 836 2439 orare
855 2416 917 2450 pro
939 2407 1101 2449 caeteris,
1130 2405 1269 2452 quando
1293 2404 1335 2440 de
1353 2415 1391 2439 se
1415 2402 1529 2438 adhuc
1558 2400 1664 2436 debc-

281 2476 357 2506 rcnt
373 2481 453 2505 esse
470 2470 626 2512 solliciti,
654 2474 782 2516 quanto
802 2473 914 2517 magis
937 2476 1016 2516 post
1036 2482 1197 2514 coronas,
1218 2472 1382 2505 victorias
1406 2474 1440 2504 et
1455 2465 1664 2511 triumphos!

281 2536 372 2570 linus
400 2536 501 2570 liomo
521 2536 663 2579 Moyses
689 2537 888 2580 impetravit
907 2539 1038 2572 veniam
1057 2547 1077 2572 a
1096 2537 1169 2572 Deo
1186 2537 1359 2572 sexcentis
1380 2534 1531 2569 millibus
1551 2540 1664 2564 arma2

281 2605 391 2635 torum
412 2606 444 2636 et
463 2601 662 2646 Stephanus
683 2601 828 2643 ¹)Paulo
847 2607 879 2637 et
897 2604 1012 2638 multis
1033 2605 1114 2638 aliis
1130 2604 1263 2639 veniam
1283 2601 1450 2640 obtinuit3
1481 2595 1543 2631 sed
1569 2600 1664 2641 post-

351 2703 374 2733 t)
396 2702 446 2727 12⁴1.
467 2705 508 2728 l'r,
530 2702 601 2729 lma-e
622 2703 659 2729 ita
683 2701 766 2734 tegit:
793 2703 843 2729 St,
865 2712 880 2727 v
893 2712 908 2727 e
921 2701 1017 2728 niani
1047 2702 1261 2736 deprecatu
1274 2709 1285 2725 r
1310 2702 1342 2724 vt
1375 2711 1400 2716 -
1423 2705 1437 2721 e
1449 2705 1544 2728 mvpi·
1559 2704 1570 2720 r
1581 2705 1596 2720 n
1609 2698 1664 2726 ¹1²2

282 2745 401 2771 minu-
427 2745 620 2772 ν,ιΙσ·Ιι.ιιιΙ.
