1742 3005
357 88 452 138 Cap.
486 88 567 124 XC.
627 89 684 126 De
717 95 846 126 sancto
879 89 997 125 I‘aulo
1030 89 1215 139 apostolo.
1399 89 1471 128 39]

89 191 269 237 cupiebat,
311 192 374 227 sed
410 204 484 227 cum
520 194 586 228 liae
612 194 799 230 dilectione
824 196 935 241 magis
962 206 1040 230 esse
1069 194 1122 230 vel
1147 199 1340 238 extremus,
1376 197 1476 230 immo

90 259 191 292 etiam
230 268 272 292 ex
298 269 438 293 numero
465 261 681 304 punitorum,
714 270 813 306 quam
840 263 915 296 sine
942 261 1008 295 boc
1034 263 1124 294 inter
1148 272 1297 295 summos
1324 261 1476 296 honores

88 327 122 358 et
138 323 317 360 sublimes.
366 325 438 360 Hoc
457 327 543 360 enim
569 330 644 360 erat
665 326 714 360 illi
737 328 917 361 maximnm
940 337 980 360 ac
1003 326 1184 371 singulare
1202 331 1408 362 tormentum
1431 328 1474 361 ab

87 389 152 424 bac
176 391 324 425 caritate
349 390 551 426 discedere.
580 391 645 426 hoc
671 392 723 426 illi
752 397 827 427 erat
851 392 1037 438 gehenna,
1068 391 1134 425 hoc
1158 392 1236 426 sola
1260 404 1384 437 poena,
1412 393 1477 427 boc

87 455 220 489 infinita
257 459 291 490 et
315 456 536 491 intoleranda
569 458 756 502 supplicia,
792 457 854 491 scd
879 456 1013 500 perfrui
1039 458 1184 491 caritate
1221 457 1370 499 Christi,
1412 457 1477 492 lioc

87 521 137 554 illi
163 522 256 564 vita,
284 521 350 555 hoc
374 521 540 561 mundus,
569 521 637 556 boc
662 533 828 567 regnum,
866 521 933 555 hoe
960 523 1170 566 promissio,
1198 521 1284 557 haec
1306 523 1399 557 bona
1423 525 1474 557 vi-

87 586 260 626 debantur
291 588 480 621 innumera.
529 586 585 620 Sic
616 587 835 631 despiciebat
867 588 1051 630 universa,
1096 598 1186 632 quae
1219 589 1398 629 timemus,
1441 593 1477 623 ut

85 653 176 687 solet
209 651 320 685 herba
347 651 419 695 jam
446 652 645 696 putrefacta
676 655 860 687 contemni.
912 653 1095 698 T5rannos
1132 664 1214 688 vero
1249 663 1289 688 ac
1325 655 1476 699 populos

84 719 258 776 spirantes
290 716 409 752 furore
442 717 537 752 velut
571 718 741 764 quosdam
780 729 860 754 esse
893 719 1024 753 culices
1055 719 1288 761 aestimabat,
1330 725 1475 755 mortem

83 794 166 817 vero
200 786 305 828 atque
338 784 514 818 eruciatus
549 789 583 819 et
616 785 708 819 mille
741 785 916 830 supplicia
947 786 1047 830 quasi
1073 784 1188 818 ludum
1223 786 1371 829 putabat
1396 796 1475 820 esse

84 859 289 893 puerorum,
328 847 510 883 dummodo
545 861 608 895 pro
646 850 786 885 Christo
824 851 958 896 aliquid
992 852 1201 892 sustineret,
1240 850 1476 885 decorabatur

83 916 173 949 enim
199 915 334 948 vinctus
361 919 485 949 catena
509 918 622 962 magis
651 926 751 961 quam
778 916 983 962 dyademate
1008 920 1217 957 coronatus,
1255 903 1379 951 etenim
1413 928 1473 950 co-

83 984 218 1015 artatus
242 990 384 1014 earcere
408 979 593 1015 habitabat
627 983 660 1015 in
697 982 795 1016 coelo
830 992 870 1016 ac
904 982 1069 1016 libentius
1105 982 1255 1016 verbera
1281 983 1475 1027 recipiebat

84 1052 119 1081 ct
145 1046 305 1087 vulnera,
332 1056 433 1091 quam
459 1046 519 1080 alii
544 1046 667 1082 bravia
691 1047 880 1092 diripiant,
909 1053 942 1082 et
967 1048 1110 1082 dolores
1139 1059 1207 1082 non
1236 1050 1346 1082 minus
1373 1058 1474 1092 quam

52 1161 70 1163 „
83 1113 238 1157 praemia
262 1111 446 1157 diligebat.
485 1111 567 1147 Cum
593 1114 691 1158 ipsos
716 1115 835 1159 utique
861 1114 1004 1149 dolores
1032 1113 1174 1148 duceret
1197 1113 1274 1147 loeo
1301 1114 1474 1157 praemio-

84 1189 177 1220 rum,
212 1181 402 1223 propterea
433 1179 530 1223 ipsos
565 1181 668 1214 etiam
704 1181 854 1225 gratiam
890 1179 1110 1220 nominabat,
1155 1180 1338 1224 quoniam.
1383 1188 1472 1222 quae

43 1230 184 1279 Tobis
211 1248 292 1278 sunt
315 1253 424 1278 causa
449 1246 628 1287 tristitiae,
656 1245 742 1280 haec
769 1245 824 1279 illi'
848 1246 1029 1279 maximam
1046 1233 1230 1289 pariebant
1250 1245 1471 1289 voluptatem.

83 1310 247 1346 Moerore
273 1320 412 1355 quoque
449 1313 596 1345 maximo
633 1311 813 1350 urebatur,
849 1316 995 1356 propter
1019 1310 1113 1355 quod
1140 1316 1173 1345 et
1198 1310 1360 1345 dicebat:
1396 1312 1474 1355 quis

83 1376 344 1411 scandalizatur
381 1380 415 1410 et
449 1387 516 1422 ego
550 1387 618 1411 non
658 1378 766 1411 uror?
816 1376 963 1412 Etiamsi
1006 1378 1040 1410 in
1074 1387 1233 1411 moerore
1268 1376 1362 1410 dicat
1397 1378 1474 1421 quis

82 1444 199 1478 inesse
226 1442 380 1487 aliquam
407 1442 645 1487 voluptatem,
681 1442 778 1476 multi
807 1445 909 1484 enim,
945 1444 1003 1488 qui
1031 1442 1177 1476 filiorum
1204 1442 1374 1476 mortibus
1401 1442 1474 1475 vul-

81 1513 267 1551 nerantur,
301 1508 443 1553 aliquid,
474 1508 728 1543 consolationis
765 1510 959 1553 accipiunt,
987 1518 1062 1542 cum
1090 1509 1163 1542 suis
1193 1507 1334 1541 fletibus
1371 1507 1475 1541 relin-

82 1578 233 1620 quuntur
255 1575 438 1620 magisque
472 1574 610 1617 dolent,
646 1584 720 1608 eum
755 1574 873 1609 dolere
904 1573 1146 1618 prohibentur.
1196 1573 1254 1606 Sic
1280 1577 1314 1607 et
1347 1572 1475 1620 Paul-us

82 1644 184 1675 nocte
217 1649 257 1675 ac
289 1640 346 1674 dic
381 1640 656 1675 consolationem
688 1638 885 1684 accipiebat
921 1650 962 1673 cx
989 1640 1170 1684 lacrymis,
1206 1638 1320 1672 nullus
1346 1640 1476 1683 quippe

79 1711 176 1740 tanto
203 1706 331 1741 affectu
351 1706 442 1740 mala
466 1708 620 1751 propria,
647 1709 777 1751 quanto
806 1705 864 1740 ille
892 1705 1045 1740 deflebat
1068 1705 1195 1739 aliena.
1245 1684 1475 1744 tfueiiiadmo-

81 1773 159 1807 dum
185 1774 274 1807 enim
300 1772 394 1807 illum
419 1773 577 1817 opinaris
602 1772 789 1814 afflictum,
817 1782 891 1806 cum
917 1771 1148 1816 perditionem
1176 1770 1323 1805 defleret
1351 1780 1475 1815 pecca-

80 1842 208 1881 torum,
244 1839 324 1884 qui,
359 1843 396 1873 ut
426 1838 479 1872 illi
511 1838 601 1873 salvi
635 1837 777 1879 tierent,
818 1848 839 1872 a
873 1838 1048 1885 coelorum
1077 1837 1195 1882 gloria
1221 1836 1388 1881 cupiebat
1414 1846 1475 1870 ex-

82 1904 187 1947 cludi,
213 1914 292 1939 nam
309 1915 376 1939 non
403 1904 533 1939 salvari
561 1904 640 1938 illos
661 1904 767 1938 multo
793 1904 957 1939 acerbius
979 1903 1211 1940 aestimabat,
1239 1913 1340 1948 quam
1367 1904 1477 1936 semet

81 1971 194 2015 ipsum
227 1971 356 2014 perire.
407 1969 623 2016 Huncergo
659 1972 796 2004 cuinam
832 1980 944 2004 rerum
982 1971 1112 2014 poterit
1143 1971 1222 2014 quis
1258 1978 1476 2012 comparare,

81 2037 138 2070 cui
171 2035 288 2076 ferro,
321 2036 377 2068 eui
409 2035 610 2070 adamanti?
660 2035 827 2074 Quidnam
864 2035 991 2080 aliquis
1025 2035 1120 2068 illam
1150 2034 1305 2078 appellet
1329 2034 1477 2066 animam

83 2111 224 2136 auream
252 2101 306 2136 vel
330 2101 443 2157 plagis
470 2099 739 2142 adamantinam,
765 2110 842 2133 nam
870 2104 904 2134 et
929 2101 1021 2133 omni
1041 2103 1116 2134 erat
1136 2099 1319 2132 adamante
1341 2097 1478 2137 sortior,

83 2178 168 2202 auro
203 2168 419 2214 gemmisque
453 2167 646 2211 pretiosior
681 2169 715 2200 et
751 2165 896 2199 alteram
932 2164 1073 2210 quidem
1101 2165 1279 2198 materiam
1305 2163 1478 2203 firmitate,

84 2233 230 2268 alteram
265 2231 459 2278 superabat
500 2233 736 2277 pretiositate.
786 2231 850 2265 Cui
892 2232 1000 2276 igitur
1039 2232 1090 2264 rei
1136 2230 1240 2275 liujus
1277 2229 1320 2264 ab
1361 2229 1478 2273 aliquo

84 2300 200 2334 anima
243 2299 490 2343 comparetur?
545 2297 671 2332 Earum
711 2297 868 2343 quidem,
918 2306 1009 2341 quae
1055 2300 1134 2330 sunt
1179 2296 1339 2335 omnino,
1382 2293 1478 2326 nulli.

86 2364 219 2405 Quodsi
244 2363 339 2398 velut
362 2373 448 2398 auro
473 2363 670 2398 adamantis
701 2363 891 2402 soi-titudo,
918 2362 973 2411 rel
998 2362 1176 2396 adamanti
1202 2361 1315 2394 bonor
1338 2359 1482 2392 daretur

85 2432 182 2472 auri,
219 2414 302 2463 tune
328 2428 417 2463 sorte
451 2428 571 2473 aliquo
596 2429 699 2463 modo
727 2430 942 2473 comparatio
961 2429 1045 2472 -ejus
1072 2426 1170 2461 Pauli
1196 2429 1321 2469 posset
1347 2425 1482 2458 animae

86 2498 284 2532 convenire.
334 2494 404 2530 Sed
443 2492 528 2538 quid
563 2504 629 2538 ego
658 2493 877 2527 adamantem
913 2498 949 2527 et
987 2502 1106 2526 aurum
1142 2491 1185 2524 ad
1220 2489 1480 2524 similitudinem

86 2562 222 2597 adduc-o
251 2561 370 2603 Pauli,
396 2559 558 2595 mundum
582 2561 612 2593 si
643 2569 684 2593 ex
712 2558 852 2593 diverso
882 2557 1062 2602 appendas
1087 2567 1234 2595 omnem,
1263 2560 1297 2590 ct
1321 2560 1402 2590 tunc
1429 2556 1481 2589 vi-

87 2628 187 2663 debis
221 2631 343 2674 apertc
376 2626 475 2662 Pauli
510 2627 635 2672 ingens
662 2620 798 2670 pondus
831 2618 1183 2658 examinisz'uuuido
1214 2623 1322 2668 igitur
1347 2626 1382 2656 et
1406 2632 1478 2654 om-

88 2695 209 2737 nibus,
237 2704 326 2740 quae
355 2695 388 2729 in
413 2693 538 2729 mundo
567 2695 662 2733 sunt,
698 2691 838 2727 Paulum
875 2690 1020 2725 dicimus
1059 2688 1263 2735 digniorem.
1313 2688 1349 2722 Si
1377 2688 1484 2732 igitur
