1742 3005
419 90 513 139 Cap.
550 89 718 127 CLXIV.
777 90 835 126 De
866 97 1029 139 quatuor
1060 92 1261 129 coronatis.
1449 92 1528 131 739

137 191 273 235 suerat,
299 193 334 226 in
358 191 546 227 thaiamum
576 194 730 228 introivit
755 197 788 229 et
815 193 902 230 dixit
927 195 998 230 illi:
1034 197 1164 239 amice,
1197 195 1269 231 noli
1294 196 1384 231 male
1409 198 1525 242 suspi-

135 259 208 292 cari
237 257 280 293 de
305 259 448 305 alique,
482 264 516 294 et
541 259 702 294 condona
728 259 827 303 mihi,
862 262 893 294 si
925 260 1007 307 quid
1041 263 1075 296 in
1106 265 1140 297 te
1165 263 1320 307 pec-cavi.
1370 261 1522 309 Cumque

133 333 242 368 super
268 328 362 360 statu
386 336 449 360 suo
479 327 779 372 interrogaretur,
807 326 913 361 dixit:
947 329 1055 362 varHs
1082 330 1205 373 poenis
1230 328 1392 375 affligor,
1420 337 1524 374 prae-

133 390 235 434 cipue
261 392 344 437 quia
376 391 448 426 tale
481 393 684 426 cimiterium
719 392 847 426 violavi
882 396 916 426 et
947 392 996 426 ibi
1031 393 1201 438 quendam
1234 394 1420 429 vulnerans
1446 405 1523 430 eum

133 465 248 501 eappa
273 458 467 502 exspoliavi
503 467 586 498 sua,
622 467 711 502 quae
747 456 828 490 milti
859 459 1069 501 supponitur
1102 462 1137 492 et
1168 469 1235 492 uno
1265 464 1380 494 monte
1408 462 1522 506 magis

131 531 184 556 me
218 524 364 567 premit,
409 525 639 568 rogavitque,
679 527 716 557 ut
748 533 811 567 pro
847 533 885 557 se
921 524 1099 557 orationes
1132 524 1208 558 lieri
1237 523 1382 559 faceret.
1439 524 1521 560 Cum

130 591 244 622 autem
270 588 328 622 ille
349 588 417 622 sibi
443 588 593 629 diceret,
620 598 665 622 an
690 588 807 630 vellet,
834 588 927 634 quod
947 598 968 623 a
988 588 1050 622 tali
1070 593 1104 623 et
1122 588 1185 622 tali
1212 589 1398 625 sacerdote
1423 591 1521 635 ipsas

134 654 314 687 orationes
346 652 480 688 faceret
513 652 608 695 fieri,
645 654 706 689 ille
741 653 786 688 ad
820 653 886 688 hoc
919 653 1005 688 nibil
1034 654 1252 699 respondens
1287 660 1392 701 caput
1424 667 1521 692 more

129 721 308 754 renuentis
343 721 531 754 concussit.
579 719 716 755 Deinde
751 719 862 762 dixit,
903 721 932 755 si
968 720 1093 762 vellet,
1135 720 1228 765 quod
1260 721 1341 756 talis
1375 723 1521 757 eremita

126 795 191 830 pro
217 795 256 820 se
283 790 413 821 oraret.
463 785 525 820 Cui
559 785 639 820 ille:
676 787 806 819 utinam
841 786 901 821 ille
934 797 997 831 pro
1033 797 1086 821 me
1124 787 1262 822 oraret!
1312 787 1413 827 Quod
1443 798 1520 822 cum

127 861 167 886 se
192 851 361 886 facturum
387 853 629 897 promitteret,
664 851 723 886 ille
757 853 825 885 ait:
859 856 893 886 et
927 862 994 897 ego
1029 852 1105 886 dico
1139 852 1221 894 tibi,
1256 854 1339 897 quia
1373 852 1416 886 ab
1451 853 1519 888 hac

126 916 184 952 die
208 928 320 963 usque
346 918 393 952 ad
418 917 506 951 duos
530 926 640 951 annos
675 920 712 951 tu
745 918 847 951 etiam
875 918 1054 959 morieris,
1087 919 1208 962 sicque
1247 918 1307 952 ille
1344 918 1519 962 disparuit

126 986 161 1017 et
194 983 295 1018 miles
328 986 400 1018 vita
433 994 497 1018 sua
531 985 563 1018 in
596 983 717 1017 melius
751 986 883 1016 mutata
913 984 948 1016 in
980 982 1119 1016 domino
1146 983 1367 1018 obdormivit.
1417 982 1518 1024 Quod

126 1053 241 1083 autem
271 1049 397 1084 dictum
423 1053 498 1091 est,
538 1049 709 1095 suffragia
742 1047 834 1082 sacta
869 1058 933 1092 per
966 1048 1077 1083 malos
1103 1048 1275 1093 prodesse
1300 1061 1368 1084 uon
1396 1061 1515 1095 posse,

125 1115 390 1160 intelligendum
417 1118 492 1157 est,
527 1116 594 1149 nisi
620 1115 690 1148 sint
715 1123 824 1158 opera
856 1114 1146 1157 sacramentalia,
1181 1119 1218 1149 ut
1243 1120 1297 1150 est
1320 1116 1514 1151 celebratio

123 1181 263 1224 missae,
290 1191 379 1227 quae
410 1191 432 1215 a
456 1180 547 1215 malo
573 1181 732 1214 ministro
758 1179 884 1214 violari
913 1190 981 1213 nou
1007 1184 1136 1224 potest,
1172 1181 1226 1216 vel
1253 1183 1320 1216 nisi
1347 1183 1423 1226 ipse
1450 1182 1512 1217 de—

123 1245 260 1280 functus
296 1247 352 1282 vel
386 1247 515 1293 aliquis
550 1248 626 1293 eJus
660 1247 790 1280 amicus
821 1245 999 1290 aliquibus
1032 1248 1135 1280 etiam
1166 1247 1266 1281 malis
1293 1247 1412 1292 aliqua
1437 1247 1512 1282 dis-

122 1312 305 1356 pensanda
335 1313 552 1359 reliquisset.
600 1312 697 1352 Quae
721 1316 835 1346 tamen
859 1313 1024 1345 continuo
1052 1310 1258 1356 dispensare
1292 1312 1437 1355 debent,
1469 1323 1512 1348 ue

122 1377 192 1412 sibi
215 1380 421 1424 contingat,
449 1377 540 1424 quod
567 1377 703 1412 cuidam
728 1379 921 1421 contigisse
947 1377 1088 1423 legitur.
1137 1377 1242 1413 Miles
1268 1380 1355 1413 enim
1373 1378 1511 1424 quidam

120 1444 156 1478 in
187 1443 283 1478 hello
318 1444 439 1479 Caroli
470 1443 593 1490 Magni
624 1453 699 1478 cum
731 1442 867 1477 Mauris
899 1447 1118 1489 pugnaturus
1153 1446 1294 1490 rogavit
1325 1449 1511 1490 cognatum

118 1519 239 1552 suum,
265 1514 322 1553 ut,
348 1512 379 1544 si
405 1511 438 1544 iu
462 1509 557 1544 bello
583 1513 794 1550 moreretur,
824 1519 947 1554 equum
972 1520 1069 1543 suum
1094 1509 1261 1544 venderet
1283 1514 1317 1544 et
1342 1512 1511 1555 pauperi—

117 1575 183 1611 bus
220 1578 368 1621 pretium
402 1575 513 1610 daret.
564 1575 637 1615 Quo
679 1579 814 1608 mortuo
851 1584 924 1608 cum
960 1585 1070 1620 equus
1105 1574 1174 1608 sibi
1206 1576 1306 1608 nimis
1338 1575 1509 1620 placeret,

118 1651 195 1676 eum
221 1643 291 1677 sibi
317 1642 460 1676 retinuit
486 1645 520 1676 et
545 1644 626 1686 post
650 1640 820 1674 modicum
845 1642 1013 1684 temporis
1048 1639 1232 1674 defunctus
1267 1642 1299 1675 ci
1334 1645 1508 1686 tamquam

116 1707 172 1742 sot
198 1707 378 1753 refulgens
402 1708 567 1752 apparuit
592 1706 732 1741 dicens:
759 1709 911 1751 cognate
935 1705 1045 1749 bone,
1071 1717 1136 1751 per
1162 1710 1241 1740 octo
1267 1706 1342 1740 dies
1372 1717 1424 1741 me
1454 1706 1506 1742 se-

117 1774 199 1808 cisti
225 1775 298 1818 pati
324 1783 456 1818 poenas
483 1774 517 1806 in
543 1773 749 1818 purgatorio
777 1776 921 1816 propter
952 1782 1098 1817 equum,
1136 1773 1236 1817 cujus
1264 1773 1432 1816 pretium,
1470 1777 1508 1807 ut

115 1837 294 1881 dixeram,
329 1837 544 1883 pauperibus
576 1848 646 1871 non
687 1836 835 1879 detlisti3
870 1836 933 1872 sed
968 1839 1107 1883 impune
1146 1837 1363 1880 uon,sereS‚
1399 1837 1506 1873 hodie

114 1905 206 1938 enim
237 1903 350 1939 ferent
382 1905 530 1940 animam
566 1907 660 1938 tuam
693 1904 727 1937 in
763 1903 934 1937 insen-num
972 1903 1111 1948 dyaboli
1156 1908 1191 1938 et
1225 1914 1293 1950 ego
1333 1908 1505 1950 purgatus

113 1968 204 2002 vado
225 1970 259 2003 in
277 1980 419 2015 regnum
437 1969 514 2004 Dei.
562 1968 606 2004 Et
625 1979 705 2004 ecce
724 1968 840 2003 subito
862 1970 894 2002 in
914 1972 995 2004 aere
1013 1968 1154 2003 auditus
1179 1973 1234 2004 est
1256 1969 1388 2004 clamor
1411 1969 1505 2004 velut

113 2033 273 2077 leonum,
299 2045 458 2070 ursorum
487 2039 522 2070 et
548 2035 708 2079 luporum
737 2037 772 2068 et
797 2036 910 2078 ipsum
938 2033 981 2069 de
1011 2034 1124 2069 medio
1149 2034 1380 2070 abstulerunt.

545 2353 671 2416 cAP.
703 2353 880 2415 ctxlv.
914 2353 1068 2417 (159.)

344 2451 452 2496 De
491 2453 821 2507 quatuor
860 2451 1270 2498 coronatis.

205 2558 363 2600 Quatuor
395 2561 554 2594 coronati
585 2559 727 2595 suerunt
760 2560 934 2603 Severus,
976 2560 1214 2601 Severianus,
1250 2556 1498 2603 carpophorus

115 2628 150 2659 et
182 2623 400 2667 Victorinus,
435 2626 493 2670 qui
519 2624 667 2669 jubente
701 2625 931 2670 Dyoc-letiano
968 2635 1079 2670 usque
1114 2623 1158 2658 ad
1193 2627 1336 2658 mortem
1369 2623 1498 2659 ictibus

115 2689 372 2734 plumbatorum
398 2692 493 2727 caesi
520 2695 609 2726 sunt.
658 2689 786 2725 Horum
812 2691 950 2725 uomina
973 2700 1048 2725 cum
1074 2690 1221 2735 reperiri
1249 2700 1317 2724 nou
1341 2695 1496 2735 possent,

1146 2753 1220 2788 47*
