1742 3005
279 79 375 127 Cap.
410 77 561 114 CXVll.
622 77 679 113 De
713 83 842 113 sancto
874 76 1080 113 Laurentio
1113 75 1276 112 martire.
1390 74 1470 114 493

85 184 208 217 crimas
236 182 463 218 effundentes.
514 181 631 216 Utrum
658 186 771 217 autem
795 181 863 216 lioc
891 191 1006 217 verum
1034 182 1101 223 sit,
1136 180 1228 226 quod
1261 180 1472 216 Laurentius

83 248 146 282 sub
171 249 238 282 isto
264 248 370 283 Decio
396 249 607 293 imperatore
633 250 822 282 martirium
851 250 897 282 sit
927 257 1066 292 passus,
1096 257 1117 281 a
1142 247 1258 281 inultis
1280 246 1471 289 dubitatur,

81 324 156 348 eum
183 315 218 349 iu
241 313 417 348 chronicis
437 313 558 348 Sixtus
584 313 690 359 longe
709 314 819 348 fuisse
850 318 972 357 ¹)ante
986 313 1127 347 Decium
1148 313 1298 358 legatur.
1345 311 1472 347 Eutro-

82 380 161 423 pius
188 382 301 413 autem
330 378 395 413 hoe
422 381 551 414 asserit
575 379 711 413 dicens:
738 379 866 413 Decius
891 380 1169 423 persecutionem
1195 380 1230 411 in
1259 378 1471 412 christianos

82 455 224 479 movens
254 446 343 478 inter
367 449 527 479 caeteros
554 444 690 478 beatum
716 444 858 477 levitam
892 447 926 478 et
958 444 1132 476 martirem
1158 443 1384 477 Laurentium
1411 455 1472 478 ne-

83 511 186 544 cavit.
233 510 270 544 In
303 510 451 555 quadam
483 513 596 542 autem
632 508 799 542 chronica
831 510 919 542 satis
954 507 1157 542 authentiea
1191 507 1337 549 dicitur,
1380 508 1471 553 quod

82 586 150 609 non
175 576 237 610 sub
263 575 369 610 Decio
395 576 627 618 imperatore,
655 575 713 618 qui
738 573 901 618 Philippo
928 575 1117 611 successit.
1144 573 1205 608 sed
1231 573 1295 607 sub
1322 573 1471 619 quodam

82 640 187 674 Decio
214 642 366 682 minore,
393 641 453 684 qni
478 639 633 681 Caesar,
668 650 738 672 non
764 640 955 683 imperator
982 641 1137 681 exstitit,
1175 641 1363 673 martirium
1389 650 1473 684 pas·

82 716 141 739 sus
168 705 244 739 suit.
292 704 377 738 Nam
401 706 492 739 inter
515 705 655 740 Decium
683 707 925 749 imperatorem
962 709 995 739 et
1020 705 1159 739 Decium
1183 706 1369 747 minorem,
1407 705 1471 738 sub

82 782 149 817 quo
173 771 386 806 Laurentius
414 770 542 804 dicitur
568 780 714 814 passus,
750 771 886 815 plurimi
913 773 1142 815 imperatores
1177 775 1211 805 et
1238 772 1357 805 summi
1385 782 1473 815 pon·

79 836 191 872 tifices
218 836 415 871 intermedii
445 837 664 870 exstiterunt.
713 835 868 878 Etenim,
907 841 942 870 ut
967 836 1094 870 ibidem
1122 836 1268 877 dicitur,
1304 847 1378 870 cum
1404 836 1472 870 De-

80 904 134 937 cio
173 904 376 947 imperatori
413 901 533 936 Gallus
566 906 601 936 et
634 902 846 936 Volusianus
882 903 958 946 ejus
994 901 1085 935 lilius
1127 904 1162 935 in
1205 903 1351 946 imperio
1393 912 1471 936 snc-

80 970 272 1004 cessissent
297 972 330 1003 et
350 968 560 1003 Valerianus
586 977 659 1000 cun]
686 966 844 1002 Gallieno
871 972 951 1012 post
969 967 1108 1002 eosdem
1135 968 1314 1012 imperium
1339 970 1473 1003 tenuis-

83 1038 183 1077 sent,
227 1034 310 1068 dieti
354 1032 562 1068 Valerianus
598 1037 632 1067 et
669 1032 848 1068 Gallienus
889 1035 1055 1068 minorem
1087 1034 1227 1068 Decium
1272 1035 1472 1075 Caesarem,

82 1112 149 1135 non
186 1102 432 1146 imperatorem
466 1099 633 1135 fecerunt.
682 1099 768 1135 Nam
803 1101 995 1145 antiquitus
1039 1099 1249 1145 quandoque
1290 1100 1398 1145 aliqui
1429 1100 1472 1134 ab

83 1166 350 1211 imperatoribus
377 1165 507 1201 fiebant
531 1167 718 1208 Caesares,
745 1177 811 1200 non
837 1170 951 1200 tamen
970 1166 1123 1211 Augusti
1147 1166 1202 1199 vel
1227 1167 1472 1210 imperatores,

81 1234 171 1267 sicut
195 1233 326 1279 legitur
352 1234 385 1266 in
411 1232 598 1275 chronicis,
628 1232 721 1278 quod
744 1232 990 1277 llyoeletianus
1010 1231 1258 1266 Maximianum
1287 1231 1473 1266 Caesarem

84 1298 184 1341 lecit,
221 1297 439 1343 postmodum
474 1309 516 1333 ex
552 1299 704 1333 Caesare
740 1298 935 1343 Augustum
964 1300 1106 1332 creavit.
1156 1297 1332 1342 Tempore
1359 1300 1474 1331 autem

84 1364 206 1398 horum
234 1364 493 1407 imperatorum,
521 1364 657 1398 scilieet
683 1364 864 1399 Valeriani
888 1368 922 1397 et
949 1362 1117 1405 Gallieni,
1144 1362 1261 1397 Sixtns
1286 1362 1475 1397 Romanam

83 1429 200 1463 sedem
225 1428 379 1463 tenebat.
427 1428 490 1462 Hic
516 1430 625 1475 igitur
650 1430 783 1465 Caesar
808 1430 937 1464 Decius
964 1429 1175 1473 appellatus,
1199 1440 1268 1463 non
1283 1430 1476 1472 imperator

83 1494 226 1529 effectus
260 1494 398 1528 beatum
431 1494 658 1529 Laurentium
694 1497 869 1529 martirem
905 1495 1008 1536 fecit,
1046 1495 1137 1529 unde
1164 1504 1332 1539 nusquam
1360 1495 1393 1526 in
1421 1494 1473 1528 le-

81 1560 199 1606 genda
223 1560 318 1595 beati
343 1559 525 1594 Laurentii
553 1566 696 1595 vocatur
721 1560 848 1595 Decius
877 1562 1077 1605 imperator,
1105 1560 1166 1594 sed
1193 1560 1320 1594 Decius
1343 1560 1475 1594 Caesar

82 1630 226 1667 tantum,
245 1625 371 1660 Decius
386 1627 473 1660 enim
491 1627 680 1671 imperator
697 1627 833 1661 duobus
852 1631 981 1661 tantum
997 1628 1095 1661 annis
1109 1627 1270 1671 regnavit
1289 1630 1322 1660 et
1335 1625 1474 1659 beatum

81 1690 273 1726 Fabianum
299 1702 424 1737 papam
451 1693 625 1726 martirem
652 1692 743 1727 fecit.
792 1693 949 1728 Fabiano
977 1694 1151 1727 successit
1178 1691 1381 1733 Cornelius,
1416 1692 1475 1736 qui

81 1757 144 1792 sub
160 1757 353 1793 Volusiano
372 1761 405 1791 et
420 1755 521 1792 Gallo
539 1768 666 1802 passus
692 1763 756 1793 est.
807 1758 970 1793 Cornelio
1000 1760 1171 1793 successit
1194 1758 1337 1800 Lucius,
1362 1757 1474 1792 Lucio

81 1822 297 1868 Stephanus:
324 1822 380 1857 hic
396 1822 460 1856 sub
481 1823 669 1859 Valeriano
694 1829 726 1860 et
739 1824 911 1867 Gallieno,
933 1815 990 1870 qui
1010 1826 1109 1859 annis
1124 1823 1186 1859 XV
1203 1825 1473 1868 imperaverunt,

81 1899 206 1933 passus
224 1893 289 1925 est.
316 1887 496 1933 Stephano
514 1893 686 1926 successit
704 1892 834 1926 Sixtus.
862 1891 954 1926 Haec
973 1892 1005 1924 in
1031 1890 1198 1924 chronica
1218 1891 1279 1924 illa
1296 1890 1473 1936 leguntur.
1516 1893 1523 1906 '

82 1952 208 1988 Omnes
229 1958 342 1988 autem
361 1953 562 1998 chronicae,
586 1961 655 1991 tam
674 1956 818 1992 Eusebii
848 1967 950 2002 qnam
971 1956 1090 1991 Bedae
1122 1960 1156 1990 et
1180 1955 1326 1990 Ysidori
1351 1957 1385 1989 in
1408 1955 1474 1989 hoc

82 2017 308 2060 concordant,
331 2018 424 2063 quod
445 2019 563 2054 Sixtus
582 2031 675 2065 papa
690 2033 758 2055 non
779 2022 843 2056 suit
858 2025 1016 2066 tempore
1033 2021 1130 2055 Decii
1150 2022 1386 2065 imperatoris,
1411 2020 1474 2054 sed

83 2082 233 2118 Gallieni
284 2082 435 2128 Legitur
458 2087 572 2119 tamen
598 2087 632 2119 in
658 2086 730 2120 alia
759 2086 906 2131 quadam
934 2085 1122 2126 chronica,
1151 2085 1243 2133 quod
1271 2085 1472 2130 praedictus

82 2147 262 2183 Gallienus
282 2148 346 2183 suit
365 2137 548 2192 binomius,
569 2150 681 2185 dictus
702 2156 755 2186 est
772 2153 859 2186 enim
876 2150 1055 2186 Gallienus
1075 2155 1109 2185 et
1125 2151 1254 2186 Decius
1274 2155 1307 2186 et
1324 2151 1387 2185 sub
1411 2150 1471 2185 illo

81 2216 176 2260 passi
208 2218 288 2248 sunt
312 2214 430 2248 Sixtus
459 2219 494 2249 et
518 2215 729 2251 Laurentius
757 2218 851 2251 circa
876 2227 999 2251 annum
1035 2216 1163 2250 domini
1197 2216 1472 2251 ducentesimum

82 2281 406 2324 quinquagesimum
442 2282 637 2325 septimum.
687 2281 900 2317 Godofridus
936 2294 1075 2329 quoque
1102 2284 1135 2316 in
1173 2282 1264 2316 libro
1293 2293 1377 2325 suo,
1413 2284 1473 2327 qui

81 2345 207 2379 dicitur
235 2344 488 2389 2)Paniheon‚
525 2346 615 2381 idem
641 2338 790 2390 asserit,
819 2349 911 2394 quod
938 2349 1091 2384 scilieet<
1109 2348 1288 2384 Gallienus
1327 2351 1471 2382 vocatus

79 2415 133 2446 cst
167 2411 236 2444 alio
272 2412 409 2445 nomine
441 2411 568 2446 Decius
604 2416 638 2446 et
665 2413 757 2458 quod
784 2414 847 2448 sub
874 2425 915 2449 eo
943 2417 1041 2459 passi
1069 2419 1149 2449 sunt
1174 2415 1292 2448 Sixtus
1318 2418 1353 2448 et
1376 2413 1471 2448 Lau-

79 2478 223 2511 rentius.
271 2475 314 2510 Et
345 2476 377 2510 si
410 2474 498 2510 haec
531 2486 615 2510 vera
647 2482 747 2520 sunt,
782 2483 862 2513 tunc
888 2481 1019 2523 positio
1043 2479 1214 2515 ,Iohannis
1238 2479 1362 2514 Beleth
1385 2490 1472 2515 vera

44 2567 53 2570 -
80 2545 202 2585 posset
233 2551 320 2576 esse
352 2561 390 2566 ——
418 2561 460 2566 ,-
483 2561 527 2565 —-
567 2544 608 2577 2.
643 2542 764 2578 Refert
801 2543 993 2590 Gregorius
1032 2546 1064 2579 in
1101 2545 1192 2579 libro
1228 2544 1469 2592 dyalogorum,

148 2684 174 2716 1)
194 2682 241 2711 sic
260 2683 312 2713 Ed.
332 2687 392 2716 rin,
419 2682 470 2709 alii
488 2687 577 2718 post
597 2682 707 2714 legum.
811 2683 838 2715 2)
858 2681 909 2710 Ed.
932 2686 973 2712 l'r.
994 2682 1071 2710 male
1090 2684 1258 2718 panetio
1277 2684 1358 2717 legit.
