1742 3005
235 151 314 191 2023
529 153 620 202 Cap.
654 150 788 188 XLIX.
847 152 906 188 De
937 158 1066 189 sancto
1098 151 1317 190 Benedicta

233 256 468 296 aedificarent,
492 255 656 300 antiquus
682 254 796 289 hostis
820 256 893 290 viro
921 255 987 290 Dei
1012 258 1173 300 apparuit
1199 261 1233 291 et
1254 256 1334 301 quia
1353 255 1396 290 ad
1421 255 1621 290 laborantes

233 323 360 357 fratres
387 324 574 367 pergeret,
598 320 780 364 indicavit,
809 322 867 367 qui
893 322 1052 366 protinus
1081 322 1123 355 iis
1146 331 1210 366 per
1233 322 1385 356 nuntium
1412 323 1521 356 misit:
1549 322 1620 356 sra—

231 392 324 424 tres,
366 391 467 421 caute
495 396 557 421 vos
584 387 701 432 agite,
745 388 827 432 quia
862 385 906 420 ad
939 397 1002 421 vos
1034 388 1179 432 spiritus
1202 387 1374 432 malignus
1402 389 1506 422 venit.
1556 387 1621 422 Vix

232 457 347 487 autem
384 453 525 486 nuntius
557 452 666 486 verba
704 452 890 497 complevit
922 456 956 486 et
989 462 1070 486 eeee
1103 453 1272 497 parietem
1313 454 1474 498 antiquus
1508 453 1621 487 hostis

232 520 357 553 evertit
381 522 414 552 et
440 518 611 563 quendam
638 529 780 563 puerum
811 517 1016 552 monachum
1041 519 1141 551 ruina
1164 519 1337 552 contrivit.
1394 517 1462 552 Sed
1487 519 1541 552 vir
1556 518 1622 553 Dei

233 595 375 629 puerum
402 588 571 618 mortuum
598 588 631 618 et
657 584 845 618 laceratum
879 585 913 617 in
940 593 1043 617 saeeo
1078 583 1123 617 ad
1149 594 1187 617 se
1213 583 1340 617 adduci
1372 582 1456 618 feeit
1483 587 1516 618 et
1541 594 1620 618 ora-

230 651 326 684 tione
361 660 425 684 sua
466 651 578 694 ipsum
614 651 829 683 resuscitans
873 651 971 694 operi
1007 649 1190 694 praedicto
1227 649 1390 683 restituit.
1424 669 1469 675 —-
1498 668 1542 673 -—-
1577 668 1621 673 -—-

229 719 274 752 4.
302 715 431 750 Laieus
464 715 603 760 quidam
628 715 797 749 honestae
830 716 922 749 vitae
950 715 1099 760 singulis
1126 716 1226 748 annis
1261 714 1304 748 ad
1337 713 1543 748 visitandum
1569 715 1619 748 vi-

232 792 303 815 rum
329 781 393 815 Dei
415 782 582 825 Jejunans
608 782 728 814 venire
754 785 995 814 consueverat.
1046 779 1199 819 Quadam
1218 781 1327 825 igitur
1344 779 1412 821 die,
1440 779 1517 813 dum
1539 780 1620 814 illue

230 848 307 882 iret.
335 856 373 881 se
400 846 450 879 illi
469 846 560 880 alter
574 846 689 878 viator
716 844 887 890 adjunxit,
913 846 970 890 qui
994 844 1180 879 sumendos
1208 846 1243 878 in
1267 846 1391 879 itinere
1414 845 1511 878 cibos
1536 856 1619 889 por-

229 912 338 953 tabat,
363 922 506 957 eumque
528 911 602 956 jam
625 910 760 944 tardior
785 910 873 945 hora
898 911 1122 949 excrevisset,
1148 910 1251 944 dixit:
1281 911 1381 947 veni,
1409 910 1529 952 frater,
1559 920 1617 944 su-

229 988 359 1012 mamus
388 977 522 1019 eibum,
561 988 604 1011 ne
631 976 803 1011 lassemur
831 977 865 1010 in
890 978 956 1010 via.
1007 976 1081 1016 Quo
1107 976 1355 1021 respondente,
1389 975 1481 1021 quod
1504 975 1617 1010 nulla-

225 1047 327 1079 tenus
355 1043 466 1077 eibum
494 1044 526 1077 in
553 1044 610 1077 via
638 1046 816 1087 gustaret,
859 1042 902 1076 ad
929 1041 1049 1076 horam
1085 1042 1144 1076 ille
1169 1041 1352 1082 subticuit,
1400 1041 1617 1086 postmodum

228 1109 359 1143 adhoc
386 1110 497 1153 ipsum
532 1109 710 1145 invitavit,
761 1107 824 1142 sed
854 1108 912 1143 ille
945 1109 1142 1142 eonsentire
1174 1108 1296 1143 noluit.
1352 1107 1509 1152 Denique
1543 1118 1616 1141 eum

226 1175 314 1210 hora
335 1176 406 1220 jam
429 1176 661 1219 praeterisset
689 1177 722 1208 et
751 1184 812 1208 eos
838 1173 978 1218 longum
998 1174 1186 1219 fatigasset
1207 1174 1295 1215 iter,
1319 1177 1453 1218 pratum
1479 1176 1512 1207 et
1538 1173 1614 1207 son-

226 1246 294 1276 tem
330 1245 364 1276 et
396 1251 631 1286 quaecumque
659 1243 820 1285 poterant
853 1248 981 1284 eorpus
1007 1238 1051 1272 ad
1075 1238 1296 1273 reficiendum
1325 1239 1519 1281 delectare,
1561 1240 1613 1273 in-

226 1311 403 1341 venerunt.
454 1307 552 1341 Tunc
577 1307 693 1340 viator
718 1304 785 1339 hoe
822 1305 855 1339 ei
882 1303 1070 1338 ostendens
1095 1306 1254 1349 rogavit,
1288 1308 1325 1338 ut
1348 1305 1522 1349 paululum
1548 1315 1613 1350 gu-

226 1376 338 1407 staret
362 1376 395 1405 et
420 1371 549 1406 ibidem
577 1373 796 1417 quiesceret,
828 1380 902 1404 eum
927 1371 1037 1415 igitur
1061 1369 1170 1405 verba
1195 1369 1338 1404 auribus
1370 1375 1404 1404 et
1427 1371 1505 1405 loca
1529 1382 1613 1405 oeu—

225 1438 267 1471 lis
293 1438 544 1476 blandirentur,
573 1437 683 1471 eidem
708 1438 895 1471 consensit.
934 1436 1084 1481 Cumque
1109 1436 1152 1469 ad
1176 1435 1400 1470 Benedictum
1425 1437 1614 1478 venissent,

225 1503 313 1537 dixit
341 1505 372 1538 ei
399 1504 450 1537 vir
474 1503 557 1537 Ilei:
585 1513 676 1543 eece,
703 1502 824 1544 frater,
851 1502 1024 1546 malignus
1050 1501 1163 1535 hostis
1183 1501 1291 1536 semel
1314 1501 1378 1535 tibi
1398 1502 1614 1547 persuadere

223 1580 298 1620 non?
317 1571 442 1613 potnit.
466 1568 619 1602 seeundo
645 1579 714 1602 non
739 1568 859 1609 valuit,
886 1567 948 1601 sed
973 1569 1076 1601 tertio
1105 1567 1294 1611 superavit.
1344 1567 1442 1601 Tune
1468 1568 1526 1602 ille
1552 1579 1613 1613 pe-

223 1634 325 1668 dibus
351 1635 427 1678 eJus
454 1633 640 1667 advolutus
669 1643 707 1667 se
734 1632 927 1677 deliquisse
952 1633 1130 1677 ingemuit.
1159 1652 1204 1656 —
1225 1652 1270 1657 —
1314 1634 1359 1669 5.
1385 1632 1530 1667 Thotila
1554 1645 1613 1668 rex

225 1699 414 1734 Gothorum
440 1700 593 1743 experiri
614 1698 881 1737 volens,·utrum
900 1699 954 1731 vir
971 1698 1031 1731 llei
1050 1697 1258 1742 prophetiae
1276 1699 1436 1743 spiritum
1455 1698 1612 1739 haberet,

222 1766 356 1799 euidam
382 1775 445 1798 suo
482 1765 638 1808 spatario
674 1764 882 1797 vestimenta
915 1762 1050 1806 regalia
1083 1763 1205 1796 tribuit
1239 1774 1383 1808 eumque
1415 1776 1490 1800 enm
1520 1769 1611 1802 omni

222 1834 392 1875 apparatu
419 1831 518 1873 regio
544 1828 588 1862 ad
614 1829 858 1863 monasterium
884 1827 1084 1865 destinavit,
1113 1839 1211 1872 quem
1228 1828 1286 1863 ille
1311 1832 1502 1865 venientem
1527 1844 1609 1867 eon-

221 1897 376 1940 spieiens
403 1895 509 1935 dixin
543 1904 654 1938 pone,
692 1893 761 1936 tili,
796 1904 905 1938 pone:
943 1893 1009 1927 hoe
1036 1893 1126 1938 quod
1153 1898 1295 1938 portas,
1332 1906 1400 1930 non
1427 1901 1479 1931 est
1504 1901 1608 1931 tunm.

221 1961 288 2001 Qui
312 1961 469 2004 protinus
497 1961 531 1993 in
556 1964 683 1993 terram
711 1959 837 1993 cecidit
861 1963 895 1993 et
919 1961 1002 2004 quia
1026 1963 1122 1993 tanto
1159 1961 1233 1993 viro
1260 1959 1406 1995 illudere
1428 1972 1609 2006 praesum-

221 2027 339 2066 sisset,
369 2027 520 2070 expavit.
542 2045 587 2050 —
603 2045 649 2051 —-
684 2028 731 2062 6.
760 2024 915 2059 Clericus
935 2024 1084 2070 qnidam,
1114 2026 1171 2069 qui
1191 2035 1212 2059 a
1233 2024 1382 2069 dyabolo
1404 2027 1609 2070 vexabatur,

221 2091 265 2126 ad
293 2093 399 2125 virum
423 2091 508 2128 Ilei,
534 2095 571 2125 ut
595 2094 790 2132 sanaretur,
817 2090 986 2131 adductus
1012 2094 1082 2131 est,
1121 2100 1265 2135 eumque
1291 2090 1334 2124 ab
1361 2102 1402 2125 eo
1426 2091 1609 2137 dyabolum

221 2156 437 2201 expulisset,
461 2157 528 2190 ait:
559 2156 645 2190 vade
672 2160 705 2189 et
731 2155 774 2190 de
800 2159 940 2190 caetero
968 2165 1091 2189 earnes
1116 2166 1184 2189 non
1207 2155 1370 2190 eomedas
1394 2167 1456 2191 nee
1481 2158 1524 2192 ad
1550 2168 1607 2193 sa-

222 2232 300 2256 eros
336 2222 477 2256 ordines
512 2221 680 2256 accedas:
729 2230 942 2266 quacumque
985 2224 1097 2254 autem
1137 2219 1193 2253 die
1229 2219 1273 2253 ad
1313 2230 1434 2255 saeros
1467 2222 1608 2257 ordines

220 2287 390 2322 accedere
415 2288 688 2331 praesumseris,
721 2287 793 2330 juri
825 2285 965 2329 dyaboli
1001 2284 1266 2329 mancipaberis.
1327 2285 1408 2320 (lum
1433 2297 1516 2322 vero
1544 2287 1608 2323 hoe

220 2353 337 2397 aliquo
363 2357 518 2396 tempore
543 2351 783 2392 custodiisset,
808 2350 869 2384 sed
890 2351 1040 2384 minores
1066 2361 1148 2384 snos
1171 2350 1238 2384 sibi
1259 2353 1427 2396 praeponi
1447 2353 1479 2386 111
1496 2354 1607 2388 saeris

221 2418 401 2452 ordinibus
431 2421 609 2459 cerneret,
649 2415 756 2450 verba
783 2417 846 2448 viri
875 2415 936 2449 noi
965 2416 1065 2460 qnasi
1094 2426 1134 2449 ex
1168 2416 1275 2460 longo
1300 2420 1454 2461 tempore
1478 2417 1606 2452 oblitus

220 2484 422 2528 postposuit
446 2487 550 2527 atque
575 2481 618 2515 ad
646 2492 780 2515 sacrum
808 2481 963 2515 ordinem
991 2483 1150 2515 aecessit.
1201 2482 1306 2521 Quem
1331 2492 1422 2521 mox,
1449 2483 1505 2526 qui
1531 2492 1604 2515 enm

223 2548 429 2592 reliquerat,
468 2547 637 2591 dyabolus
670 2547 780 2580 tenuit
814 2556 959 2591 eumque
993 2547 1022 2579 is
1059 2556 1207 2588 vexare,
1246 2556 1426 2591 quousque
1458 2547 1604 2579 aninmm

222 2612 298 2655 ejus
325 2616 512 2649 excuteret,
538 2623 606 2645 non
631 2612 793 2645 cessavit.
820 2632 863 2637 -—
881 2632 925 2637 —
973 2614 1010 2649 ἵ.
1035 2610 1145 2655 Vir1)
1164 2610 1300 2656 (puidam
1326 2610 1412 2643 duos
1434 2610 1603 2644 ssaseones

291 2752 317 2783 l)
336 2752 498 2783 soquentes
518 2751 648 2783 quinqua·
669 2751 844 2785 paragraphi
865 2766 892 2770 -
917 2754 934 2780 3.
959 2753 998 2778 ll.
1017 2749 1122 2776 desunt
1143 2747 1172 2774 111
1192 2747 1243 2776 Ed.
1263 2747 1355 2774 l'¹·in‘'-
1377 2747 1478 2776 Dl'PSd.
