1742 3005
232 90 258 128 8
595 94 689 143 Cap.
724 93 751 130 l.
816 92 875 129 De
906 91 1069 130 adventu
1099 93 1264 130 Domini.

236 208 356 233 norum
379 198 614 243 largitionem.
679 197 766 232 Dan.
793 195 885 231 XIII.
943 196 1048 231 Dabit
1075 198 1125 232 eis
1151 200 1359 241 potestatem
1385 198 1418 230 in
1444 197 1559 231 multis
1589 201 1621 231 et

234 269 364 299 terram
387 263 518 298 dividet
541 264 707 309 gratuito.
769 261 919 297 Glossa:
958 260 1193 295 Antichristus
1220 262 1375 306 deceptis
1401 262 1491 296 dona
1517 262 1624 296 multa

238 330 335 365 dabit
358 334 391 364 et
415 333 544 363 terram
570 338 633 362 suo
659 328 827 362 exercitui
853 326 996 360 dividet.
1061 326 1154 367 Quos
1179 328 1268 360 enim
1295 337 1357 361 suo
1380 331 1515 362 terrore
1541 327 1624 362 sub—

233 397 362 441 jugare
386 405 455 428 non
480 395 612 439 potuit,
661 394 813 428 avaritia
846 390 1062 437 subjugabit.
1135 391 1267 430 Quarto
1292 403 1355 436 per
1380 396 1625 427 tormentorum

238 461 439 495 illationem.
488 460 613 494 Daniel
635 459 730 494 VIlI:
764 459 879 502 Supra
906 467 1008 502 quam
1033 456 1128 491 credi
1154 461 1290 501 potest,
1318 459 1483 491 universa
1509 462 1627 491 vasta-

238 527 299 561 bit.
359 525 444 560 Item
471 524 662 570 Gregorius
687 525 833 569 loquens
861 524 902 558 de
934 522 1170 558 Antichristo:
1218 522 1394 557 Robustos
1421 525 1550 568 quippe
1575 525 1625 556 iu-

238 593 376 633 terticit,
402 602 476 626 cum
502 602 575 633 eos,
604 593 662 637 qui
688 592 805 624 invicti
830 594 920 630 suut,
946 588 1178 633 corporaliter
1198 590 1312 623 vincit.
1363 589 1517 623 Tertium
1535 590 1627 634 quod

241 657 427 702 praecedet
447 658 637 703 jiidicium,
700 658 765 691 erit
792 658 884 702 ignis
917 654 1154 695 vehementia,
1203 656 1259 699 qui
1287 654 1423 699 (piidem
1450 656 1628 700 praecedit

242 724 363 758 faciem
395 724 537 769 judicis.
607 723 703 757 illum
738 725 826 757 enim
861 724 975 767 ignem
1011 722 1144 755 emittet
1168 720 1273 755 Deus.
1346 721 1458 755 Primo
1487 725 1630 766 propter

241 790 355 823 muudi
391 791 669 823 innovationem:
717 787 883 833 purgabit
920 788 1008 821 enim
1039 791 1072 821 et
1098 786 1281 821 renovabit
1307 788 1421 820 omnia
1446 787 1629 827 elementa,

243 854 333 889 unde
360 858 393 889 et
418 855 462 888 ad
486 856 597 888 instar
622 864 736 899 aquae
762 854 906 895 diluvii,
957 852 1021 888 XV
1057 852 1182 887 cubitis
1220 851 1393 886 montibus
1420 853 1525 886 altior
1551 854 1629 892 erit,

244 922 333 954 sicut
358 921 483 954 dicitur
506 921 539 953 in
566 919 723 964 hystoria
747 919 983 962 scholastica,
1032 920 1114 964 quia
1150 928 1259 963 opera
1295 917 1467 951 hominum
1499 921 1631 950 tantum

244 986 434 1020 ascendere
467 986 499 1029 ¹)
537 990 711 1030 poterant.
784 985 943 1019 Secundo
981 988 1125 1029 propter
1161 983 1333 1018 hominum
1374 985 1630 1028 purgationem,

247 1052 327 1096 quia
351 1052 419 1085 illis
448 1053 506 1096 qui
531 1056 610 1085 tunc
633 1053 704 1085 vivi
730 1053 968 1097 reperientur,
1018 1051 1084 1083 erit
1110 1050 1205 1083 locus
1231 1051 1439 1094 purgatorii.
1510 1048 1632 1083 Tertio

244 1120 390 1160 propter
413 1118 579 1162 iuaj0rem
605 1117 843 1151 damnatorum
866 1117 1123 1150 cruciationem.
1195 1116 1326 1154 Quarto
1355 1119 1497 1159 propter
1521 1116 1632 1160 majo-

246 1193 315 1216 rem
340 1187 535 1224 sanctorum
561 1183 856 1217 illuminationem.
912 1182 996 1216 Nam
1023 1181 1208 1216 secuudum
1232 1180 1398 1215 Basilium
1425 1181 1515 1214 lleus
1541 1181 1633 1214 t'acta

245 1248 360 1281 mundi
393 1250 602 1293 purgatione
637 1249 769 1282 dividet
805 1249 957 1282 calorem
991 1257 1011 1280 a
1048 1246 1234 1290 splendore
1270 1251 1303 1280 et
1339 1250 1445 1280 totum
1479 1246 1630 1280 calorem

246 1315 358 1346 mittet
389 1313 433 1347 ad
467 1316 630 1359 regiones
657 1314 916 1354 damnatorum,
967 1316 1004 1345 ut
1030 1311 1178 1355 amplius
1203 1313 1417 1353 crucientur,
1468 1316 1502 1345 et
1526 1315 1633 1344 totum

247 1378 467 1422 splendorem
493 1378 537 1412 ad
565 1380 743 1424 regionem
767 1378 948 1412 beatorum
964 1405 971 1418 ,
1017 1381 1054 1410 ut
1079 1377 1227 1421 amplius
1248 1377 1492 1421 Jucuu(l‹.=ntur.
1543 1376 1634 1410 Cou-

247 1446 449 1478 comitantia
481 1449 561 1478 ante
587 1444 756 1489 judicium
789 1448 887 1478 eruut
914 1444 1027 1488 plura.
1099 1442 1246 1476 Primum
1271 1446 1324 1476 est
1348 1442 1556 1487 disceptatio
1575 1444 1635 1487 ju-

249 1509 347 1543 dicis.
396 1510 508 1545 Judex
534 1512 623 1544 euim
650 1512 683 1543 iu
704 1510 830 1544 vallem
855 1508 1029 1553 Josaphat
1055 1508 1243 1542 descendet
1266 1512 1299 1541 et
1325 1507 1435 1541 bonos
1461 1512 1495 1542 et
1523 1508 1634 1542 malos

245 1575 438 1620 judicabit,
465 1575 575 1609 bonos
601 1585 622 1609 a
646 1576 778 1610 dextris
806 1579 839 1609 et
862 1575 972 1608 malos
999 1584 1020 1608 a
1045 1575 1195 1607 sinistris
1222 1577 1362 1607 statuet.
1419 1572 1464 1607 Et
1489 1573 1634 1608 creden-

251 1641 328 1675 dum
357 1642 464 1675 estin
491 1641 567 1674 loco
594 1642 755 1675 eminenti
781 1652 855 1675 euin
879 1641 1049 1680 futurum,
1099 1639 1187 1672 unde
1219 1640 1347 1672 caeteri
1374 1643 1536 1683 poterunt
1557 1650 1633 1673 eum

253 1707 382 1742 videre.
431 1707 501 1741 Nec
526 1707 787 1751 intelligendum
813 1711 885 1748 est,
937 1706 1029 1751 quod
1061 1715 1179 1739 omnes
1205 1706 1296 1737 iutra
1321 1704 1413 1737 illam
1440 1704 1635 1738 valliculam

251 1772 512 1814 concludantur,
540 1772 706 1817 quiahoc
732 1777 825 1807 esset
852 1772 1005 1817 puerile,
1032 1775 1067 1805 nt
1093 1770 1175 1804 dicit
1195 1769 1432 1814 Hieronymus,
1461 1769 1525 1803 sed
1543 1771 1635 1815 quod

252 1842 352 1873 erunt
376 1838 424 1871 ibi
452 1842 486 1872 et
511 1840 541 1871 in
569 1838 654 1872 locis
681 1838 1015 1884 circumjarentibus.
1084 1836 1119 1870 lu
1146 1845 1256 1880 parva
1281 1839 1392 1869 autem
1417 1840 1511 1869 terra
1538 1837 1636 1869 innu-

252 1904 435 1938 merabilia
460 1904 567 1938 millia
594 1903 765 1937 homiuum
790 1915 867 1938 esse
884 1907 1043 1948 possunt,
1069 1903 1214 1935 maxime
1239 1901 1376 1946 quaudo
1392 1903 1632 1947 consti-iuguli>

254 1974 318 2003 tur.
378 1969 422 2003 Et
448 1972 477 2003 si
504 1980 646 2003 neeesse
675 1970 797 2006 l'uerit,
834 1970 933 2004 electi
960 1974 1059 2003 eruut
1088 1970 1119 2001 iu
1150 1972 1232 2001 aere
1256 1977 1439 2010 corporum
1465 1967 1635 2011 agilitate.

253 2036 412 2070 llamuati
449 2047 529 2069 vero
569 2037 671 2069 etiam
705 2046 782 2069 esse
818 2040 980 2080 poterunt
1016 2034 1133 2068 dixiua
1167 2032 1399 2076 suspendente,
1429 2034 1461 2075 ²)
1499 2035 1636 2068 virtute.

253 2102 341 2140 Quia
367 2106 398 2134 et
424 2107 502 2135 tune
530 2103 640 2146 judex
675 2114 748 2136 cum
788 2100 886 2135 malis
915 2098 1122 2142 disceptabit
1151 2102 1183 2132 et
1209 2108 1269 2131 eos
1297 2109 1358 2142 pro
1386 2098 1550 2142 operibus
1576 2101 1638 2132 mi-

254 2166 484 2203 sei·ic‹›1·‹tiav,
514 2170 570 2211 qui
598 2179 663 2201 nou
692 2168 884 2202 habueruut
901 2193 908 2205 ,
937 2164 1141 2209 objurgabit
1168 2168 1201 2196 et
1225 2167 1303 2196 tum·
1331 2173 1448 2197 munes
1473 2174 1578 2208 super
1602 2175 1639 2198 se

255 2232 434 2277 plangent.
461 2234 646 2267 secundum
673 2233 762 2278 quod
790 2231 942 2265 ostendit
971 2229 1238 2273 (2111'3'sostoinus
1267 2228 1452 2262 secuudum
1481 2233 1512 2271 ³)
1546 2229 1638 2263 Mat-

257 2297 391 2331 thaeum
418 2298 559 2332 dicens:
609 2299 777 2342 plangent
810 2309 847 2331 se
872 2296 996 2332 ,ludaei
1025 2295 1181 2329 videntes
1208 2296 1378 2328 virentem
1405 2299 1439 2328 et
1464 2295 1636 2329 viviticau-

255 2368 342 2401 tem,
386 2375 483 2408 quem
513 2365 610 2408 quasi
636 2363 803 2397 bominem
831 2366 997 2396 mortuum
1025 2360 1281 2398 existimabant,
1309 2364 1342 2395 et
1366 2362 1404 2404 ¹⁴)
1429 2371 1642 2406 consurgen-

255 2433 308 2461 tes
335 2440 372 2462 se
397 2431 535 2473 corpori
564 2429 744 2462 vulnerato
773 2429 885 2462 scelus
912 2439 1008 2461 suum
1033 2427 1207 2471 denegare
1235 2438 1300 2460 nou
1326 2430 1501 2471 poterunt.
1540 2426 1642 2460 Plan-

258 2498 341 2538 geut
365 2506 401 2527 se
426 2499 459 2527 et
483 2494 632 2537 gentiles
650 2522 657 2530 ,
709 2496 765 2539 qui
801 2495 909 2528 variis
941 2492 1236 2537 disputationibus
1272 2491 1556 2537 pbilosophorum
1584 2491 1636 2525 de

259 2561 350 2603 cepti
385 2560 658 2593 irrationabilem
692 2561 872 2594 stultitiam
913 2562 1122 2605 putaverunt
1155 2569 1234 2592 esse.
1259 2558 1364 2593 lleum
1392 2557 1506 2591 colere
1533 2559 1642 2590 cruri<

330 2657 356 2689 l)
376 2666 464 2685 ιιιηι,
485 2655 595 2681 adaluni
619 2657 806 2684 recentiores,
901 2658 929 2683 ‘N
950 2662 1109 2691 oper-'int
1123 2669 1153 2686 ι-,
1174 2656 1242 2684 edil,
1263 2666 1317 2681 rvr-¹
1333 2660 1371 2680 nt.
1465 2655 1491 2681 Al
1512 2663 1644 2687 snper,

262 2701 330 2729 ΝΜ.
352 2710 406 2729 ΙῚἘ.
483 2703 510 2733 4)
532 2704 649 2728 Restm<
669 2706 794 2727 retenta
816 2713 820 2724 ι
839 2711 881 2727 ἰιι
896 2713 904 2728 x
921 2702 1097 2729 innuentes
1117 2711 1154 2728 se
1176 2702 1219 2726 «le
1240 2708 1399 2734 corpure
1421 2697 1643 2726 vulnerato,
