1742 3005
381 75 475 124 Cap.
511 74 649 110 CXIII.
709 75 767 110 De
799 82 927 111 saneto
958 73 1169 111 Domiuieo.
1384 76 1460 113 481

87 183 246 217 invocato
272 178 316 214 ad
343 178 534 224 quamlibet
559 180 851 213 mensurationem
889 180 1024 214 nomine
1048 179 1132 214 Jesu
1169 184 1203 215 et
1231 181 1329 215 beati
1354 180 1471 215 Domi-

84 247 154 281 niei
177 246 340 281 continuo
366 255 405 280 se
430 244 629 279 alleviatum
655 247 810 279 sentiens
837 245 1061 279 exclamavit:
1096 256 1163 291 ego
1189 256 1262 280 sum
1288 246 1472 282 liberatus.

85 310 290 358 Exsul-gens
311 314 344 345 et
360 320 442 355 prae
459 310 590 356 gaudio
616 310 809 356 lacrymans
833 312 910 345 sine
936 310 1053 355 aliquo
1080 310 1280 346 fulcimento
1310 314 1404 348 venit
1427 313 1474 347 ad

88 377 284 420 ecclesiam,
325 378 359 410 in
401 386 471 422 qua
512 386 638 420 eorpus
671 377 783 410 sancti
815 375 984 409 Dominici
1020 378 1233 420 quiescebat.
1281 378 1319 412 In
1354 379 1474 414 eadem

88 453 228 489 quoque
260 443 401 477 civitate
431 441 539 475 multa
578 444 612 475 et
653 440 726 474 fere
760 439 1026 474 innumerabilia
1067 443 1237 476 miracula
1280 444 1372 479 Deus
1413 457 1474 489 per

87 517 186 542 suum
221 518 358 542 servum
389 506 603 540 Dominicum
638 508 804 548 operatus
838 509 902 539 est.
949 504 986 539 In
1013 505 1136 541 Sicilia
1164 508 1256 552 apud
1281 510 1475 555 Augustam

86 584 162 608 cum
190 573 309 619 puella
333 570 525 616 quaedam,
558 579 647 614 quae
672 570 756 602 vitio
783 569 912 614 lapidis
946 570 1153 614 laborabat,
1185 573 1292 607 incidi
1316 574 1474 612 deberet,

86 642 199 673 mater
223 639 301 684 ejus
326 646 389 682 pro
416 636 559 669 instanti
583 635 740 680 periculo
767 636 870 670 tiliam
896 646 993 670 suam
1017 637 1090 672 Deo
1118 643 1152 673 et
1176 638 1279 673 beato
1294 639 1474 675 Dominico

85 702 347 739 commendavit.
397 701 566 746 Sequenti
598 701 707 746 igitur
739 706 840 736 noete
875 702 1059 737 dormienti
1093 704 1230 748 puellae
1255 706 1379 741 beatus
1404 707 1475 742 Do-

87 770 232 804 minicus
258 768 395 802 adstitit
421 771 455 802 et
483 768 516 800 iu
541 776 643 800 manu
668 768 743 812 ejus
768 767 940 812 lapidem,
977 779 1044 813 quo
1069 770 1318 814 torquebatur,
1357 775 1477 817 posuit

87 839 121 869 et
146 835 341 876 abscessit,
368 844 467 878 quem
493 832 612 877 puella
639 833 811 878 evigilans
836 838 930 868 etse
955 834 1139 868 liberatam
1168 837 1347 870 inveniens
1374 841 1475 872 matri

86 900 184 935 dedit
216 903 251 934 et
284 900 453 933 visionem
480 909 544 943 per
569 898 724 932 ordinem
754 898 958 942 explicavit,
1006 905 1119 934 mater
1143 912 1225 935 vero
1250 902 1403 946 lapidem
1431 904 1475 938 ad

87 966 224 1000 domum
249 965 394 1000 fratrum
419 965 536 998 attulit
569 967 603 998 et
639 965 749 1008 ipsum
783 965 817 997 in
843 966 1042 1000 memoriam
1068 969 1154 1001 tanti
1178 969 1335 1002 miraculi
1359 979 1476 1004 coram

86 1033 240 1077 imagine
263 1030 360 1065 beati
383 1029 553 1064 Dominiei
580 1029 775 1074 suspendit.
823 1029 859 1063 ln
886 1030 1048 1077 Augusta
1072 1035 1214 1068 civitate
1238 1045 1311 1068 cum
1334 1037 1367 1068 iu
1385 1036 1475 1069 sesto

86 1096 326 1130 translationis
360 1094 458 1130 beati
492 1095 666 1130 Dominici
700 1099 881 1130 matronae
918 1098 1109 1142 quaedam,
1145 1111 1236 1144 quae
1263 1103 1296 1135 iu
1322 1102 1477 1137 ecelesia

86 1161 228 1195 fratrum
253 1162 435 1195 missarum
463 1161 656 1195 sollemniis
684 1161 886 1203 interfuere,
914 1162 1048 1197 domum
1075 1165 1227 1200 redirent
1254 1171 1287 1201 et
1304 1168 1475 1212 quandam

84 1227 261 1262 mulierem
286 1237 372 1272 prae
397 1228 533 1262 toribus
560 1228 681 1262 domus
708 1237 793 1261 suae
818 1226 967 1262 filantem
996 1229 1173 1272 viderent,
1209 1233 1321 1276 ipsam
1347 1235 1475 1268 carita-

84 1294 156 1327 tive
181 1292 398 1339 redarguere
425 1297 627 1338 coeperunt,
654 1303 714 1326 eur
741 1294 774 1326 in
806 1293 897 1328 sesto
926 1297 1012 1328 tanti
1039 1298 1148 1339 patris
1176 1307 1196 1331 a
1221 1299 1342 1332 servili
1368 1310 1475 1343 opere

84 1369 154 1393 non
195 1362 373 1400 cessaret,
428 1359 491 1392 illa
533 1369 616 1393 vero
660 1358 846 1404 indignata
888 1360 1089 1404 respondit:
1139 1374 1222 1405 vos,
1266 1375 1355 1409 quae
1390 1368 1475 1399 estis

90 1423 270 1468 ¹)bizotae
313 1424 478 1466 fratrum,
523 1424 648 1459 festum
683 1424 788 1458 colite
825 1427 931 1459 vestri
965 1429 1087 1463 saneti.
1136 1428 1329 1473 Statimque
1363 1431 1475 1464 (mulis

85 1491 118 1523 in
143 1492 311 1523 tumorem
338 1499 411 1523 cum
438 1492 573 1534 pruritu
599 1491 778 1524 conversis
807 1501 849 1524 ex
884 1492 972 1534 ipsis
1007 1498 1198 1536 coeperunt
1233 1505 1366 1529 vermes
1393 1506 1473 1540 pro-

83 1556 176 1589 tinus
193 1555 376 1597 scaturire,
402 1556 451 1589 ita
467 1555 559 1601 quod
582 1556 695 1590 vicina
714 1555 882 1600 quaedam
903 1555 1012 1590 XVIII
1032 1568 1164 1592 verines
1192 1559 1311 1594 eduxit
1336 1571 1377 1595 ex
1399 1562 1474 1606 ejus

85 1620 197 1655 oeulis
231 1622 446 1655 numeratim.
506 1620 719 1666 Couipuncta
753 1622 862 1666 igitur
903 1621 947 1655 ad
984 1623 1166 1658 ecclesiam
1201 1625 1345 1660 fratrum
1382 1629 1475 1661 venit

84 1685 204 1730 ibique
215 1690 363 1730 peccata
378 1695 442 1720 sua
458 1685 623 1720 confitens
640 1690 674 1721 et
694 1690 807 1720 votum
827 1688 999 1730 emittens,
1018 1690 1111 1733 quod
1130 1690 1171 1725 de
1191 1696 1331 1726 caetero
1352 1696 1472 1726 saneto

83 1750 149 1785 Dei
181 1750 361 1786 Dominico
393 1762 568 1798 nunquam
595 1751 799 1787 detraheret
833 1757 866 1787 ct
902 1755 979 1798 ejus
1015 1754 1141 1790 festum
1176 1756 1302 1792 devote
1337 1762 1472 1804 ageret,

80 1817 240 1861 protinus
260 1818 423 1852 restituta
442 1822 495 1852 est
511 1819 682 1863 pristinae
702 1820 859 1853 sanitati.
908 1820 1194 1856 Sanetimonialis
1214 1823 1386 1868 quaedam
1409 1834 1470 1858 no-

82 1882 173 1916 mine
199 1882 316 1917 Maria
339 1883 432 1928 apud
458 1883 621 1929 Tripolin
647 1886 680 1918 in
706 1887 943 1928 monasterio,
970 1887 1063 1931 quod
1089 1888 1218 1923 dicitur
1242 1888 1471 1934 Magdalena,

81 1947 312 1996 *jalidissimis
338 1948 597 1984 infirmitatibus
623 1950 829 1993 elaborans,
865 1956 901 1985 at
934 1953 967 1985 in
1000 1952 1089 1987 tibia
1120 1956 1279 1999 graviter
1303 1965 1473 1998 pereussa

83 2011 112 2046 V
129 2012 308 2047 mensibus
327 2016 484 2048 cruciatu
503 2015 698 2049 miserabili
717 2017 922 2061 urgebatur,
950 2019 999 2052 ita
1015 2023 1051 2052 ut
1071 2019 1221 2064 singulis
1240 2019 1338 2053 horis
1357 2022 1470 2054 exitus

80 2078 273 2114 timeretur.
308 2078 405 2118 Quae
430 2080 522 2113 iutra
547 2090 585 2114 se
610 2081 823 2126 recolligens
849 2084 1073 2127 semetipsam
1100 2085 1152 2117 sie
1179 2085 1310 2118 oravit:
1336 2086 1381 2118 mi
1406 2084 1469 2119 de*

79 2145 189 2186 mine,
225 2154 294 2178 non
320 2154 394 2178 sum
417 2155 484 2190 ego
503 2145 611 2191 digna
629 2156 732 2181 orare
752 2150 787 2181 te
806 2157 869 2181 nee
894 2151 966 2181 ate
994 2148 1166 2191 exaudiri,
1203 2149 1266 2183 sed
1290 2160 1379 2196 rogo
1406 2150 1467 2184 ‹lo-

79 2210 205 2243 miuum
221 2220 332 2244 meum
350 2208 490 2244 beatum
508 2210 734 2254 Domiuieum,
755 2216 792 2246 ut
810 2213 855 2246 sit
873 2213 1046 2248 mediator
1060 2216 1149 2249 inter
1167 2226 1220 2249 me
1237 2218 1271 2249 et
1288 2219 1323 2250 te
1335 2220 1370 2250 et
1386 2216 1467 2249 milri

78 2275 241 2318 impetret
264 2274 468 2310 beneficium
492 2277 667 2311 sanitatis.
718 2277 800 2312 Cum
826 2289 912 2324 ergo
942 2279 1000 2314 diu
1019 2290 1092 2314 cum
1114 2280 1275 2325 lacrymis
1293 2287 1466 2317 exoraret.

81 2341 115 2373 in
137 2334 269 2373 exstasi
288 2338 383 2374 saeta
402 2340 487 2375 vi‹lit
509 2340 650 2377 beatum
670 2336 885 2379 Dominicum
905 2344 1041 2379 duobus
1062 2356 1136 2380 eum
1158 2346 1325 2381 fratribus
1344 2353 1467 2391 aperta

80 2406 234 2447 eortina,
262 2415 352 2450 quae
376 2410 455 2440 ante
480 2406 604 2441 lectum
632 2409 707 2452 ejus
733 2409 931 2454 pendebat,
968 2413 1149 2447 intrantem
1175 2413 1316 2457 sibique
1348 2412 1446 2448 dicen

76 2473 165 2504 tem:
201 2480 309 2515 quare
340 2474 472 2505 tantum
506 2474 626 2506 sanari
661 2473 871 2510 desideras?
918 2475 958 2510 Et
991 2477 1068 2510 illa:
1112 2477 1272 2520 domine,
1315 2482 1351 2512 ut
1390 2478 1463 2512 Deo

76 2545 152 2570 meo
187 2535 348 2571 devotius
382 2539 514 2571 servire
550 2539 694 2582 possim.
744 2539 842 2574 Tune
878 2541 936 2576 ille
970 2541 1079 2576 desub
1113 2552 1229 2588 eappa
1268 2546 1462 2579 unctionem

74 2601 183 2635 mirae
210 2600 428 2648 fragrantiae
456 2603 640 2648 proferens
666 2604 785 2639 tibiam
814 2607 890 2651 ejus
917 2608 1012 2640 unxit
1040 2611 1072 2641 et
1099 2609 1213 2642 statim
1242 2614 1363 2643 sanata
1386 2610 1459 2644 suit.

141 2745 168 2777 1)
187 2745 373 2774 nrixoran
395 2748 462 2779 logii
486 2749 536 2775 Ed.
559 2752 599 2777 l'r.
