1742 3005
393 120 488 171 Cap.
518 117 634 159 LVII.
689 117 748 157 De
777 125 907 156 sancto
940 117 1150 155 Ambrosio.
1380 114 1460 156 255

79 226 176 266 rent,
214 221 277 257 ille
309 221 354 257 ab
381 223 427 257 iis
452 222 560 269 longe
583 224 720 268 positus
746 224 851 258 tertio
881 222 1106 257 exclamavit:
1140 231 1268 264 senex,
1302 220 1365 257 sed
1393 222 1459 257 bo-

76 299 154 323 nus.
201 288 303 330 Quod
332 289 516 325 audientes
539 290 654 325 territi
679 288 844 335 fugerunt
883 293 918 324 et
949 288 1088 322 nonnisi
1122 286 1218 321 illum
1262 292 1345 332 post
1384 290 1461 334 ejus

76 353 207 388 obitum
233 353 429 401 elegerunt,
453 357 489 390 in
510 355 591 389 loco
617 359 745 398 autem,
770 356 891 400 inquo
913 353 1068 400 Jaeebat,
1095 352 1183 387 vidit
1207 353 1325 389 Jesum
1351 354 1397 389 ad
1422 365 1461 391 se

70 421 270 464 ,venientem
296 425 331 455 et
355 421 424 455 sibi
447 421 543 456 vultu
568 421 679 455 alacri
703 420 925 455 arridentem.
982 418 1180 453 Honoratus
1207 430 1290 455 vero
1319 422 1460 465 episco-

74 496 140 531 pus
166 485 424 529 Vei-cellensis,
460 487 519 532 qui
543 486 639 521 beati
661 470 844 520 Ambrosii
872 484 1003 518 obitum
1031 485 1278 528 exspectabat,
1313 496 1386 520 cum
1422 497 1462 522 se

76 553 199 596 sopori
225 551 403 594 dedisset,
448 562 567 586 vocem
599 553 705 586 temo
731 561 770 585 se
806 550 986 584 clamantis
1021 549 1172 583 audivit:
1214 561 1342 596 surge,
1381 555 1463 598 quia

75 628 154 652 mox
183 621 237 652 est
269 627 486 652 recessuruS.
547 616 613 656 Qui
647 626 864 662 consurgens
897 615 1136 650 Mediolanum
1180 617 1336 651 concitus
1369 621 1463 653 venit

76 687 110 717 et
151 684 183 718 ei
217 682 381 716 dominici
415 683 573 727 corporis
608 686 861 717 sacramentum
894 681 991 716 dedit
1017 692 1166 727 moxque
1193 681 1252 716 ille
1278 693 1399 717 manus
1427 686 1462 719 in

75 748 210 783 modum
237 749 350 782 crucis
377 747 543 792 expandit
570 752 605 783 et
629 748 784 782 ultimum
801 748 959 792 spiritum
980 748 1072 781 inter
1095 747 1202 782 verba
1218 750 1289 782 oris
1317 749 1461 785 efflavit.

72 814 207 849 Floruit
231 814 326 848 circa
350 823 460 848 annos
489 813 618 848 domini
646 812 891 848 CCCLXXIX.
952 812 1035 847 Cum
1060 817 1175 847 autem
1208 815 1244 848 in
1268 820 1372 851 nocte
1397 826 1462 860 pa-

73 879 181 914 schae
223 889 349 924 corpus
383 881 459 925 eJus
491 879 535 914 ad
562 879 748 914 ecclesiam
774 879 901 913 fuisset
931 878 1105 920 delatum,
1138 879 1276 923 plurimi
1308 881 1461 917 infantes

72 945 243 990 baptizati
279 956 354 980 etun
387 944 570 988 viderunt,
612 946 663 979 ita
697 949 734 979 ut
768 945 878 990 aliqui
906 955 983 979 eum
1008 944 1189 979 sedentem
1224 947 1260 979 in
1291 946 1462 981 cathedra

71 1010 239 1045 tribunali
265 1010 439 1052 dicerent,
465 1010 527 1044 alii
551 1010 821 1045 adscendentem
843 1010 955 1056 digito
982 1011 1054 1044 suis
1082 1011 1287 1054 parentibus
1315 1011 1460 1047 demon-

73 1080 246 1120 strarent,
271 1076 429 1110 nonnulli
451 1087 535 1111 vero
563 1076 701 1110 stellam
726 1075 832 1121 super
855 1086 982 1121 eorpus
1016 1076 1092 1120 ejus
1121 1086 1160 1111 se
1194 1076 1313 1111 videre
1337 1088 1462 1113 narra-

74 1146 161 1177 rent.
210 1141 356 1182 Quidam
384 1142 561 1187 presbiter
585 1153 660 1177 cum
687 1144 722 1177 in
756 1143 914 1177 convivio
955 1152 1029 1176 cum
1055 1141 1170 1176 multis
1197 1142 1278 1176 aliis
1306 1147 1402 1178 esset
1428 1148 1462 1178 et

74 1212 196 1242 sancto
216 1208 404 1243 Ambrosio
433 1207 620 1244 detrahere
650 1210 847 1254 coepisset,
894 1210 929 1254 ¹)
954 1219 1030 1243 eum
1056 1210 1219 1242 continuo
1245 1208 1355 1255 plaga
1379 1220 1461 1254 per-

73 1274 158 1308 culit
185 1278 220 1309 et
244 1273 288 1310 de
315 1275 475 1309 convivio
499 1274 545 1308 ad
568 1274 694 1310 lectum
722 1274 846 1309 ductus
880 1276 983 1310 vitam
1018 1273 1138 1308 finivit.
1187 1273 1226 1309 In
1260 1275 1348 1310 urbe
1375 1276 1461 1311 Car-

72 1335 290 1386 thaginiensi
332 1350 408 1374 cum
441 1345 514 1375 tres
553 1342 713 1385 episcopi
747 1340 849 1375 simul
883 1342 1108 1374 conw‘vareut
1143 1344 1177 1374 et
1209 1351 1296 1375 unus
1343 1352 1462 1376 eorum

73 1405 178 1440 beato
203 1405 392 1440 Ambrosio
421 1405 655 1447 detraxisset,
682 1405 829 1440 relatum
856 1409 927 1447 est,
956 1405 1039 1451 quid
1064 1405 1117 1439 illi
1143 1405 1360 1451 presbitero,
1402 1409 1463 1453 qui

74 1470 146 1504 sibi
178 1470 402 1514 detraxerat,
444 1471 644 1506 accidisset.
702 1470 803 1510 Quod
842 1481 917 1505 cum
947 1471 1008 1505 ille
1043 1471 1297 1516 vilipenderet,
1343 1473 1461 1508 subito

73 1537 181 1571 letale
203 1537 328 1571 vulnus
361 1538 500 1581 accepit
532 1541 567 1572 et
592 1541 780 1572 extremum
813 1538 976 1571 continuo
1003 1536 1093 1571 diem
1120 1537 1256 1572 clausit.
1283 1559 1329 1564 —-
1349 1558 1395 1563 -
1417 1558 1463 1564 —-

75 1604 113 1639 ἶ.
135 1601 345 1645 Notandum,
372 1602 466 1648 quod
480 1602 605 1638 beatus
621 1602 829 1638 Ambrosius
845 1604 881 1636 in
905 1602 1021 1636 multis
1045 1603 1333 1638 commendabilis
1350 1604 1463 1640 fuiSse

74 1667 232 1710 videtur,
258 1669 370 1712 primo
399 1670 435 1703 in
459 1668 695 1711 liberalitate,
721 1669 805 1713 quia
824 1669 960 1711 omnia,
994 1678 1085 1714 quae
1109 1668 1287 1711 habehat,
1326 1681 1463 1715 paupe-

76 1744 149 1767 rum
177 1738 294 1776 erant,
325 1734 419 1769 unde
442 1734 552 1769 refert
577 1734 620 1769 de
646 1744 686 1769 se
712 1735 815 1779 ipso,
851 1733 943 1779 quod
977 1735 1181 1779 imperatori
1206 1737 1339 1779 petenti
1363 1735 1463 1770 basi-

74 1798 178 1833 licam
203 1800 255 1834 sie
279 1787 464 1844 respondit
485 1804 519 1835 et
544 1804 598 1835 est
617 1801 653 1835 in
673 1799 814 1835 decreto
835 1798 950 1833 XXIII
977 1811 1032 1845 qu.
1055 1799 1150 1835 VIII:
1171 1803 1361 1836 convenior
1382 1806 1463 1845 ete„

76 1866 108 1898 si
131 1874 153 1899 a
176 1875 230 1899 me
254 1869 411 1910 peteret,
448 1865 542 1911 quod
565 1876 678 1900 meum
703 1870 822 1908 esset,
858 1865 893 1899 id
920 1870 974 1900 est
1000 1865 1143 1901 fundum
1165 1877 1297 1909 meum,
1333 1877 1464 1914 argen-

74 1933 146 1964 tum
169 1941 281 1965 meum
307 1935 342 1965 et
363 1930 566 1978 huJusmodi
589 1942 723 1975 meum,
747 1943 819 1966 non
844 1931 1066 1977 refragarer,
1101 1943 1308 1978 quamquam
1337 1935 1464 1976 omnia,

76 2005 167 2041 quae
201 2006 278 2031 mea
312 2001 411 2039 sunt,
447 2007 639 2042 pauperum
672 2001 763 2032 sunt.
810 1996 973 2032 Secundo
1007 1999 1043 2032 in
1072 1998 1264 2034 munditiae
1290 2001 1465 2044 puritate3

77 2059 144 2094 fuit
163 2061 253 2094 enim
277 2062 393 2107 virgo.
439 2061 537 2097 Unde
564 2063 674 2098 refert
696 2062 923 2107 Hieronymus
949 2073 1025 2098 eum
1053 2063 1204 2099 dixisse:
1229 2065 1466 2110 virginitatem

76 2137 147 2160 non
172 2125 284 2160 solum
310 2126 499 2170 efferimus,
526 2127 590 2162 sed
611 2129 715 2162 etiam
740 2137 930 2163 servamus.
979 2128 1104 2163 Tertio
1126 2130 1161 2163 in
1186 2128 1267 2163 fidei
1292 2128 1466 2171 firmitate,

77 2191 170 2231 unde
196 2191 302 2235 dixit,
329 2202 405 2226 cum
429 2193 620 2238 imperator
642 2197 780 2238 peteret
801 2193 995 2235 basilicam,
1021 2198 1056 2228 et
1080 2198 1134 2229 est
1159 2195 1193 2228 in
1220 2193 1342 2229 eodem
1367 2195 1467 2239 capi-

77 2256 173 2291 tulo:
207 2259 304 2302 prIus
332 2262 405 2301 est,
433 2262 471 2293 ut
495 2260 642 2293 ammam
669 2259 755 2293 mihi
780 2268 881 2304 quam
907 2258 1025 2293 sedem
1060 2259 1207 2294 auferat.
1276 2259 1407 2299 Quarto
1432 2261 1467 2293 in

79 2323 226 2356 martirii
251 2322 419 2358 aviditate
430 2351 446 2366 ,.
465 2323 558 2359 unde
583 2324 716 2371 legitur
740 2326 775 2359 in
801 2324 954 2369 epistola
978 2335 1043 2359 sua
1063 2324 1106 2360 de
1128 2324 1281 2359 basilica
1298 2336 1368 2358 non
1392 2328 1466 2358 tra-

82 2387 221 2429 denda,
257 2387 351 2433 quod
379 2391 604 2434 praepositus
641 2390 876 2426 Valentiniani
904 2390 1092 2426 Ambrosio
1117 2390 1295 2424 mandavit
1327 2389 1468 2423 dicens:

80 2457 117 2487 tu
144 2453 335 2487 contemnis
360 2452 648 2498 Valentinianum,
675 2460 779 2500 caput
796 2457 861 2491 tibi
886 2455 986 2490 tollo.
1033 2454 1096 2489 Cui
1119 2454 1346 2488 Ambrosius:
1372 2453 1467 2488 Deus

81 2519 261 2563 permittat
290 2516 366 2562 tibi,
391 2521 429 2552 ut
453 2518 585 2562 facias,
612 2520 895 2566 quod-minaris,
921 2524 1029 2565 atque
1056 2520 1185 2554 utinam
1211 2519 1306 2554 Deus
1332 2523 1468 2555 avertat

150 2674 178 2709 ¹)
197 2673 251 2704 Ed.
268 2677 312 2702 Pr.
331 2673 468 2703 brevius:
496 2682 539 2702 eo
560 2658 751 2703 'continuo
771 2673 818 2702 nd
836 2673 978 2701 lectum
997 2672 1121 2702 ducto.
