1742 3005
251 129 333 169 616
391 130 486 179 Cap.
517 125 759 165 cxxxviii.
817 124 877 161 De
907 130 1038 160 sancto
1067 122 1240 159 Johanne
1272 121 1556 170 Chrysostomo.

252 234 394 274 bebant,
412 232 547 276 plurimi
567 233 679 264 autem
705 229 821 263 facere
838 226 1060 262 recusabant.
1087 226 1237 265 Quorum
1257 235 1344 260 unus
1363 222 1637 258 t'uitTheotinus

254 298 394 333 Siclliae
419 295 581 342 praesul,
610 297 664 329 vir
685 294 894 329 rectitudine
920 294 1011 326 vitae
1037 292 1304 331 famosissimus,
1331 291 1388 335 qui
1415 290 1464 323 ita
1488 297 1638 332 respon-

254 363 322 397 dit:
348 373 438 408 ego,
467 362 597 406 inquit,
622 360 820 405 Epiphani‚
847 369 959 404 aeque
984 358 1075 402 ejus,
1103 357 1160 401 qui
1186 354 1313 389 dudum
1339 353 1429 388 bene
1453 353 1639 398 requievit,

254 430 402 473 injurias
428 438 495 462 non
525 427 601 462 sero
627 436 741 471 neque
775 435 845 459 rem
872 423 1111 468 blasphemam
1139 425 1277 456 tentare
1301 429 1507 464 praesumo,
1543 417 1641 451 dam-

256 504 342 528 nans
369 504 433 535 ca,
467 503 557 538 quae
584 493 721 537 priores
747 492 860 525 nostri
886 499 1052 534 respuere
1086 488 1293 527 noluerunt,
1329 494 1406 519 nam
1431 494 1545 528 neque
1570 492 1642 516 ma-

255 561 322 594 lam
351 561 544 594 doctrinam
578 560 611 591 in
647 557 747 590 libris
780 557 856 601 ejus
890 566 969 590 esse
1002 554 1193 598 conspicio.
1244 551 1309 591 Qui
1334 550 1389 584 his
1415 548 1645 584 contumelias

256 626 428 666 inferunt,
464 625 623 658 nesciunt
648 623 881 666 semetipsos,
919 620 1135 655 Athanasius
1168 622 1281 652 autem
1312 615 1477 650 defensor
1498 614 1647 649 Nicaeni

256 691 395 725 concilii
423 693 546 723 contra
571 690 722 723 Arianos
748 692 872 721 testem
899 696 984 720 snae
1010 684 1090 719 fidei
1117 684 1209 718 hune
1227 685 1335 716 virum
1356 681 1523 726 appellat,
1552 680 1647 713 illius

257 756 368 789 libros
396 757 469 789 suis
497 755 715 799 conjungens
743 756 777 786 et
802 752 940 785 dicens:
970 749 1160 790 mirabilis,
1187 750 1318 793 inquit,
1348 752 1382 781 et
1404 746 1649 780 laboriosissi—

259 832 332 855 mus
353 821 526 866 Origenes
553 818 620 852 hoc
645 818 688 852 de
713 817 784 850 tilio
812 816 875 850 Dei
907 814 1011 848 nobis
1038 815 1271 847 testimouium
1299 812 1461 857 perhibet
1484 821 1650 846 asserens

259 891 479 921 coaeternum
512 895 588 919 eum
624 885 739 928 patri,
774 881 953 916 Johannes
988 883 1101 914 autem
1136 877 1339 923 indignatus
1372 888 1441 910 non
1474 881 1550 919 est,
1590 888 1652 911 cur

260 952 396 996 absque
439 950 572 996 regulis
616 951 648 982 in
691 948 842 982 ecclesia
876 956 941 980 sua.
972 945 1189 990 Epiphanius
1224 943 1479 978 ordinationem
1515 942 1652 979 fecerit.

262 1017 332 1052 Sed
359 1021 477 1051 tamen
502 1014 674 1060 rogabat,
711 1018 748 1047 ut
782 1015 872 1046 inter
909 1013 1096 1056 episcopos
1132 1021 1205 1044 cum
1238 1020 1279 1044 co
1306 1012 1472 1043 maneret.
1522 1008 1653 1043 Atilio

263 1093 326 1117 nec
351 1092 389 1116 se
409 1092 482 1115 cum
503 1091 544 1114 co
572 1090 712 1113 manere
735 1089 798 1113 uec
823 1088 926 1111 orare
951 1075 1147 1121 respondit,
1174 1076 1239 1109 nisi
1268 1075 1481 1119 Dyoscorum
1510 1075 1655 1119 ejiceret

263 1152 298 1182 et
324 1146 539 1181 damnationi
567 1145 734 1178 librorum
764 1144 928 1189 Origenis
955 1141 1206 1176 subscriberet.
1255 1141 1416 1175 Johanne
1442 1139 1508 1173 hoc
1536 1140 1654 1174 facere

264 1216 431 1248 renuente
466 1210 635 1244 adversus
668 1209 860 1245 =Iohannem
896 1209 939 1242 ab
974 1209 1049 1252 ejus
1081 1206 1208 1240 invidis
1232 1205 1450 1250 Epiphanius
1476 1206 1653 1239 incitatur.

264 1278 360 1313 Unde
385 1276 606 1322 Epiphanius
631 1275 742 1309 libros
769 1274 934 1321 Origenis
962 1273 1138 1307 damnavit
1172 1275 1206 1305 et
1231 1271 1444 1316 Dyoseorum
1470 1270 1656 1315 adJ'udica-

265 1345 315 1378 vit
353 1347 388 1377 et
418 1342 571 1378 Johanni
613 1346 779 1386 tanquam
814 1341 936 1375 horum
971 1339 1150 1373 defensori
1185 1336 1374 1371 detrahere
1405 1338 1535 1381 coepit.
1594 1337 1656 1371 Cui

265 1409 445 1444 Johannes
471 1407 669 1441 mandavit:
693 1412 816 1441 contra
839 1405 984 1452 regulas
1011 1404 1118 1438 multa
1144 1403 1280 1444 fecisti,
1314 1412 1333 1435 ο
1359 1401 1551 1447 Epiphani3
1584 1404 1657 1447 pri-

268 1485 373 1516 mum,
410 1475 494 1519 quia
527 1472 780 1507 ordinationem
814 1472 927 1506 fecisti
953 1472 987 1504 in
1013 1470 1165 1505 ccclesia
1189 1468 1252 1502 sub
1279 1478 1355 1502 meo
1378 1471 1459 1513 Jure
1485 1469 1657 1513 instituta,

270 1539 416 1580 deinde,
455 1540 537 1583 quia
578 1540 611 1572 in
642 1548 685 1573 ea
716 1539 925 1572 auctoritate
962 1537 1107 1581 propria
1142 1544 1246 1568 sacra
1274 1533 1484 1577 celebrasti,
1522 1545 1657 1577 rursus,

271 1605 354 1649 quia
380 1604 545 1636 inritatus
573 1606 763 1645 excusasti,
794 1606 828 1637 et
854 1612 945 1636 nunc
972 1601 1098 1642 derum,
1125 1602 1207 1645 quia
1234 1601 1267 1633 in
1292 1604 1327 1634 te
1352 1601 1464 1644 ipsum
1491 1600 1659 1643 confidis;

271 1672 489 1714 quapropter
529 1668 702 1710 observa,
747 1679 790 1702 ne
830 1669 863 1701 in
905 1667 1035 1711 populo
1071 1666 1200 1700 seditio
1234 1667 1368 1700 oriatur
1404 1671 1438 1700 et
1469 1666 1572 1711 huJus
1608 1668 1659 1702 rei

272 1734 463 1779 periculum
490 1734 567 1778 ipse
593 1734 779 1777 suscipias.
826 1732 898 1766 Hoc
929 1736 1043 1765 autem
1070 1732 1217 1766 audiens
1238 1731 1457 1776 Epiphanius
1481 1732 1660 1768 discessit.

273 1800 338 1839 Qui
373 1810 448 1833 cum
483 1799 526 1833 ad
566 1800 713 1844 (ljprum
740 1807 946 1833 reversurus
981 1800 1093 1838 esset,
1128 1797 1303 1830 mandavit
1333 1797 1503 1832 Johanni:
1541 1808 1658 1842 spero,

273 1866 356 1909 quia
382 1866 571 1908 episcopus
600 1875 668 1898 uon
694 1865 866 1897 morieris.
914 1862 961 1896 At
985 1862 1044 1896 ille
1071 1861 1308 1895 remandavit:
1341 1872 1467 1905 spero,
1501 1864 1582 1906 quia
1613 1863 1659 1897 ad

272 1935 366 1965 tuam
402 1932 550 1974 patriam
590 1940 658 1963 non
692 1928 836 1962 redibis.
889 1927 987 1967 Quod
1015 1928 1065 1960 sic
1097 1928 1223 1960 evenit.
1270 1926 1356 1960 Nam
1383 1926 1600 1972 Epiphanius
1626 1930 1661 1962 in

274 1997 332 2030 via
365 1995 454 2030 obiit
491 2000 524 2030 et
555 1994 733 2030 Johannes
769 1998 850 2038 post
881 1993 1049 2028 modicum
1086 1992 1128 2026 de
1166 1993 1372 2036 episcopatu
1406 1992 1587 2037 depositus
1627 1995 1660 2027 iu

275 2061 401 2095 exsilio
436 2062 540 2094 vitam
574 2059 698 2096 linivit.
745 2059 799 2093 Ad
831 2058 1053 2107 sepulchrum
1089 2062 1202 2092 autem
1238 2057 1342 2102 hujus
1376 2056 1563 2102 Epiphanii
1597 2060 1663 2094 viri

275 2126 488 2159 sanctissimi
520 2124 707 2159 daemones
743 2125 974 2169 expelluntur.
1023 2122 1102 2157 Fuit
1136 2127 1250 2157 autem
1284 2124 1337 2157 vir
1371 2125 1479 2158 mirae
1505 2124 1665 2158 liberali-

275 2191 359 2224 tatis
385 2190 429 2224 ad
455 2200 639 2234 pauperes.
691 2190 756 2229 Qui
782 2200 855 2223 cum
884 2188 1034 2234 quadam
1061 2189 1135 2224 vice
1162 2192 1270 2222 totam
1287 2189 1462 2223 eeclesiae
1482 2191 1664 2233 pecuniam

277 2259 465 2300 erogasset
491 2259 525 2289 et
550 2255 635 2288 nihil
661 2255 728 2289 sibi
754 2256 992 2296 remansisset,
1017 2254 1157 2299 quidam
1179 2254 1295 2289 subito
1321 2256 1464 2289 veniens
1490 2254 1664 2288 sacculum

277 2321 459 2355 multarum
496 2322 717 2364 pecuniarum
751 2321 820 2354 sibi
852 2320 980 2354 obtulit
1014 2330 1054 2354 ac
1088 2319 1273 2361 discessit,
1312 2330 1375 2355 nec
1407 2319 1499 2354 unde
1532 2321 1667 2354 venerit

278 2390 339 2420 aut
372 2397 440 2431 quo
472 2385 618 2427 abierit,
659 2387 782 2420 scitum
815 2385 890 2419 suit.
939 2386 1119 2430 Pauperes
1154 2385 1293 2430 quidam
1326 2385 1484 2420 volentes
1509 2383 1664 2429 Epipha-

280 2453 371 2484 nium
407 2451 591 2495 decipere,
624 2455 661 2485 ut
695 2451 827 2496 aliquid
862 2452 905 2484 iis
941 2450 1061 2493 daret,
1097 2462 1183 2485 unus
1220 2462 1338 2485 eorum
1372 2452 1531 2495 supinum
1562 2459 1600 2483 se
1632 2450 1666 2483 in

282 2521 375 2550 terra
408 2518 621 2560 prostravit,
657 2516 748 2550 alter
783 2526 890 2560 super
922 2527 997 2551 eum
1031 2520 1127 2550 stans
1162 2518 1264 2561 quasi
1292 2520 1460 2550 mortuum
1496 2514 1601 2548 {lebat
1634 2518 1668 2548 et

282 2581 373 2624 qnod
399 2581 506 2622 nihil,
543 2581 635 2616 unde
662 2592 738 2615 cum
764 2582 917 2625 sepelire
951 2585 1093 2626 posset,
1130 2581 1297 2623 haberet,
1334 2580 1488 2625 querulis
1523 2578 1668 2613 vocibus

284 2646 469 2682 clamabat.
517 2645 734 2690 Epiphanius
761 2648 868 2692 igitur
897 2648 1169 2691 superveniens,
1203 2650 1241 2680 ut
1274 2647 1307 2679 in
1340 2646 1456 2689 quiete
1490 2644 1668 2685 dormiret,

285 2711 400 2744 oravit
427 2715 460 2744 ct
487 2712 689 2755 sepulturae
716 2713 919 2748 neccssaria
953 2713 1163 2747 ministravit
1198 2710 1438 2754 hominemque
1466 2710 1669 2745 consolatus
