1742 3005
244 153 327 196 250
557 158 654 208 Cap.
683 155 800 194 LVIl.
855 156 916 195 De
944 163 1076 195 sancto
1105 157 1316 195 Ambrosio.

696 372 822 435 GAP.
857 371 984 434 LVII.
1020 372 1167 436 (55).

559 474 660 518 De
693 475 914 518 saneto
944 472 1306 519 Ambrosio.

329 580 537 617 Ambrosius
565 583 694 619 dieitur
717 584 760 619 de
785 584 927 627 ambra,
962 595 1052 630 qnae
1078 589 1132 619 est
1161 586 1301 630 speeies
1336 582 1439 620 valde
1463 583 1630 619 redolens

240 650 275 681 et
309 650 477 692 pretiosa.
538 648 610 684 Iste
650 651 740 685 enim
779 650 954 685 eeclesiae
994 650 1097 685 valde
1137 652 1314 695 pretiosus
1352 651 1488 684 exstitit
1527 654 1562 684 et
1596 652 1630 684 in

239 713 344 748 dictis
387 718 421 749 et
458 716 492 748 in
526 715 630 749 saetis
664 717 737 750 suis
764 716 868 751 valde
896 716 1059 751 redoluit.
1108 716 1174 751 Vel
1200 716 1327 751 dieitur
1350 715 1559 750 Ambrosius
1585 715 1628 750 ab

238 780 360 814 ambra
386 784 420 814 et
444 791 547 826 Syos,
573 781 667 826 quod
693 786 746 816 est
769 781 886 823 Deus,
915 783 1016 827 quasi
1041 782 1161 816 ambra
1185 782 1261 817 Dei.
1317 782 1412 817 Deus
1451 783 1539 817 enim
1565 793 1630 826 per

238 855 315 880 eum
365 847 467 891 quasi
508 857 571 890 per
625 846 779 880 ambram
830 846 962 892 ubique
1011 847 1160 881 redolet.
1230 846 1310 881 Fuit
1362 848 1450 881 enim
1496 851 1530 881 et
1575 851 1630 881 est

235 910 350 946 bonus
377 911 466 946 odor
493 912 625 947 Christi
651 914 685 947 in
712 914 805 947 omni
831 912 921 947 loco.
979 911 1045 948 Vel
1072 912 1200 947 dieitur
1225 912 1269 947 ab
1295 912 1428 955 ambor,
1456 912 1547 958 quod
1575 915 1629 947 est

236 982 338 1022 pater
361 978 525 1021 luminis,
558 982 592 1013 et
617 981 712 1022 sior,
741 978 835 1024 quod
861 982 915 1014 est
939 979 1126 1023 parvulus:
1152 979 1234 1024 quia
1259 982 1360 1023 pater
1384 980 1419 1013 in
1444 978 1627 1012 multorum

237 1043 386 1077 filiorum
406 1044 583 1089 spirituali
604 1046 846 1090 generatione,
870 1045 1062 1079 luminosus
1089 1046 1124 1079 in
1149 1055 1273 1080 sacrae
1297 1046 1492 1089 scripturae
1517 1054 1627 1089 expo-

236 1110 367 1144 sitione
394 1114 428 1144 et
454 1110 623 1154 parvulus
650 1111 685 1145 in
710 1120 776 1145 sua
799 1110 922 1146 humili
948 1112 1228 1145 conversatione.
1286 1109 1350 1146 vel
1375 1111 1466 1144 sieut
1498 1110 1626 1144 dieitur

234 1175 270 1209 in
297 1174 500 1210 Glossario:
525 1175 723 1219 ambrosia,
750 1187 832 1212 esca
857 1176 1080 1222 angelorum,
1116 1175 1328 1211 ambrosium
1358 1176 1513 1211 eoeleste
1538 1175 1624 1211 mel-

233 1240 279 1275 lis
315 1241 444 1277 favum.
490 1241 571 1276 Fuit
602 1243 692 1276 enim
733 1242 899 1278 eoelestis
926 1241 1016 1276 odor
1038 1252 1103 1286 per
1139 1241 1355 1277 odoriferam
1379 1242 1527 1286 samam,
1562 1251 1621 1276 sa-

232 1318 299 1353 por
318 1318 383 1352 per
414 1307 744 1353 contemplationem
769 1309 943 1351 intimam,
980 1307 1136 1343 eoeleste
1162 1307 1277 1342 mellis
1312 1308 1428 1344 favum
1452 1319 1518 1353 per
1543 1307 1621 1342 dul-

232 1384 307 1409 cem
329 1375 582 1419 scripturarum
610 1375 866 1420 expositionem
883 1402 892 1418 ,
926 1384 1010 1410 esca
1041 1374 1207 1420 angelica
1232 1385 1297 1419 per
1329 1374 1523 1420 gloriosam
1548 1374 1622 1409 fru-

231 1440 386 1474 itionem.
433 1439 519 1487 EJus
552 1442 658 1477 vitam
682 1441 828 1486 scripsit
859 1440 1027 1476 Paulinus
1062 1440 1218 1476 Nolanus
1254 1441 1443 1486 episeopus
1476 1439 1522 1474 ad
1546 1440 1619 1475 Au-

231 1507 421 1551 gustinum.
1159 1546 1162 1547 γ

319 1576 358 1609 1.
384 1571 613 1615 Ambrosius,
640 1572 732 1607 filius
765 1572 953 1608 Ambrosii
969 1573 1141 1618 praefecti
1166 1572 1317 1616 Romae,
1354 1574 1428 1607 cuin
1454 1573 1490 1607 in
1515 1581 1620 1606 euna-

229 1636 323 1671 bulis
360 1638 396 1671 in
436 1638 525 1671 atrio
560 1640 731 1682 praetorii
765 1643 862 1674 esset
884 1639 1021 1684 positus
1047 1643 1082 1674 et
1106 1639 1294 1681 dormiret,
1347 1648 1492 1673 examen
1517 1647 1619 1681 apum

229 1702 345 1736 subito
371 1704 516 1737 veniens
543 1703 669 1737 faeiem
696 1704 772 1748 ejus
800 1708 833 1738 et
860 1715 900 1738 os
930 1706 979 1738 ita
1004 1704 1203 1749 complevit,
1236 1709 1274 1739 ut
1308 1705 1409 1750 quasi
1436 1705 1471 1738 in
1496 1704 1618 1738 alveo-

228 1768 297 1802 lum
331 1779 430 1803 suum
468 1769 640 1803 intrarent
673 1771 806 1814 pariter
832 1773 866 1803 et
895 1771 1041 1804 exirent.
1092 1770 1188 1810 Quae
1213 1775 1340 1815 postea
1366 1770 1546 1804 evolantes
1585 1770 1620 1804 in

229 1839 359 1869 tantam
385 1837 477 1869 aeris
503 1834 721 1869 altitudinem
748 1833 954 1869 sublevatae
979 1839 1071 1877 sunt,
1105 1840 1142 1869 ut
1167 1835 1325 1869 humanis
1341 1836 1454 1869 oeulis
1481 1837 1619 1870 minime

228 1900 441 1936 viderentur.
498 1900 572 1940 Quo
602 1904 751 1945 peracto
776 1902 920 1935 territus
953 1904 1054 1945 pater
1089 1901 1158 1934 ait:
1194 1901 1225 1935 si
1262 1901 1391 1935 vixerit
1427 1900 1617 1935 infantulus

227 1968 313 2009 iste,
361 1966 495 2012 aliquid
528 1968 646 2012 magni
681 1968 758 2001 erit.
816 1966 947 2002 Postea
980 1977 1055 2001 eum
1081 1966 1301 2001 adolevisset
1326 1970 1360 2000 et
1384 1965 1519 2000 videret
1545 1975 1617 1999 ma-

226 2036 312 2067 trem
339 2036 372 2066 et
398 2043 578 2075 sororem,
621 2042 756 2066 sacram
793 2034 987 2078 virginem,
1033 2042 1155 2067 manus
1183 2031 1426 2067 sacerdotibus
1452 2031 1617 2073 oseulari,

229 2099 304 2142 ipse
343 2098 466 2132 ludens
492 2099 610 2132 sorori
641 2098 798 2133 dextram
825 2098 998 2133 offerebat
1024 2108 1213 2141 asserens,
1259 2102 1294 2133 et
1330 2097 1399 2132 sibi
1434 2097 1470 2132 id
1505 2097 1548 2131 ab
1575 2107 1618 2132 ea

227 2164 302 2198 lieri
327 2169 504 2209 oportere.
552 2163 618 2198 Illa
642 2175 724 2199 vero
740 2191 748 2206 ,
776 2168 814 2198 ut
840 2164 1103 2199 adolescentem
1129 2169 1163 2199 et
1187 2165 1422 2206 nescientem,
1449 2163 1531 2209 quid
1559 2163 1614 2197 di-

227 2234 342 2271 ceret,
369 2230 569 2274 respuebat.
618 2229 747 2265 Romae
773 2231 883 2276 igitur
906 2230 1035 2264 litteris
1061 2229 1220 2265 eruditus
1255 2239 1331 2263 eum
1358 2238 1484 2264 causas
1510 2238 1615 2273 prae-

225 2296 309 2329 torii
337 2295 521 2339 splendide
545 2300 750 2340 peroraret,
799 2306 820 2331 a
845 2296 1090 2332 Valentiniano
1119 2297 1330 2340 imperatore
1357 2295 1401 2329 ad
1427 2293 1615 2339 regendam

224 2362 405 2407 Liguriam
453 2359 680 2406 Emiliamque
718 2363 932 2406 provinciam
979 2360 1134 2396 directus
1179 2365 1253 2404 est,
1297 2371 1442 2406 eumque
1474 2359 1614 2395 Medio-

226 2428 341 2462 lanum
374 2428 533 2462 venisset
565 2431 599 2462 et
631 2427 760 2462 ibidem
799 2429 986 2472 episeopus
1013 2431 1094 2462 tunc
1119 2428 1281 2470 deesset,
1317 2427 1478 2461 convenit
1502 2436 1612 2471 popu-

226 2494 299 2536 lus,
326 2498 363 2528 ut
386 2493 455 2528 sibi
483 2492 526 2528 de
552 2494 719 2538 episcopo
745 2493 958 2538 provideret.
1008 2494 1078 2529 Sed
1105 2505 1180 2529 eum
1205 2495 1296 2528 inter
1318 2493 1469 2528 Arianos
1495 2496 1530 2527 et
1553 2501 1610 2525 ea—

227 2559 377 2593 tholieos
417 2559 459 2593 de
494 2559 658 2605 eligendo
693 2561 860 2604 episcopo
896 2560 1027 2595 seditio
1059 2571 1128 2595 non
1154 2559 1294 2594 modica
1321 2559 1490 2598 oriretur,
1530 2555 1612 2590 illue

226 2625 431 2659 Ambrosius
463 2635 570 2659 eausa
594 2624 774 2659 sedandae
799 2625 985 2660 seditionis
1019 2627 1175 2670 perrexit
1201 2629 1236 2660 et
1259 2625 1374 2658 statim
1404 2632 1469 2657 vox
1496 2622 1608 2656 insan-

226 2689 270 2721 tis
297 2689 450 2723 insonuit
474 2690 595 2724 <licens
623 2690 845 2725 Ambrosium
872 2693 1095 2736 episcopum,
1132 2691 1232 2735 eujus
1266 2689 1344 2725 voci
1376 2698 1494 2722 onmes
1522 2698 1607 2722 nna—

226 2754 363 2788 nimiter
386 2760 639 2790 consenserunt
665 2756 884 2792 Ambrosium
911 2758 1111 2802 episcopum
1137 2755 1383 2790 acclamantes.
1449 2754 1523 2794 Quo
1551 2753 1609 2789 ille
