1742 3005
279 95 372 146 Cap.
405 94 575 132 CLXIII.
624 94 683 132 De
713 96 1074 133 commemoratione
1104 96 1326 133 animarum.
1414 95 1496 137 729

117 197 326 233 satIsfacere
351 209 418 233 non
445 199 573 242 valeat,
601 199 661 234 sed
684 198 844 243 adjuvari
865 197 1032 244 indigeat.
1083 197 1241 233 Tertium
1261 202 1314 234 est
1332 208 1374 233 ex
1399 203 1499 243 parte

115 263 223 306 illius,
249 265 282 297 ln
302 274 401 309 quem
422 263 459 298 fit
474 266 710 306 commutatio,
737 263 872 298 scilicet
889 265 1031 306 caritas,
1055 265 1137 309 quia
1155 273 1301 299 necesse
1320 268 1373 298 est
1388 265 1499 309 Ipsum

115 338 197 363 esse
221 330 257 363 in
281 330 524 375 caritatesqui
548 329 658 364 faciat
682 331 792 374 ipsam
821 328 1095 363 satisfactionem
1122 339 1200 364 esse
1227 330 1439 363 meritoriam
1467 334 1501 365 et

115 393 400 428 satisfactoriam.
450 395 614 435 Quartum
636 399 688 430 est
706 405 748 428 ex
769 398 868 438 parte
884 403 1030 437 poenae,
1059 394 1194 428 scilicet
1213 393 1332 428 debita
1350 406 1500 440 propor-

114 458 346 503 tionabilitas‚
373 464 409 494 ut
433 460 599 494 videlicet
623 461 734 493 minor
762 467 874 502 poena
902 461 1129 491 commutetur
1155 459 1189 491 in
1210 460 1391 504 majorem,
1419 462 1500 505 quia

118 524 194 568 plus
228 525 404 560 satisfacit
438 525 511 560 Deo
545 534 659 569 poena
692 524 836 568 propria
862 532 961 567 quam
996 522 1121 557 aliena.
1171 521 1234 557 Est
1259 525 1348 558 enim
1373 525 1502 570 triplex

118 599 252 634 poena,
287 590 422 625 scilicet
459 591 603 634 propi-ia
635 592 668 623 et
701 588 918 628 voluntaria,
954 591 987 622 et
1018 587 1108 622 haec
1141 590 1287 623 maxime
1314 589 1490 624 satisfacit

117 654 279 689 Secunda
312 659 366 690 est
403 656 546 699 propria
581 658 613 688 et
647 664 714 688 non
748 653 966 695 voluntaria,
1002 663 1092 699 quae
1125 658 1177 688 est
1213 655 1245 688 in
1281 657 1499 701 purgatorio.

118 719 242 755 Tertia
277 724 330 755 est
361 710 580 761 voluntaria,
623 718 687 755 sed
719 729 787 753 non
823 719 990 763 propria,
1029 720 1118 753 sicut
1159 724 1212 754 est
1255 721 1288 754 in
1323 720 1505 765 praedicta

115 788 403 828 commutatione,
431 789 466 820 et
490 784 579 819 haec
603 786 713 819 minus
740 784 939 825 satisfacit,
972 793 1072 829 quam
1098 786 1222 829 prima,
1251 796 1293 820 ex
1318 797 1381 828 eo,
1409 786 1501 832 quod

116 861 184 885 non
210 855 264 886 est
289 852 455 896 propria,
497 854 531 884 et
555 851 668 895 magis
701 859 801 895 quam
829 849 994 891 secunda,
1023 861 1063 884 ex
1091 861 1153 891 eo,
1182 850 1272 895 quod
1300 855 1352 885 est
1379 851 1503 885 volun-

115 919 218 952 taria.
267 917 511 952 Verumtamen
530 917 560 950 si
581 917 658 956 iste,
684 925 746 959 pro
772 924 839 959 quo
861 914 1059 948 satisfactio
1082 919 1134 949 est
1159 921 1325 958 assumta,
1353 916 1503 955 decedit,

118 982 342 1016 nihilominus
369 986 484 1016 tamen
510 982 543 1014 in
570 980 777 1026 purgatorio
806 980 1001 1022 cruciatur,
1028 979 1089 1014 scd
1114 984 1230 1015 tamen
1255 992 1318 1026 per
1342 993 1502 1027 poenam,

118 1057 219 1093 quam
250 1049 328 1091 ipse
362 1048 511 1081 sustinet
544 1050 577 1079 et
610 1054 712 1090 quam
747 1044 806 1078 alii
836 1056 899 1089 pro
928 1055 969 1080 eo
996 1046 1155 1088 solvunt,
1193 1048 1296 1082 citius
1322 1048 1504 1090 liberatur,

119 1113 280 1157 quoniam
317 1112 474 1146 dominus
508 1114 542 1146 et
574 1120 720 1155 poenam
756 1121 852 1145 suam
883 1115 917 1145 et
953 1121 1100 1156 poenam
1133 1112 1271 1146 illorum
1307 1115 1339 1147 in
1374 1118 1503 1148 sortem

116 1180 303 1222 computat.
351 1175 448 1212 Unde
485 1178 515 1211 si
549 1176 670 1211 debuit
704 1178 736 1210 in
764 1178 971 1223 purgatorio
997 1188 1142 1222 poenam
1169 1178 1312 1212 duorum
1337 1181 1504 1214 mensium

118 1244 310 1285 sustinere,
344 1242 464 1277 taliter
491 1244 541 1277 sic
567 1244 696 1287 poterit
725 1244 861 1286 Juvari,
905 1243 996 1288 quod
1029 1242 1240 1278 liberabitur
1271 1255 1338 1278 uno
1372 1255 1502 1280 mense.

117 1308 297 1354 Nunquam
341 1312 455 1343 tamen
499 1307 581 1342 inde
627 1308 794 1351 eripitur,
834 1319 1017 1353 quousque
1055 1309 1207 1343 debitum
1253 1312 1298 1344 sit
1343 1311 1503 1346 solutum,

118 1374 194 1414 Quo
220 1374 336 1408 soluto
363 1373 448 1407 illud
476 1373 650 1414 debitum,
686 1373 777 1418 quod
804 1374 973 1416 solvitur,
1007 1374 1171 1419 deinceps
1201 1380 1254 1409 est
1276 1377 1407 1420 ipsius,
1447 1376 1506 1420 qui

119 1438 226 1481 facit,
261 1443 295 1474 et
321 1440 355 1472 in
380 1439 490 1472 sinum
518 1438 595 1483 ejus
622 1440 837 1473 convertitur
861 1443 897 1474 et
920 1441 950 1474 si
978 1441 1054 1484 ipse
1080 1451 1149 1474 non
1175 1440 1330 1486 indiget,
1356 1450 1504 1475 convcr-

118 1506 204 1539 titur
226 1506 261 1538 in
287 1506 397 1538 sinum
427 1503 613 1547 ecclesiae,
642 1504 695 1538 vel
718 1504 811 1539 valet
829 1505 921 1547 aliis,
953 1507 1011 1550 qui
1033 1507 1065 1539 in
1085 1508 1292 1551 purgatorio
1314 1510 1404 1540 sunt.
1440 1505 1506 1540 Se-

121 1569 237 1612 cundi,
258 1570 361 1615 quiin
380 1570 621 1615 purgatorium
643 1569 870 1613 descendunt,
888 1575 979 1612 sunt,
998 1572 1054 1616 qui
1071 1570 1347 1605 satisfactionem
1368 1570 1504 1616 quidem

120 1636 310 1681 injunctam
335 1635 609 1680 compleverunt,
642 1635 706 1669 sed
735 1640 849 1670 tamen
873 1636 935 1670 illa
961 1646 1075 1680 poena
1100 1641 1244 1680 propter
1272 1638 1506 1682 ignorantiam

122 1701 177 1736 vel
194 1701 444 1747 negligentiam
464 1699 659 1735 sacerdotis
676 1699 852 1735 sufficiens
867 1712 936 1735 non
962 1700 1038 1735 fuit.
1087 1701 1128 1736 Hi
1153 1703 1255 1743 enim,
1281 1703 1349 1735 nisi
1371 1703 1508 1748 magni—

120 1766 206 1800 tudo
232 1767 452 1801 contritionis
478 1766 660 1810 suppleat,
692 1770 800 1800 totuin
835 1767 868 1800 in
902 1768 1109 1813 purgatorio
1140 1767 1381 1812 complebunt,
1416 1767 1508 1813 quod

122 1834 234 1866 minus
260 1833 293 1865 in
319 1831 384 1866 hac
410 1832 482 1865 vita
508 1830 677 1866 fecerunt.
724 1831 819 1866 Deus
856 1833 964 1875 enim,
997 1834 1056 1878 qui
1091 1832 1214 1867 modos
1249 1836 1283 1867 et
1314 1843 1509 1878 mensuram

122 1881 342 1942 peccatorum
369 1900 404 1931 et
428 1906 616 1941 poenarum
643 1898 758 1939 novit,
795 1897 894 1932 addit
918 1909 1065 1943 poenam
1094 1898 1343 1940 sufficientem,
1375 1909 1418 1932 ne
1443 1898 1509 1932 ali-

123 1961 218 2007 quod
242 1966 421 2006 peccatum
454 1963 655 2006 impunitum
684 1967 875 1998 remaneat.
922 1962 1018 1998 Unde
1044 1966 1260 2008 poenitentia
1278 1965 1434 2009 injuncta
1453 1967 1513 1998 aut

125 2031 180 2061 est
206 2027 319 2072 maj0r
342 2030 402 2061 aut
423 2027 584 2071 aequalis
610 2031 669 2061 aut
694 2029 824 2069 min0r3
851 2030 880 2062 si
908 2030 1041 2072 major,
1068 2033 1149 2062 tunc
1174 2030 1281 2070 illud,
1312 2029 1404 2074 quod
1433 2029 1512 2073 plus

126 2091 268 2133 fecerit,
298 2090 391 2126 cedit
426 2093 456 2125 ei
483 2090 527 2124 ad
553 2096 773 2136 augmentum
799 2092 957 2138 gloriae,
993 2095 1021 2127 si
1054 2093 1235 2138 aequalis,
1270 2098 1350 2128 tunc
1383 2093 1514 2127 sufficit

126 2157 173 2191 ad
198 2156 435 2191 dimissionem
462 2157 570 2190 totius
601 2157 742 2201 culpae⁷
777 2159 807 2190 si
843 2158 970 2200 minor,
1004 2162 1084 2193 tunc
1120 2158 1227 2201 illud,
1265 2158 1356 2204 quod
1391 2162 1513 2200 restat,

126 2222 310 2268 suppletur
345 2232 387 2256 ex
426 2223 553 2256 virtute
589 2222 730 2256 divinae
757 2224 932 2267 justitiae.
980 2223 1030 2258 De
1061 2223 1115 2258 his
1143 2234 1250 2267 vero,
1285 2226 1342 2269 qui
1376 2225 1411 2258 in
1447 2223 1514 2258 fine

127 2289 326 2333 poenitent,
359 2287 454 2329 audi,
487 2287 569 2332 quid
597 2288 815 2333 Augustinus
842 2290 987 2323 sentiat:
1013 2289 1213 2334 baptizatus
1238 2289 1281 2324 ad
1308 2289 1430 2324 horam
1457 2299 1514 2324 se-

127 2362 230 2387 curus
248 2352 326 2386 hinc
345 2354 428 2395 exit,
448 2352 562 2387 fidelis
583 2352 672 2388 bene
699 2356 817 2389 vivens
841 2365 984 2389 securus
1004 2355 1082 2389 hinc
1106 2357 1178 2390 exit
1199 2366 1309 2402 agens
1334 2357 1516 2399 poeniten-

129 2419 228 2460 tiam,
249 2421 283 2451 et
299 2418 557 2461 reconciliatus,
585 2428 658 2453 cum
679 2429 786 2454 sanus
811 2425 877 2461 est,
895 2430 1040 2455 securus
1061 2420 1141 2455 hinc
1163 2422 1246 2463 exit,
1273 2431 1340 2466 ego
1359 2431 1427 2454 non
1444 2430 1518 2454 sum

129 2492 294 2524 secui-u83
329 2492 416 2527 ergo
447 2487 528 2517 tene
562 2488 692 2518 certum
726 2489 760 2519 et
786 2485 918 2520 dimitte
944 2487 1123 2520 incertum.
1172 2485 1264 2520 Haec
1293 2489 1408 2520 autem
1437 2485 1517 2520 ideo

131 2547 216 2582 dicit
239 2548 479 2593 Augustinus,
516 2549 598 2593 quia
625 2549 716 2583 tales
748 2554 1004 2585 consueverunt
1037 2552 1154 2595 potius
1180 2552 1361 2594 poenitere.
1387 2561 1430 2586 ex
1457 2562 1518 2587 ne-

134 2614 299 2648 cessitate
334 2623 433 2658 quam
470 2624 511 2648 ex
547 2613 743 2655 voluntate,
786 2616 902 2658 potius
936 2616 1059 2650 timore
1096 2626 1232 2661 poenae
1268 2626 1367 2663 quam
1401 2626 1518 2652 amore

135 2678 283 2724 gloriae.
334 2678 468 2718 Tertii,
496 2680 553 2724 qui
580 2680 613 2713 in
640 2682 880 2725 purgatorium
907 2680 1140 2724 descendunt,
1169 2686 1267 2723 sunt,
1295 2684 1351 2728 qui
1377 2683 1518 2728 lignum.
