1742 3005
265 113 356 163 Cap.
385 111 587 150 CLXXtV.
648 113 704 149 De.
737 93 866 149 sancto
897 111 1038 148 Jacobo
1073 112 1260 148 interciso.
1371 112 1446 150 SOI

70 221 162 257 tuae,
190 227 231 252 ne
253 227 390 262 pereas,
419 228 480 252 nec
500 219 730 259 contristeris,
758 220 788 251 si
814 228 914 252 unam
936 228 1069 251 manum
1096 218 1266 260 amiseris,
1291 220 1451 263 quoniam

71 282 166 317 muiti
181 287 370 317 suntunam
387 293 518 317 manum
531 288 659 317 tantum
679 283 848 317 habentes
867 288 900 318 et
918 284 1032 317 multis
1056 283 1186 317 divitiis
1209 287 1243 317 et
1263 283 1453 317 honoribus

70 348 302 383 abundantes.
348 348 476 384 Beatus
491 350 644 383 Jacobus
663 349 768 382 dixit:
796 350 933 394 quando
954 353 1114 394 pastores
1136 350 1304 393 incipiunt
1326 360 1455 393 pecora

70 413 234 456 tondere,
272 415 437 459 numquid
465 415 620 449 dextrum
647 419 775 448 tantuin
806 415 914 447 vellus
941 415 1103 447 auserunt
1135 418 1168 446 et
1195 415 1370 447 sinistrum
1398 414 1452 447 di⁴

71 481 228 522 mittunt,
257 481 287 513 si
313 490 398 525 ergo
427 490 554 524 pecus,
582 480 674 525 quod
701 479 827 512 animal
856 478 991 511 brutum
1021 482 1085 518 est,
1112 482 1219 511 totum
1246 479 1316 511 vult
1344 479 1453 512 vellus

70 547 242 588 amittere,
261 550 390 590 quanto
410 547 522 589 magis
542 549 575 578 et
591 531 662 590 ego
679 545 780 578 homo
802 544 983 578 rationalis
1002 554 1068 576 non
1079 542 1299 588 dedignabor
1309 553 1370 586 pro
1381 543 1454 577 Deo

70 611 209 645 occidi?
257 609 474 645 Ace-edentes
502 611 611 655 igitur
644 611 737 654 impii
772 609 814 643 ad
848 610 1024 643 sinistram
1057 618 1189 642 manuni
1218 608 1364 654 digitum
1392 610 1455 642 mi-

70 678 193 710 nimum
221 675 418 709 inciderunt
443 679 477 710 et
498 675 653 710 Jacobus
679 675 783 709 dixit:
811 679 860 717 tu,
891 674 1041 716 domine,
1071 684 1143 708 cuni
1172 684 1316 719 magnus
1343 684 1452 714 esses,

69 742 225 774 minimus
237 745 270 775 et
290 750 417 784 parvus
436 751 498 785 pro
523 741 625 774 nobis
646 740 720 775 sieri
744 740 883 774 voluisti
905 745 939 774 et
965 740 1091 773 idcirco
1115 739 1222 774 reddo
1243 739 1306 773 tibi
1325 750 1452 784 eorpus

68 810 103 841 et
127 807 292 847 animam,
319 816 420 850 quam
444 808 574 840 creasti
599 811 633 841 et
658 807 800 850 proprio
818 807 988 850 sanguine
1007 809 1064 839 tuo
1087 805 1275 839 redemisti.
1325 806 1454 839 Absci-

69 870 162 905 ditur
179 873 346 915 septimus
366 871 497 917 digitus
518 876 552 906 et
566 874 630 905 ait:
649 874 779 916 septies
797 874 828 904 in
845 871 901 904 die
920 870 1056 904 laudem
1073 870 1142 903 dixi
1158 870 1306 903 domino,
1326 869 1454 903 Absci-

69 937 162 971 ditur
189 941 334 971 octavus
362 941 395 971 et
420 936 525 970 dixit:
553 941 678 970 octavo
706 936 760 970 die
787 937 1008 969 circumcisus
1028 939 1080 968 est
1097 934 1201 969 Jesns
1224 939 1256 968 et
1276 934 1454 968 Hebraeus

70 1002 326 1037 circumciditur
358 1007 483 1036 octavo
521 1002 597 1044 die,
639 1006 674 1035 ut
717 1005 874 1035 transeat
908 999 950 1033 ad
987 1000 1122 1044 legales
1155 1001 1386 1034 caerimonias
1420 1004 1455 1035 et

69 1078 164 1103 mens
190 1070 285 1103 servi
315 1069 384 1108 tui,
424 1067 581 1109 domine,
616 1070 774 1100 transeat
800 1066 842 1099 ab
874 1065 926 1099 his
956 1067 1207 1099 incircumcisis
1235 1070 1268 1099 et
1295 1067 1454 1110 coinqui-

69 1138 184 1167 natum
203 1132 413 1167 habentibus
434 1135 675 1178 praeputium,
702 1136 737 1166 ut
758 1134 889 1165 veniam
910 1136 942 1166 et
961 1133 1175 1175 conspiciam
1202 1131 1323 1165 faciem
1351 1136 1454 1173 tuam,

69 1198 217 1233 domine.
266 1198 432 1233 Inciditur
460 1200 563 1233 etiam
598 1209 708 1232 nonus
742 1198 874 1243 digitus
903 1201 936 1231 et
968 1198 1036 1230 ait:
1080 1196 1166 1230 hora
1193 1207 1283 1230 nona
1310 1196 1456 1230 tradidit

69 1263 230 1298 Chi-istus
256 1266 290 1298 in
317 1275 416 1299 eruce
443 1266 621 1309 spiritum,
656 1263 747 1297 unde
777 1268 809 1297 et
835 1273 921 1307 ege,
959 1262 1116 1303 domine,
1151 1264 1184 1297 in
1217 1262 1339 1296 dolore
1373 1263 1456 1295 noni

68 1329 171 1374 digiti
198 1330 259 1363 tibi
286 1329 455 1364 confiteor
482 1333 516 1364 et
540 1330 675 1375 gratias
702 1339 783 1374 ago.
831 1327 998 1362 Inciditur
1025 1328 1179 1362 decimus
1207 1333 1240 1362 et
1265 1330 1333 1361 ait:
1359 1327 1457 1361 deci-

69 1405 142 1428 mus
169 1405 330 1429 numerus
357 1398 411 1429 est
434 1396 467 1428 in
493 1396 691 1439 praeceptis
715 1399 748 1429 et
763 1395 845 1430 ,lota
865 1395 975 1438 prima
996 1394 1112 1427 littera
1134 1398 1185 1427 est
1204 1394 1351 1427 nominis
1371 1392 1456 1427 Jesu

70 1458 213 1494 Christi.
270 1460 369 1494 Tunc
413 1460 552 1505 quidam
599 1460 640 1494 de
682 1460 903 1494 adstantibus
946 1459 1129 1492 dixerunt:
1170 1470 1189 1492 o
1230 1458 1455 1491 dilectissime

69 1524 241 1569 quondam
267 1530 408 1567 noster,
446 1525 608 1569 profitere
634 1525 740 1560 Deum
776 1530 904 1559 tantuin
937 1534 1053 1558 coram
1081 1524 1242 1565 consule,
1276 1528 1311 1556 ut
1338 1525 1455 1557 vivere

71 1590 212 1633 valeas;
238 1591 320 1625 licet
344 1592 432 1625 enim
458 1590 619 1625 abscisae
645 1595 724 1625 sunt
749 1602 867 1624 manus
895 1595 988 1632 tuae,
1016 1593 1094 1623 sunt
1120 1593 1232 1623 tamen
1252 1590 1455 1633 peritissimi

69 1655 208 1699 medici,
232 1657 291 1701 qni
318 1658 388 1690 tuis
411 1655 592 1690 doloribus
615 1657 753 1691 valeant
768 1657 966 1690 subvenire.
1017 1655 1150 1695 Quibus
1171 1653 1324 1689 Jacobus
1346 1653 1454 1687 dixit:

68 1721 162 1755 absit
183 1731 204 1755 a
227 1732 278 1756 me
298 1721 496 1766 hujusmodi
515 1721 669 1756 nefanda
688 1721 877 1764 simulatio,
908 1732 1006 1756 nemo
1040 1722 1127 1755 enim
1155 1721 1292 1753 mittens
1320 1729 1455 1753 manum

69 1796 166 1820 suam
200 1786 246 1820 ad
278 1791 430 1820 aratrum
464 1791 498 1821 et
533 1788 725 1831 respiciens
756 1791 850 1822 retro
886 1791 988 1831 aptus
1016 1790 1069 1820 est
1094 1796 1202 1830 regno
1231 1781 1329 1819 Deis
1355 1783 1456 1818 Tune

70 1851 242 1897 indignati
265 1851 447 1886 carnifices
471 1856 699 1887 accesserunt
725 1856 759 1887 et
786 1853 945 1897 pollicem
973 1852 1072 1896 pedis
1094 1851 1205 1885 dextri
1229 1849 1456 1884 absciderunt

69 1921 105 1951 et
139 1916 292 1952 Jacobus
327 1918 431 1952 dixit:
476 1928 538 1962 pes
573 1918 703 1952 Christi
739 1917 939 1962 perforatus
980 1922 1034 1952 est
1077 1921 1111 1951 et
1150 1917 1296 1961 sanguis
1333 1916 1454 1951 exivit.

69 1981 277 2016 Absciditur
305 1982 480 2018 secundus
512 1983 613 2027 pedis
645 1983 778 2028 digitus
817 1987 851 2018 et
883 1985 948 2017 ait:
987 1992 1114 2028 magna
1147 1981 1228 2015 mlhi
1259 1981 1334 2015 dies
1367 1980 1455 2015 haec

71 2049 126 2080 est
151 2055 235 2089 prae
260 2047 418 2081 omnibus
443 2047 586 2089 diebus3
622 2047 727 2082 hodie
754 2031 883 2092 quippe
909 2047 953 2081 ad
980 2047 1085 2081 Deum
1115 2047 1238 2081 fortem
1263 2055 1454 2080 conversus

71 2109 141 2144 ibo.
188 2110 425 2145 Absciderunt
449 2114 482 2145 et
506 2113 644 2145 tertium
671 2116 705 2146 et
729 2117 809 2146 ante
837 2114 947 2156 ipsum
974 2112 1198 2155 projecerunt
1217 2115 1251 2145 et
1269 2109 1456 2143 subridens

68 2174 222 2210 ,lacobus
249 2175 355 2209 dixit:
383 2175 487 2217 vade,
513 2177 616 2210 tertie
642 2176 765 2222 digne,
793 2176 836 2210 ad
863 2178 981 2210 socios
1007 2180 1084 2210 tuos
1113 2179 1147 2210 et
1172 2174 1456 2220 quemadmodum

69 2249 214 2286 granum
226 2240 484 2274 triticimultum
497 2240 767 2283 sructumaffert,
796 2242 843 2275 ita
862 2245 895 2275 et
912 2245 946 2274 tu
966 2242 998 2274 in
1021 2242 1219 2274 novissimis
1241 2239 1364 2273 dicbus
1382 2249 1456 2272 cum

70 2306 178 2340 sociis
205 2307 275 2340 tuis
300 2308 515 2351 requiesces.
564 2306 770 2341 Absciditur
795 2310 938 2351 quartus
976 2309 1010 2340 et
1035 2307 1106 2339 ait:
1135 2315 1242 2350 quare
1268 2305 1380 2338 tristis
1406 2314 1456 2344 es,

69 2364 184 2404 a'nima
218 2380 315 2413 mea,
353 2376 388 2406 et
422 2381 528 2416 quare
562 2368 751 2406 conturbas
787 2382 839 2406 me
853 2372 879 2406 ’ἲ
917 2381 1022 2416 spero
1057 2372 1091 2404 in
1124 2370 1252 2411 Deum,
1294 2369 1456 2413 quoniam

69 2434 185 2469 adhuc
210 2434 405 2471 confitebor
428 2435 500 2477 illi,
537 2436 634 2470 salus
670 2437 784 2470 vultus
818 2438 884 2471 mei
918 2441 953 2470 et
977 2436 1070 2470 Deus
1098 2445 1204 2470 meus.
1253 2432 1459 2468 Absciditur

70 2501 210 2545 quintus
237 2503 271 2534 et
296 2500 363 2533 ait:
389 2509 479 2533 nunc
505 2501 667 2544 incipiam
694 2500 811 2535 dicere
838 2501 882 2535 ad
909 2501 1094 2542 dominnm,
1122 2500 1286 2544 quoniam
1313 2497 1455 2543 dignum

70 2574 121 2599 me
149 2563 233 2599 fecit
257 2565 388 2598 socium
417 2566 530 2599 servis
557 2566 644 2599 suiS.
691 2565 788 2599 Tunc
822 2565 1032 2599 accedentes
1059 2564 1101 2598 ad
1128 2564 1249 2608 pedem
1276 2564 1454 2597 sinistrum

71 2627 216 2674 digitum
248 2638 390 2674 parvum
422 2628 650 2664 absciderunt
679 2633 713 2664 et
738 2629 825 2663 dixit
848 2629 1025 2665 Jacobus:
1061 2629 1171 2675 digite
1204 2638 1335 2674 parve,
1372 2638 1456 2662 con-

71 2691 222 2736 fortare,
257 2696 339 2740 quia
373 2704 520 2741 magnus
546 2699 579 2730 et
606 2703 735 2740 parvus
769 2704 869 2729 unam
895 2694 1024 2729 hahent
1049 2695 1360 2735 resurrectionem,
1396 2701 1453 2725 ra-

1130 2758 1173 2793 51
