1742 3005
0 2761 4 2838 i

0 2857 7 2950 ι

16 2708 86 2843 a

372 88 469 139 Cap.
503 88 705 128 CLXVIII.
762 89 821 127 De
851 95 984 128 sancta
1012 89 1225 128 Elizabeth.
1411 91 1490 131 753

181 196 235 232 1.
260 192 457 237 Elizabeth,
483 195 630 230 illustris
656 195 834 242 Ungariae
859 197 956 242 regis
982 193 1072 237 filia,
1097 205 1229 241 genere
1253 194 1400 240 nobilis,
1425 200 1488 245 ssed

102 258 171 293 fide
196 269 239 294 ac
262 260 437 306 religione
462 261 616 295 nobilior
639 262 783 305 stirpem
807 265 876 295 tam
901 260 1054 295 nobilem
1081 260 1280 295 nobilitavit
1305 265 1487 308 exemplis,

101 326 294 363 illustravit
330 325 505 361 miraculis
545 330 579 361 et
614 326 795 361 decoravit
825 328 943 372 gratia
968 327 1175 360 sanctitatis.
1226 326 1333 365 Quam
1365 335 1489 365 auctor

101 396 248 427 naturae
274 402 381 437 supra
406 396 563 426 naturam
590 391 844 437 quodammodo
871 391 1014 431 extulit,
1050 390 1127 423 dum
1162 392 1281 433 puella
1306 395 1487 438 regalibus

101 459 234 492 nutrita
256 457 393 492 deliciis
416 459 531 492 omnia
551 456 701 502 puerilia
720 461 780 489 aut
797 457 934 489 omnino
959 460 1196 489 contemneret
1222 461 1282 489 aut
1308 459 1427 493 eadem
1455 463 1487 495 in

101 523 166 558 Dei
192 522 396 568 obsequium
423 524 660 566 manciparet,
687 525 724 554 ut
748 520 883 565 liquido
913 521 1064 561 clareat,
1090 525 1212 554 tenera
1239 522 1314 565 ejus
1343 524 1490 559 infantia

102 592 232 634 quanta
258 589 478 633 simplicitate
503 587 633 631 viguit,
673 590 802 631 quanta
829 586 921 620 dulci
951 586 1137 620 devotione
1163 587 1303 630 incepit.
1352 587 1490 625 Extunc

101 654 272 700 siqnidem
297 653 414 697 coepit
438 651 540 686 bonis
566 661 772 686 assuescere
799 651 948 693 studiis,
981 651 1083 685 ludos
1110 662 1280 696 spernere
1304 655 1487 697 sanitatis,

99 728 284 753 successus
302 728 492 763 prosperos
512 716 635 762 sugere
655 717 784 759 mundi,
802 716 973 761 proficere
989 727 1128 761 semper
1145 718 1177 750 in
1199 721 1396 754 reverentia
1412 720 1489 757 Dei.

100 783 183 818 Cum
211 785 299 819 enim
328 782 442 818 adhuc
469 787 566 818 esset
593 783 846 827 quinquennis,
882 784 916 816 in
942 782 1094 816 ecclesia
1127 783 1249 816 orandi
1275 786 1392 828 gratia
1418 790 1487 822 tam

99 849 225 884 sedula
249 847 496 894 permanebat,
530 852 568 882 ut
594 858 669 882 eam
697 849 773 892 ejus
801 847 944 881 sodales
982 848 1034 882 vel
1073 849 1223 883 ancillae
1255 850 1407 886 avellere
1431 855 1489 887 vix

97 915 273 952 valerent.
321 914 427 954 Quam
453 924 527 948 cum
554 914 704 948 ancillae
732 913 786 947 vel
814 917 1029 947 coaetaneae
1055 913 1300 955 observarent,
1337 917 1488 961 aliquam

100 980 145 1015 de
173 980 242 1014 illis
278 989 386 1014 causa
416 978 488 1013 ludi
522 990 644 1013 versus
679 978 921 1023 ¹)cappellam
959 980 1096 1024 insequi
1133 979 1336 1023 videbatur,
1375 987 1412 1017 ut
1446 995 1489 1019 ex

98 1045 167 1080 hoc
192 1045 343 1080 intrandi
379 1045 562 1079 ecclesiam
596 1046 893 1088 opportunitatem
933 1049 1102 1089 captaret.
1154 1045 1260 1084 Quam
1287 1047 1489 1092 ingrediens

99 1121 218 1157 genua
243 1109 407 1145 flectebat
432 1113 491 1144 aut
515 1111 711 1154 pavimento
737 1109 896 1143 totaliter
921 1110 1160 1151 incumbebat,
1187 1115 1222 1145 et
1246 1110 1327 1145 licet
1352 1112 1488 1150 littera-

99 1187 172 1211 rum
208 1176 369 1221 peritiam
404 1186 471 1210 non
507 1175 676 1217 haberet,
719 1179 833 1209 tamen
877 1186 992 1210 coram
1034 1186 1072 1210 se
1113 1178 1146 1209 in
1187 1176 1346 1211 ecclesiis
1380 1189 1488 1225 saepe

98 1241 302 1287 psalterium
329 1241 564 1286 expandebat,
593 1245 631 1275 ut
657 1240 912 1286 quodammodo
938 1252 975 1276 se
1003 1241 1123 1287 legere
1142 1240 1298 1287 fingeret,
1326 1254 1368 1278 ne
1395 1246 1490 1281 velut

99 1310 305 1351 occupatam
332 1309 411 1352 quis
437 1307 639 1352 impediret3
674 1317 712 1341 se
745 1318 883 1352 quoque
909 1318 982 1341 cum
1010 1307 1137 1352 puellis
1165 1308 1209 1341 ad
1242 1312 1370 1344 terram
1403 1322 1488 1356 pro-

99 1377 244 1408 stratam
277 1372 349 1407 ludi
383 1375 502 1417 specie
536 1372 783 1415 mensurabat,
825 1376 862 1406 ut
889 1373 965 1406 subv
989 1374 1051 1407 tali
1076 1375 1262 1409 occasione
1287 1375 1360 1410 Deo
1386 1388 1487 1412 reve—

98 1440 245 1473 rentiam
271 1438 466 1474 exhiberet.
512 1437 549 1472 In
582 1438 663 1472 ludo
691 1439 793 1472 etiam
821 1442 854 1472 et
879 1439 1082 1473 annulorum
1110 1444 1143 1473 et
1168 1440 1248 1473 aliis
1274 1440 1366 1475 ludis
1392 1453 1488 1488 spem

96 1508 205 1539 totam
223 1505 257 1538 in
273 1504 347 1539 Deo
368 1503 533 1549 ponebat.
582 1503 623 1538 Et
642 1514 683 1538 ex
704 1503 769 1543 his,
795 1514 885 1548 quae
910 1505 1029 1548 puella
1047 1505 1192 1549 parvula
1212 1505 1414 1542 lucrabatur
1435 1510 1486 1544 vel

96 1570 188 1605 alias
214 1570 440 1615 peculiariter
466 1570 682 1614 possidebat,
712 1569 839 1614 puellis
867 1570 1089 1614 pauperculis
1117 1570 1268 1605 decimas
1295 1572 1489 1609 exhibebat

95 1636 266 1671 inducens
285 1646 358 1679 eas,
383 1640 421 1670 ut
439 1646 546 1681 saepe
568 1637 761 1670 orationem
788 1636 993 1670 dominicam
1021 1636 1176 1671 dicerent
1203 1641 1237 1671 et
1262 1638 1386 1672 crebro
1415 1642 1487 1674 vir-

96 1703 213 1748 ginem
241 1702 446 1736 salutarent.
497 1701 667 1736 Crescens
694 1712 775 1736 vero
801 1713 865 1746 per
890 1706 1040 1736 aetatem
1066 1704 1232 1747 temporis
1251 1708 1285 1738 et
1303 1706 1488 1741 crescebat

95 1768 244 1812 amplius
269 1778 334 1812 per
357 1767 519 1802 affectum
547 1767 765 1816 devotionis,
803 1778 881 1802 nam
916 1768 1056 1802 beatam
1092 1770 1261 1813 virginem
1288 1769 1351 1804 Dei
1385 1774 1488 1816 geni-

95 1834 214 1867 tricem
240 1834 275 1867 in
304 1834 359 1867 sui
383 1837 565 1878 patronam
592 1837 626 1868 et
650 1833 856 1868 advocatam
891 1838 925 1868 et
950 1833 1087 1868 beatum
1112 1834 1305 1869 ,Iohannem
1331 1846 1487 1883 evange-

94 1898 210 1933 listam
255 1900 292 1933 in
332 1909 417 1934 suae
462 1900 635 1933 castitatis
680 1900 859 1934 custodem
904 1900 1023 1945 elegit.
1088 1899 1168 1934 Cum
1201 1902 1289 1935 enim
1324 1903 1486 1948 singulae

95 1963 285 2000 schedulae
319 1964 535 2010 singulorum
568 1966 808 2009 apostolorum
846 1965 1045 2000 nominibus
1078 1967 1270 2011 inscriptae
1296 1968 1400 2002 altari
1424 1970 1488 2003 im-

96 2033 309 2074 ponerentur
346 2033 381 2064 et
419 2030 598 2074 quaelibet
638 2030 784 2064 aliarum
823 2031 1015 2075 puellarum
1059 2041 1143 2065 casu
1181 2033 1248 2065 sibi
1284 2034 1486 2068 schedulam

97 2095 356 2140 contingentem
382 2095 570 2138 acciperet,
596 2096 665 2128 ista
692 2097 852 2129 oratione
880 2096 959 2129 susa
975 2095 1086 2129 tribus
1112 2096 1245 2130 vicibus
1271 2097 1485 2140 schedulam,

95 2159 157 2194 uhi
188 2170 312 2194 nomen
347 2161 461 2194 sancti
495 2159 589 2194 Petri
626 2164 702 2194 erat
734 2162 957 2205 inscriptum,
994 2164 1030 2194 ut
1056 2160 1301 2203 desiderabat,
1337 2165 1485 2208 accepit,

96 2224 141 2259 ad
165 2235 266 2270 quem
290 2229 387 2260 tanto
413 2225 613 2260 devotionis
642 2225 822 2260 ferebatur
848 2225 986 2267 affectu,
1011 2230 1048 2260 ut
1067 2226 1153 2260 nihil
1183 2227 1215 2260 in
1245 2227 1320 2271 ejus
1349 2230 1486 2263 nomine

96 2290 297 2336 petentibus
323 2291 529 2338 denegaret.
576 2290 627 2326 Ne
654 2302 737 2326 vero
765 2292 881 2325 mundi
908 2301 1095 2326 successus
1121 2292 1189 2326 sibi
1221 2293 1359 2326 nimium
1384 2292 1485 2328 blan-

97 2355 251 2397 diretur,
288 2357 442 2402 quotidie
471 2358 507 2391 in
538 2356 643 2391 rebus
670 2358 851 2402 prosperis
877 2357 944 2391 sibi
971 2357 1104 2402 aliquid
1131 2357 1351 2392 detrahebat.
1403 2358 1486 2392 Cum

98 2422 188 2456 enim
212 2422 248 2455 in
272 2421 390 2466 aliquo
415 2422 498 2456 ludo
520 2423 588 2457 sihi
613 2433 784 2467 prospere
808 2423 1029 2465 succederet,
1058 2423 1226 2468 reliquum
1254 2425 1485 2458 intermittens

99 2485 258 2521 dicebat:
293 2485 375 2520 nolo
409 2486 624 2531 procedere,
667 2487 730 2522 sed
764 2492 908 2532 propter
942 2488 1047 2522 Deum
1084 2488 1253 2532 reliquum
1282 2489 1484 2525 intermitto.

99 2550 154 2586 Ad
177 2550 326 2586 choreas
352 2562 490 2597 quoque
516 2561 589 2586 cum
616 2552 744 2597 puellis
776 2554 926 2588 caeteris
953 2553 1148 2595 advocata,
1182 2562 1255 2587 cum
1287 2564 1388 2589 unum
1415 2557 1485 2590 clr-

170 2697 197 2731 1)
215 2697 268 2726 Ed.
286 2701 331 2728 Pr.
350 2698 528 2733 capulam
549 2713 580 2719 -
600 2707 635 2725 ex
652 2697 709 2725 hoc
724 2698 855 2725 intrandi
875 2707 901 2728 e.
919 2702 957 2725 ut
979 2698 1317 2733 opportunitatem
1332 2704 1387 2728 etc.
1405 2700 1486 2733 legit.

1157 2753 1201 2788 48
