1742 3005
233 105 282 142 32
504 105 599 154 (Tap.
633 103 674 139 V.
735 103 791 140 De
823 111 950 139 sancto
982 102 1131 139 Thema
1165 105 1350 154 apostolo.

235 209 375 244 accendi
404 210 582 254 picemque
611 209 761 241 resinam
787 211 821 241 et
848 207 985 241 fervens
1011 207 1121 242 oleum
1149 219 1254 254 snper
1280 220 1354 244 eam
1383 208 1478 244 fundi
1499 211 1619 255 jussit.

235 277 395 319 Dixitque
428 274 554 307 Lucia:
605 272 762 305 indusias
799 273 981 315 impetravi
1018 275 1163 307 martirii
1196 276 1280 316 mei,
1331 279 1368 309 ut
1399 275 1621 310 credentibus

234 344 387 375 timorem
424 340 579 373 auferam
617 338 791 382 passionis
825 340 859 370 et
884 347 951 370 non
976 337 1196 372 credentibus
1229 349 1347 374 vocem
1373 340 1618 376 insultationis.

237 407 398 441 Vidi-ntes
433 408 545 438 autem
578 404 677 437 amit-i
715 401 895 437 Paschasii
932 412 1008 436 eum
1041 404 1262 448 angustiari,
1313 406 1346 438 in
1378 410 1518 449 gutture
1544 408 1618 452 ejus

233 472 385 518 gladium
421 472 682 509 innuen-serunt,
735 478 824 513 quae
855 477 1073 513 nequaquam
1111 468 1285 514 loquelam
1319 471 1478 504 amittens
1514 470 1619 505 dixit:

233 538 397 570 annuntio
432 536 531 570 vohis
566 545 683 579 pam-m
718 533 888 568 ecelesiae
924 534 1093 568 redditam
1118 534 1333 569 It‘laximiano
1358 535 1461 570 hodie
1486 540 1619 570 mortuo

233 606 265 635 vt
293 602 334 635 de
361 613 470 646 reguo
497 599 800 643 s11olt3mzletiano
828 599 987 643 expulso,
1016 604 1049 633 et
1074 601 1162 634 sit-ut
1188 602 1321 634 civitati
1350 601 1537 636 Catanensi
1562 612 1617 635 so—

234 680 291 701 ror
316 678 390 701 mea
411 666 553 711 Agatha
578 665 661 698 data
689 668 742 698 est
767 665 971 708 protectrix,
1000 666 1049 698 sie
1075 670 1107 699 et
1135 676 1202 711 ego
1227 667 1359 701 civitati
1377 667 1619 711 Syracusanae

231 742 398 767 ‹oin-essa
422 742 495 765 sum
520 731 758 765 interventrix.
820 729 905 764 Dum
932 729 1017 763 haee
1044 731 1144 776 virgo
1171 731 1344 776 loquitur,
1371 742 1450 766 eece
1474 733 1619 765 utinistri

233 799 462 832 Romanorum
475 799 626 844 veniunt,
648 794 872 829 Paschasium
895 795 1174 839 apprehendunt,
1202 799 1349 831 vinetum
1370 797 1414 830 ad
1433 796 1618 831 Caesarem

232 874 345 898 sorum
375 863 512 897 ducunt.
587 861 757 896 Audierat
782 862 870 895 enim
899 860 1042 903 Caesar,
1070 861 1162 906 quod
1187 863 1382 897 universam
1409 864 1618 907 provinciam

234 930 347 963 suerat
372 927 618 972 depraedatus.
667 927 818 961 Veniens
844 936 929 972 ergo
955 926 1095 961 Romam
1124 932 1157 961 et
1184 930 1320 962 senatui
1348 932 1532 962 aecusatus
1555 938 1617 973 pa-

234 998 317 1029 riter
344 999 376 1030 et
404 996 581 1029 convietus
607 992 750 1037 rapitali
776 993 949 1026 sententia
976 996 1029 1026 est
1050 995 1201 1037 punitus.
1265 993 1374 1038 Virgo
1402 1003 1485 1028 vero
1509 993 1619 1027 Lucia

233 1061 275 1096 de
301 1061 396 1102 loco,
435 1062 468 1093 in
494 1070 561 1105 quo
591 1068 757 1103 percussa
785 1061 856 1099 est,
907 1062 1000 1091 mota
1027 1068 1094 1091 non
1121 1062 1174 1092 est
1200 1069 1262 1092 nee
1290 1060 1446 1103 spiritum
1474 1058 1617 1092 tradidit

233 1126 461 1171 quoadusque
487 1124 689 1160 sacerdotes
717 1126 892 1165 venirent,
932 1127 966 1158 et
991 1133 1119 1167 corpus
1146 1123 1273 1157 domini
1299 1124 1330 1158 ei
1357 1123 1555 1166 traderent,
1584 1129 1617 1158 et

232 1202 350 1226 omues
379 1194 535 1225 astantes
561 1200 658 1225 amen
686 1189 823 1224 domino
854 1188 1119 1234 responderunt.
1192 1188 1227 1223 ln
1253 1188 1374 1224 eodem
1398 1189 1476 1223 loco
1503 1194 1617 1224 autem

232 1262 285 1292 est
311 1257 449 1301 sepulta
476 1260 509 1291 et
534 1256 683 1291 ccclesia
710 1255 893 1289 fabricata.
967 1253 1079 1288 Passa
1110 1258 1223 1289 autem
1259 1259 1312 1290 est
1346 1258 1501 1300 tempore
1528 1255 1616 1290 Con-

233 1324 374 1357 stantini
401 1326 434 1357 et
461 1322 632 1358 Maxentii
655 1323 749 1356 circa
774 1329 884 1354 annos
910 1318 1038 1353 domiui
1063 1319 1193 1355 CCCX.

815 1577 941 1638 GAP.
989 1577 1040 1638 V.

443 1678 542 1722 De
571 1676 791 1721 saneto
819 1676 1072 1722 Thema
1101 1676 1402 1731 apostolo.

322 1786 475 1820 Thomas
502 1787 750 1830 interpretatur
775 1784 922 1830 abyssus
948 1785 1001 1820 vel
1027 1788 1196 1831 geminus,
1225 1786 1316 1832 quod
1342 1790 1376 1821 et
1400 1784 1531 1820 Graece
1556 1785 1614 1819 Dr

233 1853 343 1886 dimus
369 1852 514 1893 dieitur3
549 1851 601 1885 vel
631 1850 784 1885 Thomas
810 1861 832 1884 a
854 1850 1008 1893 thomos,
1046 1851 1138 1896 quod
1164 1855 1218 1886 est
1242 1851 1367 1886 divisio
1395 1852 1469 1886 sive
1493 1852 1614 1886 sectio.

231 1919 364 1952 Dicitur
388 1927 474 1961 ergo
503 1916 649 1962 abyssus
677 1926 740 1957 eo,
785 1916 877 1962 quod
903 1916 1173 1961 profunditatem
1211 1916 1403 1952 divinitatis
1431 1920 1616 1961 penetrare

233 1985 367 2025 meruit,
396 1982 534 2027 quando
561 1981 605 2015 ad
630 1982 683 2015 sui
708 1982 1018 2028 interrogationem
1046 1982 1204 2017 Christus
1231 1983 1298 2017 sibi
1323 1982 1520 2027 respondit:
1548 1991 1614 2025 ego

231 2059 304 2083 sum
331 2050 389 2083 via
414 2049 544 2082 veritas
568 2051 602 2082 et
626 2049 707 2081 vita.
782 2047 916 2082 Dicitur
937 2049 1095 2093 geminus
1119 2060 1181 2090 00,
1212 2048 1305 2093 quod
1328 2049 1614 2083 resurrectionem

231 2114 360 2148 Christi
396 2115 494 2159 quasi
521 2114 695 2159 geminate
724 2117 757 2147 et
789 2115 822 2147 in
848 2113 987 2158 duplum
1014 2124 1115 2158 quam
1146 2114 1207 2148 alii
1231 2115 1407 2160 cognovit.
1454 2113 1540 2147 Nam
1566 2112 1616 2146 illi

230 2182 469 2223 cognoverunt
498 2177 659 2220 videndo,
686 2180 753 2213 iste
775 2178 924 2213 videndo
950 2183 984 2213 et
1008 2178 1197 2223 palpando,
1246 2179 1377 2212 Divisio
1403 2179 1478 2212 siue
1507 2179 1615 2212 sectio

230 2245 367 2285 dicitur,
394 2245 476 2288 quia
502 2247 646 2277 mentem
673 2254 769 2277 suam
796 2243 839 2277 ab
866 2254 983 2278 autore
1009 2244 1123 2278 mundi
1151 2244 1269 2278 divisit
1293 2243 1348 2278 vel
1375 2245 1457 2288 quia
1476 2242 1519 2277 ab
1536 2243 1615 2277 aliis

231 2312 264 2343 iu
298 2309 363 2343 tide
394 2309 659 2343 resin-rectionis
693 2308 824 2342 divisus
859 2312 893 2342 et
925 2314 1042 2343 scetus
1077 2310 1150 2343 suit.
1222 2309 1284 2343 Vel
1312 2309 1436 2343 dieitur
1463 2308 1616 2343 Thomas

232 2376 330 2420 quasi
358 2378 451 2408 totus
479 2383 597 2407 means
624 2373 656 2405 in
681 2373 742 2407 Dei
770 2373 902 2407 scilieet
927 2384 1043 2408 amore
1074 2377 1108 2409 et
1131 2374 1434 2419 contemplatioiw.
1490 2374 1615 2408 Habuit

230 2443 317 2473 enim
345 2441 435 2481 tria,
463 2449 551 2483 quae
577 2439 609 2471 in
636 2439 711 2482 ipso
738 2438 978 2474 indicaverunt
1005 2440 1112 2473 fuisse
1138 2450 1288 2473 amorem
1314 2440 1398 2479 Dei,
1425 2439 1467 2474 de
1493 2439 1617 2484 quibus

231 2506 312 2538 divit
350 2505 500 2548 Prosper
534 2504 567 2536 iu
600 2503 689 2537 libro
723 2503 765 2538 de
789 2505 861 2538 vita
885 2506 1177 2550 contemplativa:
1223 2505 1304 2550 quid
1331 2509 1383 2540 est
1407 2505 1513 2539 Deum
1538 2504 1616 2537 dili-

232 2581 335 2615 g01·r‚
371 2571 436 2603 nisi
459 2571 572 2603 animo
600 2571 783 2615 cont-iperi·
812 2569 979 2603 fervidum
1004 2572 1148 2604 visionis
1175 2571 1234 2604 livi
1256 2570 1435 2609 affectum,
1483 2571 1615 2613 pcccati

232 2635 344 2668 odium
373 2638 406 2667 et
432 2634 546 2667 mundi
573 2635 761 2669 fastidium.
839 2634 901 2670 Vel
927 2635 1081 2669 Thomas
1102 2635 1227 2670 dieitur
1252 2645 1273 2669 a
1300 2633 1419 2676 theos,
1446 2634 1537 2679 quod
1563 2639 1615 2668 est

235 2700 324 2734 Deus
350 2703 382 2732 et
408 2709 514 2733 tineus.
588 2698 681 2733 Unde
716 2699 870 2735 Thomas
905 2701 1004 2745 (puisi
1035 2700 1126 2735 Deus
1162 2709 1276 2740 meus,
1329 2702 1362 2733 et
1385 2698 1449 2733 hoe
1474 2703 1618 2744 propter
