1742 3005
195 48 292 99 Cap.
313 46 450 84 inx.
479 45 539 82 De
561 52 692 82 sancto
711 44 885 82 Johanne
906 52 993 84 ante
1010 50 1160 95 portam
1185 43 1350 80 latinam.
1389 42 1465 80 811

84 162 161 186 mox
195 150 304 187 edidit
335 153 369 186 et
395 160 433 185 se
463 148 591 183 Christi
618 149 809 186 salvatoris
841 159 977 184 servum
1010 147 1121 184 libere
1147 157 1228 184 esse
1252 147 1470 189 exclamavit,

83 219 268 262 statimque
292 220 330 250 ut
355 215 467 251 edidit
490 216 627 261 signum
655 216 766 250 crucis
782 243 789 257 ,
826 216 938 249 omnis
970 214 1032 248 illa
1058 213 1263 249 daemonum
1286 213 1470 248 multitudo

83 284 232 319 evanuit.
280 281 365 317 Post
388 281 456 316 hoe
482 291 555 315 cum
577 281 724 326 quadam
745 282 820 315 vice
840 280 1002 325 templum
1022 284 1165 314 sanctae
1185 278 1341 324 Sophiae
1364 288 1468 324 prae-

82 348 195 382 dictus
220 350 378 382 notarius
407 358 482 382 cum
509 347 646 381 domino
673 357 736 380 suo
762 347 930 380 intrasset
965 348 999 379 et
1024 349 1103 378 ante
1128 345 1315 379 salvatoris
1342 346 1469 390 imagi-

81 424 157 448 nem
181 414 281 448 ambo
306 416 460 455 starent,
494 412 583 447 vidit
607 412 764 446 dominus
790 421 896 452 suus,
932 409 1026 455 quod
1061 410 1243 454 praedicta
1266 411 1382 455 imago
1408 420 1469 444 su-

81 490 144 523 per
167 481 339 513 notarium
361 478 484 513 oculos
508 478 596 511 fixos
620 476 770 510 haberet
793 480 827 510 et
851 477 964 520 ipsum
979 479 1110 509 attente
1125 476 1330 519 respiceret.
1370 475 1470 514 Quod

82 545 204 579 videns
230 544 342 578 dictus
369 544 527 578 dominus
554 547 589 577 et
615 542 789 576 admirans
818 542 981 586 juvenem
1013 550 1056 575 ex
1081 544 1180 584 parte
1206 539 1351 574 dextera
1375 544 1470 575 stare

81 610 163 645 fecit
189 610 366 654 viditque,
401 607 495 653 quod
521 609 636 653 imago
661 608 696 640 in
722 607 818 640 illam
843 608 965 641 iterum
992 611 1125 651 partem
1151 606 1273 640 oculos
1299 606 1469 641 volvisset

81 680 115 710 et
138 685 245 719 super
267 675 437 708 notarium
462 672 550 707 fixos
575 672 734 714 haberet,
760 683 964 717 rursumque
991 672 1074 707 fecit
1092 673 1201 716 ipsum
1222 673 1272 706 ire
1301 682 1343 706 ex
1368 676 1469 716 parte

80 742 225 774 sinistra
261 744 296 775 et
331 749 411 774 ecce
443 740 566 774 iterum
597 740 713 783 imago
740 738 860 772 oculos
888 738 996 773 volvit
1030 742 1064 772 et
1093 738 1266 771 notarium
1299 742 1337 771 ut
1370 739 1469 782 prius

80 807 255 850 respicere
280 808 410 850 coepit,
457 805 557 839 Tunc
587 804 769 850 adjuratus
805 813 826 838 a
851 804 1011 846 domino,
1038 807 1076 837 ut
1102 802 1171 836 sihi
1195 802 1348 845 diceret,
1385 802 1469 847 quid

78 871 171 915 apud
201 871 312 905 Deum
345 873 549 913 meruisset,
594 874 740 915 propter
780 869 873 914 quod
910 871 962 904 sic
999 879 1074 904 eum
1110 870 1226 912 imago
1266 869 1470 911 respiceret,

78 937 186 979 dixit,
211 947 249 971 se
273 936 401 970 nullius
426 936 509 970 boni
534 937 709 971 conscium
736 945 834 977 esse,
861 936 929 969 nisi
952 933 1045 980 quod
1072 944 1147 968 eum
1175 942 1290 967 coram
1317 932 1469 977 dyabolo

78 1012 212 1048 negare
236 1001 419 1037 noluisset.

540 1255 666 1317 CAP.
702 1255 849 1316 mx.
883 1256 1009 1318 (65.)

76 1357 175 1401 De
197 1354 418 1401 saneto
433 1356 480 1401 J
482 1354 741 1399 ohanne
761 1355 912 1400 ante
922 1357 1171 1412 portam
1181 1356 1466 1402 lafinam.

166 1464 345 1501 Johannes
379 1464 560 1508 apostolus
595 1468 629 1499 et
662 1464 883 1509 evangelista
909 1465 987 1499 dum
1014 1465 1145 1511 Ephesi
1170 1465 1412 1511 praedicaret,
1446 1475 1468 1499 a

76 1530 285 1575 proconsule
310 1531 447 1574 capitur
472 1534 505 1564 et
530 1534 567 1564 ut
591 1529 659 1564 diis
685 1530 849 1571 immolet,
876 1532 1052 1565 invitatur.
1103 1532 1169 1571 Qui
1195 1531 1271 1565 dum
1294 1536 1466 1573 renueret,

76 1598 112 1630 in
136 1606 313 1630 carcerem
337 1597 484 1629 mittitur
517 1600 551 1630 et
583 1595 626 1630 ad
652 1596 884 1630 Domitianum
911 1597 1157 1640 Imperatorem
1183 1597 1336 1642 epistola
1361 1598 1467 1631 mitti-

75 1666 152 1702 tur,
187 1663 222 1695 in
257 1671 325 1706 qua
360 1671 507 1707 magnus
540 1661 736 1706 sacrilegus
771 1666 805 1695 et
836 1662 985 1696 Deorum
1016 1667 1211 1697 contemtor
1245 1667 1280 1697 et
1313 1662 1469 1696 crucifixi

78 1727 191 1761 cultor
213 1727 419 1763 nominatur.
468 1726 575 1761 Jussu
610 1727 721 1772 igitur
745 1726 934 1761 Domitiani
961 1726 1103 1762 Romam
1136 1728 1319 1763 deducitur
1345 1733 1378 1762 et
1405 1728 1466 1763 de-

77 1792 180 1826 duc-to
206 1801 324 1826 omnes
357 1791 477 1836 capilli
508 1803 573 1837 pro
606 1791 786 1828 derisione
813 1802 834 1827 a
859 1795 973 1837 capite
999 1794 1293 1843 praescinduntur
1320 1804 1362 1828 ac
1388 1798 1468 1828 ante

76 1862 211 1902 portam
237 1856 346 1900 urbis,
371 1867 461 1903 quae
486 1858 598 1892 latina
622 1851 760 1901 dicitur,
788 1859 823 1892 in
844 1858 980 1893 dolcum
1008 1859 1178 1894 ferventis
1203 1859 1276 1894 olei
1300 1861 1383 1905 igne
1407 1859 1469 1894 de-

75 1922 198 1957 subter
220 1922 391 1958 candente
415 1925 505 1958 mitti
526 1923 683 1969 jubetur,
713 1924 843 1958 nullum
867 1928 983 1959 tamen
1009 1925 1138 1959 ibidem
1163 1925 1318 1960 dolorem
1345 1926 1468 1967 sensit,

76 1988 139 2022 sed
165 1989 305 2032 penitus
332 1988 478 2023 illaesus
504 1991 620 2023 exivit.
667 1989 706 2024 Iu
741 1989 802 2023 illo
840 1991 949 2035 igitur
974 1989 1052 2024 loco
1080 1991 1235 2025 echesia
1259 2001 1279 2024 a
1303 1991 1466 2024 christia-

76 2054 130 2088 nis
166 2044 363 2088 fabricatur
395 2058 431 2088 et
462 2054 538 2088 dies
564 2055 627 2088 illa
648 2058 823 2099 tamquam
850 2055 925 2089 dies
955 2057 1009 2089 sui
1032 2056 1181 2089 martirii
1207 2055 1467 2089 solemnizatur.

77 2119 158 2153 Cum
186 2128 272 2164 ergo
295 2129 360 2154 nec
384 2120 435 2154 sic
460 2129 481 2153 a
503 2119 770 2164 praedicatione
796 2119 927 2154 Christi
950 2124 1127 2162 cessaret,
1153 2121 1257 2165 jussu
1281 2118 1470 2154 Domitiani

74 2186 111 2218 in
134 2184 299 2219 Pathmos
321 2185 468 2219 insulam
494 2185 676 2231 relegatur
699 2195 764 2219 nee
788 2189 904 2220 tamen
921 2187 1150 2242 imperatores
1165 2185 1312 2220 Romani
1326 2189 1467 2230 aposto-

78 2250 130 2283 los
159 2251 480 2295 persequebantur,
514 2253 596 2296 quia
633 2250 806 2285 Christum
833 2251 1108 2296 praedicabant,
1146 2261 1219 2285 cum
1245 2252 1313 2295 ipsi
1338 2250 1466 2284 nullum

76 2315 184 2349 Deum
210 2320 436 2359 respuerent,
478 2316 542 2351 sed
578 2318 662 2362 quia
685 2318 797 2361 ipsum
824 2318 899 2352 sine
926 2321 1069 2365 senatus
1094 2318 1302 2351 auctoritate
1323 2313 1465 2348 deifica-

74 2385 145 2414 tum
172 2380 336 2425 aJ'ehant,
359 2380 453 2425 quod
479 2383 548 2425 ipsi
575 2382 618 2416 de
638 2384 774 2417 nemine
799 2382 876 2416 fieri
899 2381 1164 2425 prohibuerunt.
1212 2379 1310 2414 Unde
1338 2379 1469 2424 legitur

76 2448 112 2480 in
137 2445 295 2490 hystoria
320 2445 581 2487 ecclesiastica,
617 2446 730 2491 quod,
766 2457 839 2480 cum
864 2445 1006 2490 pylatus
1043 2446 1194 2490 quadam
1220 2446 1296 2478 vice
1321 2444 1367 2478 ad
1394 2444 1468 2489 Ty-

76 2512 211 2546 berium
238 2512 409 2556 epistolas
434 2511 476 2545 de
502 2510 641 2545 Christo
666 2512 822 2545 misisset
854 2515 890 2545 et
917 2512 993 2555 ipse
1019 2510 1194 2555 Tyberius
1220 2510 1297 2555 ejus
1323 2509 1422 2545 fidem
1449 2519 1470 2544 a

77 2575 242 2611 Romanis
269 2578 379 2622 recipi
402 2576 612 2617 assentiret,
640 2580 783 2610 senatus
811 2577 948 2610 omnino
975 2576 1110 2620 respuit
1135 2586 1178 2611 ex
1203 2587 1257 2619 eo,
1283 2576 1376 2622 quod
1401 2587 1470 2610 non

79 2643 135 2676 sui
159 2642 369 2678 auctoritate
396 2641 491 2678 Deus
518 2645 661 2677 vocatus
693 2641 766 2676 suit.
815 2641 897 2677 Alia
917 2651 1025 2676 causa
1051 2646 1123 2684 est,
1161 2651 1250 2687 quae
1283 2642 1412 2688 legitur
1440 2644 1472 2676 in
