1742 3005
168 106 263 154 Cap.
295 102 468 140 XXVIII.
528 102 586 139 De
616 101 863 139 conversione
893 101 1010 138 saneti
1041 100 1150 137 Pauli
1180 102 1358 150 apostoli.
1422 101 1496 137 133

108 217 237 242 mecum
268 211 369 249 sunt,
419 207 598 252 quiescere
624 217 690 240 non
719 207 922 252 perminis?
968 204 1057 240 Ecce
1085 205 1197 240 stolae
1222 209 1364 240 nostrae
1391 206 1495 240 lacri-

108 275 171 308 mis
197 274 266 307 tuis
291 282 409 307 omnes
433 271 651 307 madefactae
678 277 768 306 sunt.
835 272 1066 317 Porrexitque
1100 271 1168 305 sibi
1205 272 1370 316 scriptum
1397 282 1494 306 suum

107 339 317 385 sigillatum,
356 342 393 372 ut
418 339 514 383 prius
545 337 673 379 suerat,
723 338 841 373 dicens
867 340 917 373 ei:
969 337 1046 372 vide
1071 337 1223 382 sigillum
1250 336 1314 371 hoc
1339 341 1373 373 et
1397 340 1495 383 aperi

107 405 272 449 scriptum
295 408 387 437 tuum
415 408 450 438 et
475 403 575 450 lege3
625 404 717 449 quod
754 404 814 438 illa
842 405 1003 447 aperiens
1031 407 1207 447 peccatum
1233 414 1329 437 suuni
1357 406 1493 438 omnino

105 470 254 505 deletum
281 470 433 512 invenit,
469 473 503 504 et
529 469 577 503 ibi
602 469 721 503 taliter
744 471 909 513 seriptum
935 470 1084 512 reperit:
1133 472 1278 512 propter
1302 469 1493 504 Johannem

105 546 241 570 servum
266 545 375 569 meum
400 535 550 570 deletum
573 538 625 569 est
651 538 830 578 peccatum
856 537 962 575 tuum,
988 535 1108 578 sicque
1134 533 1194 567 illa
1220 535 1404 569 immensus
1421 536 1493 570 Deo

104 603 238 647 gratias
263 600 381 635 retulit
405 604 439 634 et
471 599 595 634 beatus
619 598 798 634 Johannes
823 610 896 634 cnm
924 600 1004 634 aliis
1033 601 1210 644 episcopis
1238 600 1270 633 in
1296 611 1488 635 monument

104 673 172 701 tum
209 666 323 701 rediit.
373 665 505 701 Claruit
541 667 633 700 circa
661 675 770 701 annos
796 666 925 701 ‹lomini
949 664 1005 701 Dc
1033 667 1152 709 quinto
1179 669 1332 710 tempore
1359 666 1494 701 Plioeue

105 733 335 776 imperatoris.

606 1058 732 1119 cir.
773 1008 987 1119 xxviii.

132 1159 230 1203 De
261 1155 691 1203 conversione
721 1156 927 1203 sancti
956 1156 1147 1203 Pauli
1178 1155 1470 1212 apostoli.

177 1267 369 1302 Conversio
394 1270 504 1302 sancti
528 1268 627 1303 Pauli
653 1268 804 1312 apostoli
831 1268 924 1302 facta
950 1272 1003 1301 est
1028 1266 1149 1300 eodem
1177 1276 1281 1308 anno7
1307 1276 1374 1310 quo
1392 1265 1487 1299 Chri>

103 1336 176 1367 stus
213 1343 339 1378 passus
374 1337 428 1367 est
459 1337 493 1368 et
528 1333 727 1379 Stephanus
760 1333 937 1378 lapidatus
974 1342 1063 1365 anno
1104 1342 1171 1364 non
1208 1331 1378 1372 naturali,
1428 1331 1490 1365 sed

103 1399 312 1444 emergenti3
339 1408 416 1432 nam
443 1398 601 1433 Christus
628 1398 705 1434 VIII
729 1399 794 1433 cat.
826 1400 860 1443 ¹)
885 1397 1016 1443 Aprilis
1045 1407 1170 1442 passus
1197 1400 1262 1438 est,
1292 1396 1490 1441 Stephanus

103 1463 224 1498 eodem
255 1473 345 1497 anno
381 1463 426 1498 111
465 1463 519 1498 die
551 1464 701 1510 Augusti
737 1465 912 1509 lapidatus
939 1467 1013 1504 est,
1060 1462 1187 1496 Paulus
1217 1473 1298 1497 vero
1325 1462 1401 1497 VIII
1427 1463 1491 1496 cai.

103 1529 284 1564 Februarii
308 1539 498 1564 conversus
523 1533 586 1564 est.
647 1530 762 1569 Quare
798 1534 911 1564 autem
939 1529 1121 1562 conversio
1148 1529 1223 1573 ejus
1249 1530 1364 1572 potius
1390 1538 1492 1573 quani

101 1595 247 1630 aliorum
272 1597 468 1631 sanctorum
492 1594 702 1637 celebratur,
728 1595 857 1639 triplex
884 1595 973 1628 ratio
999 1593 1090 1627 solet
1117 1595 1304 1639 assignari.
1378 1594 1491 1628 Primo

101 1663 246 1706 propter
263 1660 469 1705 exemplum,
493 1664 529 1694 ut
545 1660 658 1695 nullus
675 1664 975 1706 quantumcunque
997 1663 1161 1704 peccator
1187 1659 1350 1705 desperet
1373 1659 1414 1694 de
1431 1670 1488 1695 ve-

101 1728 178 1768 nia,
212 1725 350 1771 quando
374 1729 504 1760 tantum
529 1727 564 1760 in
589 1726 693 1771 culpa
716 1725 935 1771 postmodum
962 1726 1133 1770 conspicit
1159 1725 1267 1760 fuisse
1293 1727 1326 1759 in
1352 1727 1489 1772 gratiam

100 1790 252 1826 seeundo
286 1795 430 1836 propter
463 1791 649 1837 gaudium,
698 1793 787 1826 sicut
822 1793 910 1826 enim
945 1791 1095 1826 ecclesia
1125 1801 1287 1837 magnam
1312 1793 1488 1826 tristitiam

99 1857 222 1892 habuit
245 1858 280 1891 in
304 1859 380 1903 eJus
405 1858 648 1902 perseeutione
664 1886 672 1899 ‚
716 1859 765 1892 ita
790 1859 971 1892 maximam
998 1858 1167 1892 laetitiam
1194 1858 1326 1902 recepit
1353 1858 1395 1891 in'
1413 1859 1488 1903 ejus

99 1924 346 1965 conversione3
395 1924 499 1957 tertio
537 1926 681 1968 propter
713 1923 934 1966 miraculum,
985 1923 1077 1969 quod
1113 1923 1247 1958 scilicet
1273 1923 1431 1958 dominus
1457 1926 1490 1958 ei

100 1989 270 2032 ostendit,
319 1988 397 2023 dum
429 1987 472 2023 de
497 1990 704 2023 saevissimo
730 1993 955 2034 persecutore
982 1989 1063 2024 fecit
1087 1989 1323 2024 fidelissimum
1348 1989 1488 2034 praedi-

98 2058 262 2089 catorem.
301 2053 396 2100 *Ejus
421 2055 510 2089 enim
535 2056 719 2090 conversio
749 2055 812 2089 suit
839 2055 1051 2089 miraculosa
1075 2056 1211 2089 ratione
1237 2054 1421 2089 efficientis
1452 2060 1487 2100 ²)

99 2125 134 2157 et
158 2120 375 2166 disponentis
402 2124 436 2155 et
461 2121 636 2165 patientis.
710 2120 858 2155 Ratione
885 2121 1089 2164 efficientis,
1115 2120 1148 2154 id
1173 2124 1228 2154 est
1251 2120 1400 2163 Christi,
1429 2122 1488 2165 qui

98 2197 174 2222 eum
197 2187 388 2221 convertit:
437 2185 486 2220 ibi
519 2187 609 2221 enim
634 2186 787 2222 ostendit
813 2197 910 2221 suam
935 2187 1127 2222 mirabilem
1152 2187 1343 2231 potentiam
1366 2187 1402 2219 in
1422 2185 1488 2220 hoc

100 2251 193 2297 quod
217 2251 324 2287 dixit:
365 2251 487 2286 durum
512 2256 566 2287 est
587 2252 650 2286 tibi
676 2256 799 2287 contra
823 2252 995 2287 stimulum
1021 2253 1265 2294 recaIcitrare,
1301 2255 1335 2286 et
1362 2252 1396 2285 in
1422 2250 1487 2284 hoe.

99 2316 192 2362 quod
216 2317 329 2361 ipsum
352 2320 423 2351 tam
448 2316 564 2352 subito
589 2320 794 2361 immutavit,
822 2318 911 2354 unde
936 2320 1099 2353 continuo
1127 2320 1324 2352 immutatus
1340 2326 1485 2361 respon-

100 2381 170 2416 dit:
196 2379 332 2415 domine
360 2381 443 2426 quid
469 2383 519 2416 vis
545 2393 597 2418 me
624 2383 770 2419 facere?
804 2384 1021 2429 Augustinus
1050 2395 1155 2428 super
1182 2383 1247 2416 hoc
1272 2381 1400 2416 verbo:
1427 2392 1486 2416 oc-

98 2449 190 2482 cisus
215 2457 327 2492 agnus
352 2456 374 2480 a
399 2447 490 2492 lupis
520 2436 602 2482 fecit
622 2457 734 2494 agnos
760 2448 802 2483 de
826 2448 938 2493 lupis3
960 2450 1034 2493 jam
1060 2453 1163 2493 parat
1185 2458 1223 2481 se
1249 2447 1293 2481 ad
1319 2447 1486 2483 obedien-

99 2513 190 2554 dum,
217 2514 275 2557 qui
301 2513 398 2557 prius
425 2511 607 2547 saeviebat
632 2513 675 2547 ad
703 2512 993 2558 persequendum.
1042 2512 1201 2548 Secundo
1232 2514 1268 2558 ³)
1294 2513 1341 2548 ibi
1369 2518 1485 2549 osten—

167 2681 194 2713 1)
214 2680 266 2709 Ed.
286 2683 330 2709 Pr.
349 2679 426 2706 male
446 2679 517 2711 legit
542 2679 755 2706 Februarii.
858 2682 886 2712 2)
915 2685 948 2706 et
972 2694 998 2700 -—
1022 2679 1252 2708 etsicientis
1279 2681 1356 2708 male
1377 2681 1486 2708 omittit

101 2723 153 2754 Ed.
171 2728 216 2754 Pr.
305 2725 333 2757 3)
353 2723 408 2752 ibi
429 2723 607 2752 ostendit
630 2723 735 2751 desunt
758 2724 786 2751 in
806 2725 857 2752 Ed.
879 2729 919 2751 Μ’.
