1742 3005
276 108 360 149 590
415 110 510 160 Cap.
542 109 713 147 CXXXI.
771 109 831 147 Do
863 110 1057 149 nativitate
1087 112 1224 149 beatae
1254 111 1398 148 Mariae
1427 110 1595 161 virginis.

274 220 342 251 tem
376 214 571 249 nativitatis
608 215 757 260 virginis
788 214 970 260 aliquanto
1003 218 1160 260 temporo
1195 215 1314 251 fideles
1347 216 1460 252 latuit.
1510 215 1666 260 Contigit

274 283 401 327 igitur,
445 280 538 312 sicut
580 278 692 314 refert
728 279 908 315 ,Iohannes
940 279 1087 323 Beleth,
1129 281 1222 326 quod
1261 281 1400 327 quidam
1439 284 1491 317 vir
1521 283 1664 315 sanctus

274 346 420 381 sedulae
447 344 736 389 contemplationi
760 346 947 389 insistens,
973 346 1124 392 singulis
1150 347 1250 380 annis
1274 346 1317 381 VI
1339 346 1420 381 Idus
1440 345 1664 392 Septembres

273 414 307 446 in
338 413 498 446 oratione
533 412 671 456 positus
703 411 992 457 jocundissimam
1025 411 1230 458 angelorum
1258 412 1462 446 societatem
1488 411 1665 446 sollemni-

273 482 406 512 zantem
434 477 583 519 audiret,
608 487 752 522 cumque
779 477 1004 512 devotissime
1031 476 1098 511 sibi
1127 477 1275 512 revelari
1307 480 1464 522 peteret,
1492 486 1554 511 cur
1578 487 1664 522 quo—

271 544 357 579 libet
383 554 472 578 anno
502 543 562 577 illo
588 545 722 577 tantum
747 542 805 578 die
833 547 867 577 et
892 554 961 577 non
986 543 1057 577 alio
1082 542 1149 578 hoc
1173 544 1329 586 audiret,
1356 543 1506 578 divinum
1531 542 1666 586 recepit

274 620 502 655 responsum,
543 607 636 653 quod
664 610 764 654 virgo
791 609 952 654 gloriosa
976 608 1093 643 Maria
1117 609 1179 643 tali
1206 609 1262 644 die
1289 609 1393 644 suerit
1417 607 1542 642 mundo
1568 610 1664 649 nata,

272 680 306 711 et
348 676 428 709 ideo
466 674 532 708 hoc
569 674 813 709 manifestaret
852 675 933 708 tiliis
970 679 1115 709 sanctae
1162 675 1354 718 ecclesiae,
1394 678 1432 708 ut
1473 672 1666 708 concordes

271 740 394 776 tierent
427 742 462 774 in
493 740 558 773 hac
592 739 798 774 celebritate
831 739 978 774 coelesti
1017 742 1148 778 curiae.
1197 740 1277 775 Cum
1304 745 1418 776 autem
1443 739 1509 774 hoc
1533 748 1665 773 summo

271 806 427 852 pontifici
454 809 487 839 et
513 804 593 839 aliis
621 805 818 838 intimasset
845 808 878 839 et
908 804 957 837 illi
983 805 1203 839 orationibus
1231 810 1265 840 et
1284 807 1450 851 jejuniis,
1478 805 1665 849 scripturis

272 876 307 907 et
342 873 587 917 antiquitatum
621 871 833 905 testimoniis
868 872 1050 905 veritatem
1083 872 1357 915 comperissent,
1391 871 1482 905 hunc
1514 870 1604 905 diem
1630 871 1664 903 in

270 937 405 972 honore
443 937 637 971 nativitatis
683 937 833 982 virginis
877 935 1123 970 celebrandum
1168 937 1418 971 universaliter
1456 938 1664 970 statuerunt.

271 1003 408 1038 Octava
444 1006 558 1037 autem
593 1003 788 1036 nativitatis
824 1001 951 1036 beatae
985 1001 1122 1037 Mariae
1162 1002 1285 1045 ¹)olim
1312 1013 1381 1036 non
1406 1001 1664 1042 celebrabatur,

270 1069 333 1104 sed
359 1068 517 1102 dominus
543 1067 767 1102 Innocentius
794 1067 854 1104 lv.
879 1068 1021 1102 natione
1043 1068 1231 1103 Januensis
1258 1069 1368 1113 ipsam
1394 1069 1545 1103 instituit
1570 1066 1664 1101 celc-

269 1134 451 1168 brandam.
502 1133 608 1177 Cujus
627 1132 716 1167 haec
736 1143 844 1167 causa
870 1133 947 1167 fuit.
999 1132 1173 1179 Gregorio
1200 1135 1288 1167 enim
1314 1145 1405 1168 nono
1434 1145 1497 1179 per
1520 1136 1663 1167 mortem

269 1199 410 1234 sublato
431 1199 474 1233 de
491 1198 605 1233 medio
622 1197 769 1233 Romani
787 1209 907 1233 omnes
923 1198 1124 1233 cardinales
1145 1201 1178 1233 in
1197 1199 1345 1244 quodam
1370 1199 1527 1234 conclavi
1552 1199 1663 1232 inclu-

269 1270 410 1307 serunt,
435 1269 473 1299 ut
498 1266 600 1299 citius
629 1265 800 1300 ecclesiae
827 1263 1082 1309 provideretur.
1132 1264 1201 1299 Sed
1236 1276 1310 1298 cum
1345 1275 1409 1309 per
1441 1264 1560 1309 plures
1587 1264 1664 1298 dies

268 1330 487 1366 concordare
507 1342 574 1365 non
594 1333 794 1376 potuissent
816 1335 850 1365 et
874 1331 940 1375 ipsi
970 1340 990 1364 a
1006 1330 1171 1365 Romanis
1197 1331 1323 1364 multas
1350 1331 1530 1365 molestias
1556 1330 1665 1364 susti-

268 1401 412 1439 nerent,
442 1400 611 1431 voverunt
637 1399 783 1443 reginae
810 1396 921 1435 coeli,
948 1395 1062 1441 quod,
1098 1397 1128 1430 si
1155 1398 1231 1440 eJus
1257 1397 1388 1430 meritis
1411 1396 1665 1431 concordarent

270 1468 305 1498 et
332 1463 435 1498 liberi
461 1462 560 1497 abire
586 1467 753 1508 possent,
790 1467 933 1497 octavas
969 1472 1054 1496 suae
1088 1463 1284 1496 nativitatis
1321 1461 1381 1496 diu
1411 1462 1593 1508 neglectas
1621 1462 1665 1497 de

267 1533 409 1563 caetero
426 1532 622 1563 statuerent
644 1529 887 1564 celebrandas.
929 1528 1056 1573 Sicque
1076 1529 1110 1562 in
1135 1527 1307 1562 dominum
1325 1527 1560 1563 Coelestinum
1581 1538 1664 1562 con-

270 1598 439 1629 venerunt
465 1598 500 1628 et
525 1594 666 1629 liberati
692 1606 756 1639 per
783 1595 954 1629 dominum
980 1593 1218 1629 Innocentimn
1237 1597 1353 1628 votum
1372 1593 1663 1639 adimpleverunt.

269 1660 492 1695 Coelestinus
521 1661 609 1693 enim
635 1660 772 1694 modico
802 1665 960 1705 tempore
985 1661 1182 1705 supervixit
1217 1664 1251 1694 et
1285 1659 1364 1694 ideo
1400 1671 1464 1704 per
1496 1671 1570 1695 eum
1599 1660 1663 1693 im—

268 1726 359 1771 pleri
384 1736 452 1759 non
479 1726 603 1769 potuit.
651 1724 696 1759 Et
723 1729 825 1767 nota,
862 1726 954 1770 quod
987 1730 1060 1760 tres
1092 1727 1295 1761 nativitates
1331 1726 1486 1777 ecclesia
1522 1726 1664 1760 sollem-

267 1792 383 1833 nizat‚
431 1791 567 1825 seilicet
608 1792 824 1825 nativitatem
867 1790 1017 1831 Christi,
1061 1796 1205 1825 sanctae
1240 1792 1377 1826 Mariae
1421 1795 1456 1826 et
1490 1790 1662 1826 ,Iohannis

267 1857 465 1901 baptistae,
517 1866 607 1901 quae
640 1860 712 1891 tres
750 1856 938 1901 designant
970 1860 1042 1890 tres
1078 1856 1282 1900 spirituales
1321 1857 1541 1890 nativitates:
1587 1866 1660 1890 cum

266 1922 427 1958 Jobannc
453 1932 602 1966 namque
630 1923 663 1955 in
689 1931 797 1967 aqua,
831 1932 905 1956 cum
931 1921 1048 1956 Maria
1082 1922 1114 1955 in
1148 1923 1383 1965 poenitentia,
1420 1932 1493 1955 cum
1520 1921 1660 1956 Christo

267 1989 483 2022 renascimur
517 1989 549 2021 in
583 1988 712 2033 gloria.
761 1988 843 2022 (lum
879 1988 987 2033 igitur
1018 1988 1235 2021 nativitatem
1272 1988 1437 2031 baptismi
1471 1988 1502 2020 in
1531 1986 1661 2020 adultis

267 2057 431 2098 oporteat
465 2053 679 2097 praecedere
712 2054 955 2104 contritionem
999 2055 1032 2086 et
1066 2052 1206 2097 gloriae
1245 2052 1425 2092 similiter,
1468 2051 1548 2086 ideo
1579 2052 1660 2087 illae

267 2119 357 2153 duae
385 2120 507 2152 merito
535 2118 678 2163 vigilias
695 2117 837 2160 liabent,
867 2118 928 2152 sed
947 2128 1021 2152 eum
1044 2118 1263 2162 poenitentia
1281 2121 1353 2152 tota
1369 2119 1415 2152 sit
1437 2129 1502 2163 pro
1523 2119 1659 2164 vigilia,

266 2196 334 2220 non
367 2186 542 2229 oportuit,
576 2188 614 2218 ut
649 2184 807 2229 vigiliam
842 2183 1000 2218 liaberet.
1051 2184 1206 2218 Octavas
1243 2194 1324 2219 vero
1363 2195 1481 2219 omnes
1516 2184 1659 2225 habent,

267 2252 349 2297 qnia
375 2260 493 2284 omnes
519 2250 563 2283 ad
590 2253 747 2284 octavam
775 2250 1043 2284 resurrectionis
1070 2248 1248 2285 anhelant.
1276 2270 1315 2276 -
1338 2269 1384 2274 —-
1408 2270 1450 2276 -
1484 2254 1529 2287 2.
1554 2250 1660 2285 Miles

268 2316 409 2362 quidam
440 2315 542 2349 valde
568 2319 730 2350 strenuus
759 2320 794 2350 et
820 2315 947 2350 beatae
972 2314 1110 2349 Mariae
1136 2315 1237 2350 valde
1263 2315 1411 2350 devotus
1444 2316 1490 2350 ad
1516 2320 1659 2350 tornea-

268 2385 416 2416 mentum
451 2381 583 2415 vadens
613 2380 787 2425 quoddam
819 2382 930 2425 primo
966 2381 1212 2415 monasterium
1255 2381 1299 2415 ad
1333 2381 1498 2417 bonorem
1532 2382 1659 2416 beatae

268 2447 405 2484 Mariae
438 2450 672 2481 constructum
707 2448 740 2480 in
777 2447 902 2480 itinere
928 2449 1101 2490 repertum
1131 2448 1271 2481 missam
1299 2448 1482 2482 auditurus
1508 2446 1658 2481 intravit.

269 2513 351 2547 Cum
378 2516 491 2547 autem
527 2514 634 2547 missa
668 2513 795 2547 missae
829 2512 1038 2547 succederet
1073 2515 1108 2546 ct
1139 2513 1199 2548 ille
1233 2513 1277 2547 ob
1313 2513 1479 2547 honorem
1511 2510 1658 2555 virginis

269 2579 395 2612 nullam
421 2579 702 2623 praetermittere
729 2578 856 2620 vellet,
891 2577 1031 2612 tandem
1057 2580 1303 2614 monasterium
1329 2579 1450 2614 exiens
1475 2575 1521 2609 ad
1547 2575 1656 2609 locum

339 2721 365 2752 1)
386 2720 438 2747 Ed.
460 2725 504 2749 [Ὗ.
523 2723 612 2756 plane
632 2722 780 2750 contrario
801 2722 873 2748 liat-c
893 2721 931 2748 ita
953 2720 1039 2753 legit:
1065 2720 1183 2747 Maria
1195 2728 1209 2745 e
1237 2718 1463 2745 celebratur
1482 2719 1549 2745 sod
1567 2723 1622 2746 etc.
