1742 3005
245 87 327 126 584
561 92 655 140 Cap.
689 91 842 127 (LXXX.
902 91 960 129 De
993 98 1121 129 sancto
1152 91 1321 142 Aegidio.

249 196 361 230 victus
391 196 564 241 Aegidius
597 196 760 240 iacrymis
794 199 828 230 ct
861 197 1023 239 precibus
1062 199 1180 242 regis,
1226 202 1409 243 postquam
1452 194 1632 240 plurimum

251 261 443 301 renuisset,
481 260 574 294 iilius
601 263 803 295 monasterii
826 270 941 295 euram
968 262 1137 305 suscepit.
1185 260 1294 306 Hujus
1323 261 1445 295 samam
1477 271 1538 294 rex
1566 260 1633 293 Ca-

253 323 348 357 rolus
377 329 413 358 ut
437 325 588 369 audivit,
624 327 700 371 ejus
736 327 921 371 impetrato
953 325 1105 360 adventu
1136 331 1338 361 reverenter
1370 337 1443 361 enm
1469 326 1635 370 suscepit.

254 388 347 423 inter
368 395 510 426 caetera
534 392 658 426 salutis
684 392 860 437 colloquia
885 402 947 425 rex
973 401 1048 426 eum
1074 393 1234 437 rogavit,
1270 395 1307 425 ut
1338 402 1400 436 pro
1439 401 1479 425 eo
1511 391 1636 436 digna-

255 458 350 488 retur
374 466 499 499 orare,
526 459 608 503 quia
634 458 805 503 quoddam
833 457 968 491 facinus
996 467 1135 492 enorme
1162 458 1401 499 commiserat,
1436 455 1527 501 quod
1554 455 1640 488 nulii

255 530 404 566 unquam
436 532 499 557 nee
532 523 601 568 ipsi
635 528 755 557 saneto
792 521 950 557 confiteri
985 521 1143 558 auderet.
1193 522 1361 567 Sequenti
1393 522 1503 567 igitur
1528 520 1639 555 domi-

256 587 354 629 nica,
398 587 476 621 dum
509 588 682 634 Aegidius
716 589 899 624 celebrans
937 599 1000 633 pro
1032 599 1117 633 rege
1154 591 1293 630 oraret⁷
1335 587 1482 633 angelus
1515 586 1643 620 domini

257 651 367 686 eidem
405 662 580 697 apparens
614 653 816 688 schedulam
847 665 954 699 super
988 654 1101 689 altare
1137 655 1274 699 posuit,
1310 655 1344 686 in
1379 663 1447 698 qua
1479 653 1643 697 seriptum

258 721 334 751 erat
358 728 422 761 per
450 717 606 752 ordinem
645 723 679 753 et
709 721 806 765 regis
840 724 1018 764 peceatum
1055 723 1089 754 et
1112 719 1256 764 Aegidii
1280 718 1443 763 precibus
1465 718 1539 763 jam
1566 727 1645 752 esse

257 781 453 825 dimissum,
490 783 552 817 sed
578 787 693 818 tamen
719 786 902 828 poenitens
931 789 965 819 ct
990 784 1157 818 confitens
1184 784 1227 818 ab
1253 784 1313 818 illo
1342 783 1506 828 deinceps
1533 783 1645 816 absti-

258 852 372 885 neret.
418 848 627 893 Adjunetum
665 854 741 884 erat
774 851 809 884 in
844 849 928 892 fine,
971 853 1028 891 nt,
1070 850 1228 894 quisquis
1269 852 1424 883 sanctum
1459 848 1646 894 Aegidium

256 923 321 957 pro
357 924 561 959 quoeunque
595 917 778 949 commisso
814 917 1010 954 invocaret!
1055 917 1085 949 si
1127 919 1243 950 tamen
1278 914 1321 949 ab
1356 913 1416 948 illo
1449 913 1648 955 desisteret,

260 978 338 1023 ejus
363 981 496 1013 meritis
521 980 591 1014 sibi
617 982 797 1015 reinissum
823 993 890 1016 non
918 982 1105 1016 dubitaret.
1157 981 1287 1016 Oblata
1312 981 1421 1025 igitur
1445 980 1521 1025 regi
1547 978 1648 1013 sche-

261 1043 345 1078 dula
368 1050 512 1088 peccato
539 1057 602 1080 suo
632 1057 693 1080 rex
718 1049 839 1092 agnito
867 1049 999 1082 veniam
1030 1046 1208 1081 humiliter
1230 1046 1442 1091 postulavit,
1475 1044 1650 1091 Aegidius

262 1112 378 1143 autem
410 1120 485 1143 eum
516 1109 650 1146 honore
684 1111 825 1146 rediens
861 1113 953 1157 apud
984 1112 1254 1147 Nemausensem
1279 1112 1398 1146 urbem
1424 1112 1528 1146 siliunt
1554 1114 1651 1157 prin-

262 1175 363 1218 cipis,
391 1176 546 1219 quitune
565 1175 715 1218 obierat,
742 1179 939 1215 suscitavit.
986 1178 1072 1212 Post
1096 1177 1346 1222 aliquantulum
1374 1187 1456 1211 vero
1481 1180 1650 1222 temporis

262 1241 513 1283 praenuntians
539 1243 787 1276 monasterium
813 1253 910 1277 suum
937 1254 1005 1277 non
1030 1243 1136 1289 longe
1163 1243 1207 1277 ab
1239 1242 1401 1276 hostibus
1427 1243 1652 1278 evertendum

261 1304 404 1340 Romam
429 1306 515 1340 adiit
541 1310 574 1341 et
600 1307 822 1353 privilegium
859 1309 1031 1343 eeclesiae
1066 1309 1206 1354 duoque
1233 1310 1324 1342 ostia-
1349 1310 1586 1353 cyparissina,
1618 1311 1653 1344 in

262 1370 388 1416 quibus
413 1371 573 1416 sculptae
599 1377 698 1407 erant
723 1374 894 1418 imagines
923 1374 1183 1419 apostolorum,
1218 1384 1239 1408 a
1266 1384 1359 1419 papa.
1384 1375 1573 1418 impetrans
1600 1374 1652 1409 di-

262 1437 472 1482 mittensque
498 1448 539 1472 ea
565 1439 599 1471 in
628 1438 792 1487 Tyberim
820 1439 938 1474 divino
968 1441 1130 1485 regimini
1156 1439 1411 1474 commendavit
1445 1442 1479 1474 et
1510 1440 1554 1473 ad
1579 1451 1652 1474 nio-

263 1504 453 1537 nasterium
497 1503 637 1538 rediens
678 1504 815 1539 cuidam
859 1509 1039 1540 contracto
1091 1506 1183 1550 apud
1230 1505 1451 1551 Tyberonem
1494 1516 1653 1551 gressum

263 1568 428 1603 restituit.
482 1568 634 1614 Cumque
672 1570 715 1604 ad
752 1572 998 1605 monasterium
1048 1571 1233 1613 rediisset,
1273 1571 1455 1616 praedicta
1496 1574 1589 1606 ostia
1621 1573 1654 1606 in

262 1637 365 1677 portu
391 1634 522 1668 invenit
548 1638 582 1669 et
607 1637 744 1680 gratias
772 1646 882 1681 agens
909 1636 1001 1678 lico,
1037 1636 1131 1682 quod
1163 1638 1254 1671 inter
1284 1641 1337 1671 tot
1370 1639 1475 1671 maris
1500 1638 1657 1682 pericula

262 1698 390 1732 illaesa
415 1704 614 1740 servasset,
643 1710 685 1734 ea
713 1701 745 1733 in
777 1702 998 1742 ¹)liminibus
1028 1703 1199 1737 ecelesiae
1228 1712 1314 1737 suae
1340 1703 1384 1736 ad
1411 1702 1516 1738 decus
1542 1704 1654 1739 eecle-

264 1764 340 1798 siae
370 1768 404 1798 et
428 1767 670 1800 monimentum
700 1768 791 1810 pacti
818 1767 994 1802 Romanae
1021 1768 1118 1802 sedis
1146 1770 1273 1805 erexit,
1322 1768 1478 1803 Tandem
1497 1769 1656 1804 dominus

265 1829 354 1863 diem
394 1832 447 1864 sui
479 1831 595 1864 obitus
629 1833 806 1866 imminere
840 1833 907 1866 sibi
944 1844 1007 1877 per
1045 1835 1202 1877 spiritum
1238 1833 1429 1874 revelarit,
1470 1833 1562 1878 quod
1597 1834 1655 1869 ilie

265 1894 433 1928 fratribus
469 1895 627 1929 indicans
661 1900 694 1930 et
721 1907 784 1940 pro
813 1908 850 1930 se
877 1908 980 1931 orare
1006 1897 1158 1931 suadens
1193 1900 1225 1931 in
1252 1898 1389 1931 ‹lomim›
1416 1898 1564 1933 feliciter
1591 1900 1653 1933 ob-

264 1959 444 2001 dormiat,
480 1959 537 1993 nbi
571 1959 697 1994 choros
731 1961 933 2006 angelornm
969 1964 1044 2007 ejtis
1072 1963 1219 1996 animam
1248 1964 1281 1996 in
1313 1963 1445 1997 coelum
1474 1964 1654 1999 i'erentium

264 2026 401 2069 plurimi
428 2036 465 2059 se
485 2025 664 2059 audivisse
690 2027 807 2060 testati
829 2031 917 2061 sunt.
970 2028 1102 2062 Ciarnit
1128 2029 1222 2062 cirea
1248 2038 1371 2063 aninnn
1404 2028 1533 2062 domini
1558 2029 1654 2065 DCC.

334 2171 359 2202 l)
381 2169 430 2196 kd.
453 2173 492 2196 i’r.
515 2170 609 2196 male:
637 2169 863 2197 luminibus.
