1742 3005
240 23 337 70 Cap.
367 21 554 58 CLXXX.
613 22 670 59 De
702 23 841 59 sanctis
872 22 1046 60 Barlaam
1079 29 1115 60 et
1145 22 1343 73 Josaphat.
1400 22 1478 60 821

96 135 204 159 meum
242 127 402 169 permitte
439 137 568 161 mecum
595 126 660 162 liae
689 131 790 162 nocte
817 138 977 169 manere,
1017 131 1052 161 ut
1077 127 1177 162 simul
1206 127 1248 163 de
1274 129 1477 173 responsio-

95 190 195 224 nibus
213 190 336 225 fiendis
360 194 514 226 erastino
541 193 773 234 conseramus,
802 196 835 227 et
861 198 896 227 tu
922 198 1001 228 tuos
1029 199 1137 228 tecum
1165 203 1324 227 assumas
1350 198 1478 227 etcum

94 258 137 290 lis
161 256 343 299 conseras,
379 262 438 292 aut
463 260 532 292 tuis
559 269 687 293 mecum
716 259 895 302 permissis
922 260 1042 303 accipe
1067 270 1195 300 meum,
1229 259 1385 303 alioquin
1409 269 1477 292 non

86 323 285 367 Justitiam,
323 322 386 357 sed
413 324 610 357 violentiam
644 323 842 359 exercebis,
892 324 1114 367 Quapropter
1137 323 1276 357 Naclior
1300 323 1367 356 sibi
1394 333 1478 356 eon-

90 389 209 430 cessit,
226 399 321 433 spem
335 388 448 422 adbuc
466 388 610 429 habens,
630 388 720 433 quod
738 399 811 422 eum
828 388 1023 422 seduceret.
1051 388 1133 421 Cum
1150 389 1259 432 igitur
1273 388 1362 421 lilius
1378 389 1476 432 regis

91 465 164 488 eum
177 452 318 488 Naclior
332 453 466 488 domum
478 454 655 493 rediisset,
675 453 761 487 dixit
781 454 812 487 ei
830 452 1021 497 Jesapliat:
1045 464 1088 487 ne
1107 458 1205 497 putes
1224 463 1277 486 me
1295 454 1474 497 ignorare,

90 522 167 564 quis
187 521 255 559 sis;
281 520 353 552 scie
365 522 399 553 te
418 528 483 552 non
503 528 582 552 esse
601 517 776 558 Barlaam,
795 517 857 552 sed
873 516 1013 552 Naclior
1031 518 1259 563 astrologum,
1284 519 1474 562 incipiens-

89 595 156 630 que
171 583 345 628 Josaphat
364 584 452 616 viam
464 582 588 616 salutis
608 584 637 616 ei
656 583 876 627 praedicavit
896 588 929 617 et
949 583 991 617 ad
1019 582 1117 618 iidem
1143 587 1350 618 convertens
1376 592 1475 616 mane

86 649 131 683 ad
152 659 301 682 eremum
322 649 429 690 misit,
456 647 514 682 ubi
542 647 749 692 baptismum
776 649 971 692 suscipiens
997 650 1207 683 eremiticam
1235 650 1338 682 vitam
1364 648 1473 682 duxit.

85 714 214 759 Magus
233 718 345 749 autem
365 713 517 758 quidam,
545 714 679 747 nomine
699 713 879 755 Tlieodas,
908 712 1006 756 haec,
1033 724 1122 759 quae
1149 714 1377 760 gerebantur,
1406 724 1470 747 au-

84 780 184 815 diens
200 779 243 815 ad
262 790 378 825 regem
399 780 491 813 venit
517 783 562 820 et,
588 778 680 823 quod
707 778 810 812 filium
839 789 935 813 suum
963 780 1007 813 ad
1036 780 1135 825 leges
1153 782 1263 824 patris
1283 781 1398 815 redire
1417 780 1470 814 sa-

86 850 193 885 ceret,
222 847 391 891 promisit.
441 844 503 878 Cui
525 854 603 878 rex:
629 846 657 877 si
677 844 741 877 lioc
762 844 900 886 feceris,
927 849 1076 878 statuam
1093 855 1232 878 auream
1250 845 1315 879 tibi
1335 846 1468 890 erigam

84 916 119 946 et
143 913 220 956 ipse
251 913 341 945 sicut
367 911 442 946 Diis
476 911 682 945 sacrificium
709 909 865 944 offeram.
914 908 955 943 Et
980 909 1056 944 ille:
1094 920 1114 943 a
1140 909 1211 944 lilio
1241 915 1299 945 tuo
1327 915 1470 945 cunctos

84 987 224 1012 remove
248 981 282 1012 et
307 976 469 1010 mulieres
496 975 641 1010 decoras
671 978 704 1008 et
730 979 872 1008 ornatas
899 975 1070 1009 introduci
1099 979 1281 1021 praecipe,
1316 981 1353 1011 ut
1378 987 1469 1011 sem-

83 1053 147 1087 per
172 1052 246 1076 cum
275 1052 316 1076 co
343 1044 414 1076 sint
441 1045 475 1076 et
500 1042 696 1075 ministrent
723 1045 757 1074 et
781 1045 1032 1075 conversentur
1057 1046 1090 1075 et
1116 1047 1292 1076 morentur
1306 1052 1379 1076 cum
1403 1053 1465 1082 eo;

82 1118 150 1154 ege
176 1111 289 1142 autem
315 1118 416 1142 unum
443 1106 485 1141 de
510 1106 692 1151 spiritibus
720 1108 803 1141 meis
831 1106 874 1140 ad
907 1117 982 1141 eum
1017 1107 1188 1152 dirigam,
1225 1109 1283 1152 qui
1315 1118 1391 1142 eum
1424 1108 1467 1142 ad

81 1173 260 1208 libidinem
287 1172 526 1212 inflammabit,
556 1171 642 1205 nihil
667 1173 754 1206 enim
776 1173 925 1215 juvenes
953 1173 1002 1206 sic
1029 1177 1145 1217 potest
1171 1173 1352 1214 seducere,
1377 1175 1468 1208 sicut

81 1240 191 1274 facies
229 1239 421 1274 mulierum.
487 1237 559 1272 Rex
602 1238 690 1272 enim
724 1237 862 1282 quidam
911 1248 983 1271 cum
1025 1238 1128 1272 lilium
1169 1240 1230 1272 xix
1270 1238 1465 1279 habuisset,

81 1304 242 1340 dixerunt
267 1304 467 1349 peritissimi
495 1302 640 1344 medici,
681 1303 791 1348 quod,
818 1304 849 1336 si
875 1303 967 1337 infra
993 1303 1110 1338 decem
1141 1314 1250 1339 annos
1276 1305 1384 1339 solem
1413 1306 1466 1339 vel

81 1370 196 1405 lunam
222 1370 367 1411 viderit,
401 1369 527 1403 lumine
554 1368 731 1402 oculorum
759 1368 962 1413 privabitur.
1012 1369 1084 1404 Rex
1117 1371 1225 1416 igitur
1258 1372 1289 1405 in
1316 1371 1466 1415 quadam

81 1440 182 1480 petra
206 1435 372 1480 spelunca
399 1437 518 1469 excisa
543 1434 646 1468 lilium
672 1433 717 1467 ibi
744 1444 855 1479 usque
881 1434 924 1468 ad
944 1444 1053 1469 annos
1076 1435 1192 1470 decem
1213 1446 1351 1471 manere
1371 1436 1464 1470 fecit.

81 1500 215 1542 Quibus
241 1500 347 1534 finitis
367 1501 477 1545 jussit
503 1511 583 1542 rex,
618 1504 656 1534 ut
692 1501 840 1534 omnium
876 1511 987 1535 rerum
1020 1511 1152 1545 genera
1185 1506 1265 1536 ante
1298 1512 1372 1535 eum
1401 1502 1465 1535 ad-

81 1566 304 1608 ducerentur,
329 1570 365 1600 ut
389 1568 538 1600 omnium
564 1567 704 1600 nomina
729 1570 762 1600 et
782 1567 936 1599 notitiam
959 1571 1080 1610 posset
1100 1566 1242 1602 habere.
1291 1566 1464 1601 Adductis

80 1633 190 1678 igitur
222 1636 302 1666 ante
339 1641 416 1666 eum
455 1641 540 1666 auro
579 1636 614 1666 et
646 1636 820 1677 argente,
863 1631 1040 1675 lapidibus
1080 1634 1267 1676 pretiosis,
1309 1633 1464 1668 vestibus

80 1697 300 1742 splendidis,
335 1700 434 1743 equis
466 1697 647 1742 regalibus
685 1701 718 1731 et
752 1698 900 1730 omnium
935 1708 1048 1731 rerum
1074 1698 1285 1743 generibus,
1319 1709 1394 1733 cum
1421 1699 1465 1734 de

79 1765 355 1808 uniuscujusque
390 1766 441 1798 rei
468 1765 604 1797 nemine
630 1764 886 1807 interrogaret,
932 1764 1079 1796 ministri
1115 1766 1262 1798 omnium
1295 1765 1365 1799 sibi
1400 1776 1464 1799 no-

79 1831 170 1864 mina
195 1829 406 1864 indicabant.
456 1829 538 1863 Cum
563 1833 676 1863 autem
703 1839 826 1862 nomen
852 1828 1029 1863 mulierum
1057 1828 1192 1864 discere
1218 1832 1322 1865 anxie
1355 1840 1465 1876 quae-

79 1898 193 1933 reret,
231 1894 432 1940 spatharius
466 1896 564 1940 regis
598 1894 750 1928 ludendo
790 1894 898 1935 dixit,
931 1894 1119 1929 daemones
1151 1905 1212 1930 eas
1237 1907 1336 1938 esse,
1373 1906 1464 1941 quae

80 1946 238 1993 homines
262 1959 441 1994 seducant.
489 1959 587 2004 Rege
614 1964 728 1993 autem
757 1961 997 2003 interrogante
1032 1959 1157 2001 lilium,
1195 1961 1280 2005 quid
1315 1961 1357 1995 de
1391 1972 1466 1994 em-

79 2024 200 2067 nibus‚
228 2034 317 2069 quae
342 2023 499 2065 viderat,
527 2023 606 2068 plus
630 2028 784 2057 amaret:
810 2023 915 2068 quid,
943 2025 1065 2068 inquit,
1091 2028 1203 2067 pater,
1229 2025 1336 2066 aliud,
1363 2034 1465 2069 quam

80 2089 269 2125 daemones
293 2089 374 2123 illos
390 2116 398 2128 ,
425 2089 482 2133 qui
508 2088 678 2122 seducunt
702 2088 888 2123 homines?
914 2089 946 2122 in
972 2087 1067 2122 nullo
1094 2090 1195 2131 enim,
1220 2091 1310 2123 sieut
1334 2090 1369 2123 in
1395 2088 1472 2130 his,

79 2157 130 2190 sic
163 2156 297 2191 exarsit
328 2155 443 2188 anima
478 2163 567 2191 mea.
615 2153 691 2188 Non
733 2155 843 2199 igitur
887 2153 991 2188 aliter
1032 2158 1132 2198 putes
1164 2158 1199 2188 te
1233 2154 1337 2188 tilium
1370 2158 1465 2188 tuum

79 2231 268 2266 superare,
308 2221 375 2254 nisi
419 2220 484 2254 boc
516 2219 642 2255 modo.
691 2219 768 2254 Rex
806 2220 915 2265 igitur
947 2218 1106 2252 omnibus
1139 2220 1308 2253 ministris
1341 2220 1465 2264 eJectis

80 2286 218 2332 puellas
243 2285 391 2320 decoras
417 2286 451 2320 ei
479 2286 652 2327 sociavit,
688 2295 778 2331 quae
813 2295 890 2319 eum
922 2295 1061 2329 semper
1093 2284 1138 2318 ad
1171 2284 1349 2318 libidinem
1381 2294 1464 2328 pro-

79 2351 270 2393 vocabant,
306 2360 370 2385 nec
401 2350 557 2385 habebat
593 2351 717 2393 alium,
751 2350 797 2385 ad
830 2360 930 2396 quem
962 2351 1177 2394 respiceret,
1212 2353 1272 2383 aut
1297 2359 1370 2382 cum
1397 2359 1465 2394 quo

80 2416 284 2462 loqueretur
309 2415 364 2449 vel
389 2426 462 2450 cum
488 2426 555 2460 quo
581 2420 794 2450 vesceretur.
842 2414 1022 2460 Malignus
1050 2425 1131 2448 vero
1157 2415 1303 2458 spiritus
1323 2423 1344 2447 a
1361 2424 1465 2459 mago

81 2483 209 2516 missus
234 2483 268 2515 in
287 2482 453 2526 juvenem
477 2481 579 2514 irruit
610 2484 645 2514 et
668 2490 827 2525 magnum
861 2481 954 2512 intus
982 2481 1151 2513 caminum
1176 2479 1270 2524 ignis
1295 2477 1465 2513 accendit.

81 2547 260 2593 Malignus
286 2547 395 2592 igitur
418 2547 564 2590 spiritus
589 2546 681 2579 intus
707 2544 964 2585 inflammabat,
997 2542 1134 2587 puellae
1168 2546 1282 2577 autem
1309 2544 1463 2578 exterius

81 2613 193 2648 dirum
229 2611 429 2648 excitabant
464 2610 635 2646 ardorem.
694 2608 759 2650 Qui
792 2619 828 2643 se
865 2612 933 2642 tam
969 2608 1107 2642 tortum·
1149 2609 1271 2642 vexari
1311 2610 1465 2644 sentiens
