1742 3005
417 56 513 106 Cap.
548 57 702 94 CXXX.
759 58 818 95 De
849 64 980 96 sancto
1012 57 1184 108 Aegidio.
1407 58 1487 98 583

104 157 252 193 triennio
286 157 540 193 febricitantem
573 164 749 203 curasset,
791 171 939 195 eremum
971 163 1115 206 cupiens
1147 161 1233 196 clam
1267 161 1430 198 discessit
1452 167 1488 199 et

102 233 175 256 cum
203 221 440 264 ¹)Veredonio
466 226 611 259 eremita
634 227 819 260 sanctitate
843 228 1032 271 conspicuo
1060 226 1119 261 diu
1145 229 1291 270 mansit,
1327 227 1389 262 ubi
1412 233 1484 264 ste-

102 288 264 323 rilitatem
298 293 415 324 terrae
448 292 521 324 suis
555 292 686 326 meritis
727 291 874 337 fugavit.
924 292 994 326 Sed
1031 292 1107 326 dum
1149 292 1278 338 ubique
1310 295 1485 329 miraculis

101 358 326 396 coruscaret,
363 354 534 390 humanae
558 355 672 389 laudis
697 358 822 390 timens
859 357 1048 401 periculum
1074 358 1196 392 relicto
1221 369 1262 392 eo
1284 361 1484 395 interiorem

101 430 250 454 eremum
281 422 495 464 penetravit,
537 421 596 454 ubi
630 421 802 466 quoddam
835 425 971 454 antrum
1009 426 1042 455 et
1075 422 1245 466 quendam
1282 424 1482 459 fonticulum

101 486 280 530 reperiens
315 486 486 531 quandam
521 485 743 519 nihilominus
775 495 909 519 cervam
935 492 1180 531 praeparatam
1209 488 1335 522 ibidem
1360 489 1484 524 habuit

99 552 135 584 in
154 552 332 592 nutrIcem‚
358 560 447 595 quae
464 551 568 584 certis
594 549 691 583 horis
716 550 818 584 lactis
843 551 1041 586 alimoniam
1067 552 1134 586 sibi
1158 553 1364 598 praebebat,
1413 554 1483 590 Sed

99 626 171 650 cum
207 615 335 650 ibidem
367 616 462 660 regis
496 616 594 659 pueri
626 620 853 658 venarentur,
899 617 1114 662 praedictam
1150 618 1307 653 videntes
1343 629 1481 654 cervam

95 682 251 720 caeteris*
277 680 362 714 seris
395 681 578 714 contemtis
612 679 701 714 hanc
735 692 809 716 cum
841 683 986 717 canibus
1020 685 1266 728 insequuntur3
1301 695 1322 719 a
1354 684 1480 730 quibus

96 746 173 780 dum
200 745 423 780 vehementer
447 751 644 792 urgeretur,
672 747 716 780 ad
742 747 850 792 pedes
876 750 928 782 sui
955 748 1113 794 confugit
1130 749 1271 786 alumni.
1317 749 1380 785 Ille
1397 761 1478 785 vero

93 811 290 853 admirans,
322 821 382 845 cur
414 816 554 856 praeter
589 812 728 846 solitum
761 815 813 847 sic
845 816 1015 859 mugiret,
1056 817 1175 849 exiens
1220 820 1253 849 et
1295 820 1478 850 venatores

92 879 240 914 audiens
266 878 438 912 dominum
465 879 644 919 exoravit,
680 882 734 919 ut,
761 888 862 923 quam
888 879 955 912 sibi
983 880 1155 914 tribuerat
1179 881 1368 922 nutricem,
1402 891 1477 915 ser-

93 949 204 982 varet.
252 945 379 978 Canum
406 947 517 976 autem
547 942 660 976 nullus
688 944 779 977 int'ra
807 944 1167 989 lapidisjactumsibi
1193 947 1477 990 appropinquare

91 1021 196 1045 ausus
233 1014 305 1051 cst,
349 1008 411 1043 sed
451 1018 525 1041 cum
568 1009 671 1041 nimio
715 1009 848 1043 ululatu
891 1010 935 1044 ad
981 1016 1165 1045 venatores
1199 1011 1474 1045 revertebantur:

92 1076 198 1110 Nocte
233 1077 341 1120 igitur
370 1074 640 1117 superveniente
672 1073 807 1107 domum
845 1076 990 1110 redeunt
1026 1081 1060 1110 et
1086 1078 1284 1121 insequenti
1311 1077 1366 1110 die
1393 1077 1475 1110 illuc

89 1144 304 1177 revertentes
335 1149 437 1173 casso
464 1138 587 1173 labore
622 1139 755 1173 (lonium
792 1142 914 1175 iterum
944 1141 1134 1176 redierunt.
1184 1141 1283 1181 Quod
1309 1142 1387 1175 dum
1413 1152 1473 1176 rex

87 1207 278 1248 audiisset,
322 1216 392 1240 rem
432 1209 468 1239 ut
508 1209 583 1239 erat
616 1207 835 1250 suspicatus,
874 1216 947 1239 cum
983 1209 1151 1251 episcopo
1187 1211 1220 1241 et
1254 1206 1473 1241 multitudine

87 1277 289 1309 venatorum
320 1271 400 1305 illuc
434 1272 657 1315 properavit,
693 1271 755 1305 sed
789 1282 862 1305 cum
890 1282 994 1306 canes
1026 1277 1063 1306 ut
1088 1275 1184 1317 prius
1213 1284 1280 1307 non
1306 1273 1472 1308 accedere

86 1341 360 1385 praesumerent,
386 1336 446 1370 sed
475 1346 594 1370 omnes
620 1336 784 1370 ululando
803 1337 968 1379 redirent,
995 1338 1106 1371 locum
1127 1340 1281 1382 veprium
1300 1338 1472 1373 densitate

87 1402 363 1438 inaccessibilem
397 1403 432 1435 in
465 1403 577 1446 girum
611 1401 931 1444 circumdederunt,
975 1414 1061 1437 unus
1093 1408 1206 1438 autem
1242 1405 1378 1438 incaute
1413 1413 1470 1437 sa-

85 1472 209 1516 gittam
243 1468 419 1514 dirigens,
454 1472 491 1501 ut
526 1467 604 1501 inde
638 1477 773 1502 cervam
808 1468 1019 1512 expelleret,
1064 1470 1138 1502 viro
1174 1468 1238 1503 Dei
1272 1480 1334 1513 pro
1367 1479 1472 1503 cerva

85 1536 199 1569 oranti
225 1544 333 1580 grave
360 1533 481 1567 vulnus
510 1533 656 1574 inflixit,
693 1532 756 1566 sed
791 1533 919 1567 milites
953 1535 1107 1568 semitam
1144 1534 1236 1568 terro
1271 1535 1470 1578 aperientes

85 1600 130 1634 ad
155 1602 266 1644 ipsius
293 1599 507 1633 devenerunt
531 1598 731 1642 speluncam
758 1602 791 1632 et
820 1598 977 1633 videntes
998 1610 1113 1634 senem
1136 1599 1257 1633 habitu
1275 1599 1472 1633 monachali

86 1667 268 1707 vestitum,
304 1666 431 1699 canitie
458 1668 572 1698 autem
598 1667 632 1698 et
658 1658 774 1698 aetate
802 1663 1054 1706 venerabilem,
1087 1676 1224 1700 cervam
1258 1676 1394 1711 quoque
1425 1665 1470 1700 ad

84 1732 162 1777 ejus
177 1741 294 1776 genua
310 1730 542 1774 provolutam,
572 1730 669 1764 solus
696 1731 882 1775 episcopus
910 1734 943 1764 et
965 1741 1025 1765 rex
1045 1742 1119 1765 eum
1138 1731 1274 1776 pedites
1295 1731 1469 1773 adierunt,

84 1798 234 1832 caeteris
261 1800 354 1830 retro
380 1800 474 1832 stare
503 1797 627 1841 Jussis‚
656 1800 689 1829 et
715 1797 1021 1841 interrogaverunt
1047 1807 1142 1839 eum,
1179 1798 1255 1842 quis
1288 1800 1384 1831 esset
1416 1795 1470 1830 vel

82 1862 172 1897 unde
203 1863 359 1897 venisset
391 1866 450 1896 aut
481 1872 542 1896 cur
574 1866 643 1895 tam
677 1861 819 1896 densam
855 1864 961 1896 eremi
994 1863 1193 1896 vastitatem
1220 1864 1383 1907 petiisset
1406 1872 1470 1896 seu

84 1930 160 1972 quis
195 1938 270 1962 eum
305 1928 488 1962 vulnerare
520 1931 587 1961 tam
620 1929 777 1972 graviter
810 1930 1093 1972 praesumsisset.
1150 1927 1282 1968 Quibus
1316 1938 1391 1962 eum
1425 1927 1470 1961 ad

83 1991 225 2037 singula
256 1992 501 2036 respondisset
536 1997 571 2026 et
607 1992 659 2026 illi
692 1992 735 2026 ab
769 2002 810 2026 eo
844 1993 1021 2027 humiliter
1047 1995 1182 2027 veniam
1216 1993 1468 2037 postulassent,

83 2057 236 2098 medicos
262 2055 418 2089 sanando
445 2056 578 2090 vulneri
602 2057 866 2100 spoponderunt
891 2062 925 2090 et
950 2058 1057 2091 multa
1083 2057 1230 2091 donaria
1256 2057 1468 2098 obtulerunt,

84 2123 149 2158 sed
177 2124 253 2167 ipse
284 2130 348 2155 nec
380 2120 585 2154 medicinam
620 2121 789 2155 adhihere
815 2121 923 2155 voluit
948 2125 982 2155 et
1005 2131 1148 2156 munera
1175 2125 1397 2156 contemnens
1425 2120 1470 2154 ad

83 2191 163 2233 ipsa
187 2189 290 2221 etiam
314 2196 382 2220 non
409 2187 584 2230 respexit,
619 2187 702 2231 quin
736 2188 852 2231 potius
887 2188 1002 2221 sciens
1029 2187 1187 2221 virtutem
1212 2188 1247 2220 in
1271 2187 1469 2220 infirmitate

83 2252 222 2299 perfici,
248 2252 421 2285 dominum
447 2252 626 2294 exoravit,
653 2262 695 2286 ne
711 2280 718 2294 ,
751 2251 915 2297 quamdiu
941 2254 1094 2294 viveret,
1129 2254 1271 2286 sanitati
1296 2253 1467 2297 pristinae

82 2317 302 2353 redderetur.
351 2316 422 2350 Sed
448 2326 521 2350 cum
551 2327 613 2351 rex
640 2328 715 2351 eum
747 2317 949 2362 frequenter
977 2319 1137 2352 visitaret
1161 2323 1195 2352 et
1220 2317 1382 2362 pabulum
1408 2327 1467 2350 sa-

82 2385 164 2418 lutis
192 2382 235 2417 ab
263 2393 304 2417 eo
329 2383 521 2426 reciperet,
558 2383 742 2417 immensas
777 2383 917 2417 divitias
952 2382 1098 2425 obtulit,
1133 2382 1197 2418 sed
1231 2393 1292 2417 eas
1326 2381 1385 2416 ille
1409 2392 1466 2416 re-

84 2451 200 2494 cipcre
228 2449 424 2489 recusavit,
458 2446 670 2491 admonens,
703 2452 742 2482 ut
765 2446 846 2482 inde
873 2449 1120 2483 monasterium
1144 2451 1382 2489 construeret,
1408 2445 1469 2480 ubi

82 2514 264 2548 monastici
309 2512 443 2547 ordinis
489 2512 674 2557 disciplina
717 2514 864 2558 vigeret.
921 2512 1020 2553 Quod
1063 2522 1136 2547 cum
1172 2523 1233 2548 rex
1268 2512 1466 2557 ²)secisset,

149 2656 176 2687 1)
194 2655 248 2684 Ed.
266 2659 327 2684 Pr.:
346 2656 499 2684 Verede
510 2664 572 2684 mo.
675 2656 705 2689 2)
725 2655 777 2682 Ed.
797 2659 840 2684 Pr.
860 2655 952 2683 mule:
979 2655 1158 2684 venisset
1181 2656 1262 2689 tegit.
