1742 3005
236 114 319 154 486
394 118 488 167 (Tap.
523 118 660 155 cxvi.
717 118 776 155 De
809 125 940 156 sancto
971 119 1133 167 Cyriaco
1165 128 1202 158 et
1232 122 1344 158 sociis
1375 122 1468 174 ejuS.

238 220 413 254 Donatus:
440 230 522 254 ecce
549 220 660 255 habes
686 223 892 265 transitum,
924 223 1001 257 redi
1034 223 1079 258 ad
1113 224 1226 259 locum
1251 229 1344 260 tuum
1371 229 1405 260 et
1430 226 1628 260 universam

239 283 372 318 domum
401 286 602 320 concutiens
631 284 750 322 exirit.
767 309 810 313 —
830 309 866 314 —
887 310 932 314 —
958 293 1005 327 6.
1031 289 1114 324 Cum
1141 289 1281 334 quidam
1303 296 1458 326 mortuus
1485 292 1630 327 efferre-

236 356 314 390 tur,
348 350 490 385 advenit
517 352 655 397 quidam
683 363 756 388 eum
784 353 1024 400 chirographo
1050 365 1213 390 asserens
1240 355 1361 390 deberi
1387 357 1456 391 sibi
1480 357 1524 391 ab
1552 359 1630 402 ipso

238 416 292 450 CC
328 417 485 460 solidos,
521 418 611 452 unde
647 418 846 454 nullatenus
882 422 995 465 ipsum
1029 421 1174 465 sepeliri
1215 421 1366 457 sinebat.
1415 422 1514 462 Quod
1556 434 1630 458 eum

238 492 326 516 uxor
352 483 428 527 ejus
455 483 560 518 vidua
585 484 691 519 heato
720 485 858 520 Donato
884 496 959 521 cum
984 486 1138 521 lacrimis
1165 487 1382 529 indicasset,
1420 487 1632 534 adjungens,

238 547 330 592 quod
357 548 460 583 homo
486 549 547 585 ille
570 553 752 595 pecuniam
777 552 936 588 totaliter
961 554 1168 598 recepisset,
1193 563 1386 600 assurgens
1413 553 1456 587 ad
1482 553 1632 588 loculum

237 615 300 648 ivit
325 618 359 648 et
384 625 486 649 manu
513 615 712 651 defunctum
737 622 887 664 tangens
914 621 983 653 ait:
1014 619 1095 653 audi
1122 629 1186 654 me.
1236 619 1301 659 Qui
1329 618 1530 665 respondit:
1566 630 1634 666 ego

238 690 323 714 sum.
373 680 415 715 Et
441 687 581 716 sanctus
606 682 763 717 Donatus
789 685 833 718 ad
861 696 936 719 eum
954 687 1022 719 aitt
1049 696 1156 730 surge
1182 689 1215 720 et
1233 685 1324 727 vide,
1351 685 1433 731 quid
1451 695 1545 731 agas
1558 695 1633 719 cum

236 745 376 781 homine
403 748 490 788 isto,
527 749 584 792 qui
610 752 644 782 tc
670 750 814 794 sepeliri
840 761 909 784 non
935 752 1028 785 sinit.
1079 751 1144 790 Qui
1170 751 1329 786 residens
1357 762 1433 786 eum
1469 751 1512 786 de
1536 751 1633 786 solu-

234 813 330 846 tione
358 812 467 847 debiti
492 823 609 847 eoram
635 815 795 849 omnibns
822 817 974 850 convicit
994 820 1027 850 et
1043 815 1315 862 chirographum
1337 818 1514 861 accipiens
1532 827 1634 851 manu

236 878 351 913 scidit.
401 880 536 915 Deinde
563 880 651 915 dixit
677 885 799 915 saneto
825 882 983 916 Donato:
1014 881 1102 927 jube
1129 893 1181 916 me
1206 883 1352 923 iterum,
1390 886 1513 926 pater,
1551 881 1634 916 dor-

235 945 332 978 mire.
382 944 424 980 Et
450 947 528 982 ille:
564 947 654 982 vade
690 947 838 990 amodo,
875 948 936 991 fili,
973 950 1167 994 quiescere.
1194 967 1238 974 -
1261 968 1307 973 —
1328 966 1374 972 -—-
1407 950 1445 984 ἶ.
1471 946 1522 982 Eo
1548 951 1634 982 tem-

234 1020 322 1055 pore
360 1022 435 1046 cum
470 1014 543 1049 sere
575 1015 674 1047 aunis
708 1014 820 1047 tribus
846 1025 914 1048 non
945 1014 1095 1059 pluisset
1120 1018 1154 1049 et
1179 1014 1350 1049 sterilitas
1375 1023 1503 1059 magna
1528 1016 1634 1054 esset,

236 1075 394 1111 infideles
420 1079 464 1113 ad
492 1081 737 1124 imperatorem
765 1079 1008 1114 Theodosium
1035 1084 1273 1114 convenerimt
1297 1083 1475 1125 petentes,
1501 1083 1538 1113 ut
1565 1078 1634 1112 sibi

236 1141 406 1177 Donatum
432 1146 610 1186 traderet,
640 1146 696 1190 qui
722 1156 786 1189 per
811 1150 918 1180 artem
947 1148 1117 1192 magicam
1145 1145 1210 1197 hoe
1237 1145 1393 1180 fecisset.
1441 1145 1497 1180 Ad
1525 1147 1634 1190 impe-

235 1211 364 1243 ratoris
399 1212 508 1256 igitur
542 1213 744 1245 instantiam
777 1211 935 1246 Donatus
974 1222 1141 1258 egressus
1178 1211 1350 1246 dominum
1387 1213 1559 1254 exoravit,
1600 1215 1635 1246 et

234 1274 386 1319 pluviam
420 1279 600 1323 copiosam
631 1276 728 1312 dedit
762 1278 937 1323 siccisque
972 1278 1129 1312 vestibus
1164 1279 1316 1312 caeteris
1354 1277 1474 1322 pluvia
1506 1277 1633 1311 infusis

234 1340 369 1376 domum
398 1344 513 1378 rediit.
544 1365 581 1368 —
610 1364 649 1369 —-
679 1363 717 1367 —
756 1347 799 1381 S.
835 1344 916 1378 Cum
947 1348 1062 1378 autem
1101 1343 1205 1379 Gothi
1241 1354 1283 1378 eo
1314 1346 1472 1387 tempore
1495 1342 1633 1377 ltaliam

235 1407 462 1444 devastarent
487 1415 521 1445 et
547 1411 641 1444 multi
668 1420 688 1444 a
717 1409 784 1444 fide
809 1409 939 1444 Christi
965 1410 1194 1451 recederent,
1230 1408 1494 1444 Evadraeianus
1526 1419 1631 1453 prae—

236 1475 348 1509 t‘eetus
377 1486 397 1510 a
431 1482 552 1511 sancto
579 1477 788 1511 llonat0·et
825 1475 1064 1521 ¹)Ilylariauo
1103 1476 1145 1511 de
1180 1476 1364 1521 apostasia
1398 1474 1633 1520 reprehensus

234 1546 374 1576 sanctos
402 1545 499 1588 ipsos
528 1545 620 1588 cepit
647 1542 861 1587 compellens
885 1552 959 1584 eos,
985 1546 1021 1576 nt
1045 1542 1125 1578 Jovi
1150 1542 1381 1576 immolarent.
1432 1540 1531 1581 Quod
1559 1551 1633 1575 eum

235 1613 442 1651 renuerent,
483 1609 707 1654 Hylaiianum
742 1607 976 1653 exspoliatum
1007 1608 1139 1642 tamdiu
1177 1608 1276 1643 caedi
1312 1608 1413 1650 fecit,
1452 1617 1634 1652 quousque

233 1676 392 1719 spiritum
419 1675 613 1716 exhalaret,
640 1675 809 1708 Donatum
838 1685 918 1709 vero
941 1675 974 1708 in
998 1684 1172 1710 carcerem
1195 1676 1340 1709 reclusit
1360 1678 1393 1709 et
1413 1672 1632 1719 postmodum

236 1752 309 1776 eum
335 1742 505 1776 decollari
532 1741 613 1776 fecit
640 1742 733 1775 circa
759 1750 883 1774 annum
910 1740 1042 1774 domini
1069 1740 1301 1775 CCCLXXX.

684 2065 810 2131 eAP.
861 2066 1005 2131 cxvi.
1054 2066 1187 2131 (ill.)

328 2168 426 2210 Ele
458 2167 680 2210 sancto
712 2165 971 2222 Cyl-iaco
1005 2165 1121 2210 ²)et
1151 2164 1348 2210 sociis
1377 2158 1540 2223 ejusL

327 2278 369 2319 (1)
381 2278 492 2309 riucus
519 2287 540 2310 a
567 2275 736 2311 Marcello
764 2287 857 2321 papa
884 2276 1061 2321 dJaconus
1088 2276 1270 2311 ordinatus
1298 2274 1571 2320 comprehensus
1600 2278 1634 2309 et

236 2341 279 2375 ad
306 2341 553 2375 hiaxiiiiiainiiii
581 2342 750 2377 ‹lc-duetus
772 2342 896 2387 jussus
924 2346 977 2376 est
1004 2352 1077 2376 cuni
1104 2343 1211 2376 sociis
1238 2343 1332 2384 suis,
1364 2346 1400 2376 ut
1424 2344 1552 2375 terram
1578 2340 1633 2375 so-

237 2407 336 2442 deret
362 2412 395 2441 et
421 2407 465 2441 ad
486 2409 596 2442 locum
613 2437 620 2450 ,
648 2408 783 2442 scilicet
802 2407 975 2449 thermas,
1004 2408 1060 2452 qui
1089 2407 1216 2442 ibidem
1244 2406 1533 2449 construebatur,
1559 2406 1632 2441 suis

238 2484 311 2507 eam
338 2473 491 2508 humeris
518 2473 739 2518 deportaret,
772 2473 831 2507 uhi
858 2478 933 2508 erat
962 2477 1104 2508 sanctus
1131 2473 1339 2508 Saturninus
1366 2484 1492 2514 senff,
1530 2482 1629 2517 quem

239 2539 405 2582 (ljriacns
441 2544 474 2573 et
503 2540 680 2574 Sisinnius
705 2541 751 2575 ad
778 2540 984 2584 portandum
1015 2540 1200 2584 juvabant.
1244 2540 1403 2575 Tandem
1429 2540 1461 2572 in
1488 2547 1630 2572 carcere

240 2603 409 2638 ret-lusum
454 2605 655 2650 praefectus
699 2606 807 2650 jussit
856 2606 1035 2651 Cyriacum
1081 2607 1310 2651 praesentari.
1364 2603 1402 2638 Et
1443 2613 1516 2638 cum
1555 2614 1629 2638 eum

310 2739 332 2765 ¹,
363 2737 409 2762 ilii
451 2738 639 2766 llil-unium.
744 2742 770 2774 ¹2)
794 2741 887 2767 wilm
917 2744 949 2767 vl
999 2748 1106 2773 -cjns
1127 2742 1265 2767 minuunt
1288 2740 1354 2765 live.
