1742 3005
228 114 311 154 334
543 115 641 165 Cap.
671 113 847 152 LXXlll.
906 116 964 153 De
996 123 1128 154 sancto
1159 117 1309 169 spiritu.

226 223 321 257 tione
338 217 608 265 pulchritudinis
628 219 664 252 in
681 217 773 262 luce,
799 218 937 263 ordine,
961 221 1098 256 ratione
1120 221 1346 256 sublimitatis
1364 223 1398 256 in
1418 223 1620 261 situatione‚

228 290 369 328 virtute,
398 285 536 319 ratione
562 285 808 331 vigorositatis
833 286 868 319 in
893 287 1050 328 actione;
1093 287 1144 321 sic
1169 290 1203 321 et
1237 288 1382 331 spiritus
1416 294 1558 323 sanetus
1588 292 1620 323 in

227 353 281 387 liis
308 352 423 386 omnia
449 349 598 386 excedit.
646 349 795 395 Propter
821 352 968 396 primum
995 351 1123 386 dicitur
1148 352 1294 396 spiritus
1319 358 1460 388 sanctus
1487 357 1621 390 incoin-

227 420 410 464 quinatus,
441 419 587 462 propter
622 416 832 460 secundum,
869 418 952 463 quia
983 418 1100 462 capiat
1134 427 1253 451 omnes
1280 418 1425 462 spiritus
1451 421 1620 466 intelligi-

226 484 335 526 biles,
374 487 519 528 propter
550 483 691 517 tertium
728 481 865 518 habens
892 494 1025 519 omnem
1054 484 1236 526 virtutem,
1271 482 1354 528 Sap.
1379 483 1451 519 vll.
1498 485 1623 520 Tertia

226 551 373 584 sumitur
397 560 506 594 penes
534 549 610 594 ejus
638 548 864 594 multiplicem
891 549 1095 584 efficaciam.
1144 548 1240 583 Hanc
1266 550 1435 584 rationem
1461 552 1624 596 assignat

227 616 391 652 Rabanus
429 617 480 649 sic
517 614 657 648 dicens:
693 615 786 660 ignis
825 619 975 660 quatuor
1009 613 1117 649 habet
1149 619 1315 656 naturas,
1352 617 1444 659 urit,
1481 621 1623 662 purgat,

226 681 391 715 ealefacit
426 684 459 715 et
495 679 679 713 illuminat.
730 679 898 715 Similiter
939 682 1084 725 spiritus
1127 682 1243 715 exurit
1284 686 1450 726 peccata,
1491 687 1622 727 purgat

224 746 346 788 corda,
371 750 529 789 teporem
549 745 694 786 excutit,
720 745 942 789 ignorantias
960 745 1125 781 illustrat.
1166 746 1261 781 Haec
1283 745 1463 783 Rabanus.
1497 746 1621 782 Exurit

224 816 393 857 peccata,
419 811 512 845 unde
538 811 685 845 Zachar.
715 810 811 846 XIV:
838 821 903 855 per
928 811 1046 857 ignem
1072 821 1168 845 uram
1197 822 1279 854 eos,
1312 814 1403 847 sicut
1426 815 1538 848 uritur
1562 824 1620 848 ar-

224 881 377 923 gentum.
428 876 499 911 Hoc
536 878 640 911 etiam
675 878 759 923 igne
788 877 842 911 uri
875 876 1020 921 petebat
1045 877 1221 922 propheta
1246 877 1386 913 dicens:
1420 889 1482 913 ure
1516 889 1620 914 renes

224 953 321 978 meos
348 946 413 977 etc.
461 942 594 988 Pin-gat
621 942 749 985 corda,
776 941 870 976 Ysai.
897 941 961 977 IV:
987 943 1018 976 si
1043 945 1250 988 sanguinem
1274 942 1470 978 Jerusalem
1493 944 1621 979 laverit

224 1008 268 1043 de
292 1008 406 1043 medio
433 1009 510 1054 ejus
536 1010 571 1042 in
598 1010 723 1053 spiritu
753 1007 880 1054 judicii
915 1012 948 1043 ct
980 1010 1106 1053 spiritu
1143 1009 1293 1043 ardoris.
1343 1009 1521 1055 Teporem
1556 1021 1618 1044 ex-

224 1076 321 1116 cutit,
346 1073 438 1108 unde
465 1073 592 1108 (licitur
618 1074 661 1108 de
687 1074 772 1115 illis,
799 1084 887 1119 quos
913 1074 1028 1119 replet
1053 1076 1199 1120 spiritus
1224 1079 1380 1118 sanctus,
1414 1075 1512 1110 Rom.
1535 1075 1620 1111 XII:

224 1141 352 1185 spiritu
373 1139 551 1174 ferventes
571 1143 634 1174 etc.
686 1138 902 1185 Gregorius:
933 1142 968 1174 in
992 1142 1074 1186 igne
1100 1142 1263 1186 apparuit
1290 1143 1436 1186 spiritus
1463 1148 1617 1185 sanctus,

223 1207 307 1251 quia
327 1205 371 1240 ab
389 1206 482 1239 omni
503 1205 622 1247 corde,
650 1205 742 1251 quod
762 1205 885 1251 replet,
911 1210 1090 1251 torporem
1110 1207 1255 1252 frigoris
1283 1208 1414 1242 excutit
1434 1212 1467 1242 ct
1491 1208 1556 1243 hoc
1582 1210 1617 1243 in

223 1272 401 1307 desiderio
427 1282 513 1307 suae
540 1273 760 1307 aeternitatis
786 1271 957 1306 accendit.
1006 1271 1229 1318 ignorantias
1254 1273 1426 1316 illustrat,
1459 1274 1616 1319 Sapient.

222 1339 289 1374 IX:
324 1349 464 1374 sensum
490 1342 603 1373 antem
629 1342 723 1372 tuum
750 1339 828 1383 quis
857 1339 966 1382 sciet,
1001 1339 1071 1372 nisi
1105 1342 1142 1372 tu
1179 1338 1322 1373 dederis
1349 1341 1556 1384 sapientiam
1583 1345 1618 1375 et

223 1406 361 1443 miseris
396 1406 556 1453 spiritum
584 1408 741 1445 sanctum
778 1409 872 1440 tuum
907 1403 950 1440 de
976 1404 1171 1447 altissimiS,
1200 1408 1234 1439 et
1258 1406 1308 1439 ita
1331 1404 1358 1440 I.
1387 1405 1544 1440 Corinth.
1566 1405 1617 1442 II:

222 1475 325 1509 nobis
355 1479 469 1509 autem
494 1472 666 1509 revelavit
691 1472 786 1507 Deus
811 1482 876 1518 per
900 1473 1059 1518 spiritum
1093 1476 1259 1506 sanctum.
1310 1472 1443 1513 Quarta
1472 1474 1618 1507 sumitur

221 1551 332 1586 penes
355 1542 467 1584 ipsius
487 1541 616 1574 amoris
635 1543 806 1574 naturam.
854 1539 963 1573 Amor
982 1539 1070 1573 enim
1091 1549 1155 1584 per
1172 1539 1287 1584 ignem
1307 1538 1415 1574 habet
1433 1538 1615 1584 significa-

220 1609 352 1641 tionem
374 1606 505 1650 tripliei
529 1606 677 1639 ratione.
726 1604 841 1639 Primo
860 1607 943 1650 quia
963 1606 1057 1651 ignis
1077 1615 1216 1650 semper
1236 1608 1289 1639 est
1314 1605 1347 1638 in
1372 1609 1478 1648 motu,
1505 1607 1556 1639 sic
1583 1609 1618 1640 et

221 1684 319 1708 amor
343 1673 488 1717 spiritus
511 1671 644 1712 sancti,
673 1680 760 1715 quos
786 1670 918 1715 replet,
945 1681 1084 1716 semper
1107 1671 1194 1705 facit
1218 1681 1297 1706 csse
1324 1672 1358 1704 in
1381 1675 1475 1706 motu
1500 1671 1616 1707 bonae

220 1739 459 1784 operationis,
484 1736 576 1771 unde
603 1734 819 1781 Gregorius:
844 1746 1018 1781 nunquam
1044 1740 1098 1770 est
1124 1746 1222 1770 amor
1237 1736 1301 1770 Dei
1323 1739 1472 1772 otiosus.
1522 1737 1615 1782 Ope-

221 1808 318 1838 ratur
341 1805 430 1839 eniin
458 1812 606 1848 magna,
647 1803 678 1835 si
711 1805 775 1837 est.
826 1802 862 1835 Si
898 1806 1011 1837 autem
1046 1803 1187 1846 operari
1212 1802 1385 1847 negligit,
1416 1813 1513 1837 amor
1545 1814 1613 1837 non

220 1874 284 1905 cst.
334 1868 494 1903 Secundo
521 1870 601 1914 quia
627 1869 718 1914 ignis
744 1868 835 1901 inter
860 1871 1003 1902 caetera.
1027 1867 1199 1901 elementa
1221 1871 1275 1901 est
1292 1868 1439 1901 maxime
1467 1868 1614 1903 formale

221 1940 255 1970 ct
277 1934 449 1969 modicum
472 1934 577 1968 habet
600 1933 642 1969 de
662 1935 809 1968 materia
832 1938 865 1968 et
886 1934 1027 1967 multum
1052 1932 1095 1966 (10
1117 1923 1238 1967 fornia.
1275 1933 1334 1966 Sic
1350 1944 1447 1966 amor
1467 1935 1612 1978 spiritns

219 2003 352 2042 saneti,
380 2011 468 2046 quos
498 2000 630 2044 replet,
662 1999 745 2034 facit
771 1999 903 2034 hahere
928 1998 1098 2033 modicum
1126 1998 1169 2033 de
1195 2008 1314 2033 amore
1338 2003 1554 2033 terrenorum
1580 2003 1614 2034 et

219 2066 403 2111 plurimum
425 2066 466 2101 ‹le
486 2076 605 2100 amore
626 2065 829 2100 coelestium
858 2064 892 2101 et
918 2064 1166 2110 spiritualium,
1191 2068 1228 2098 ut
1253 2066 1326 2110 jam
1360 2076 1428 2099 non
1456 2064 1615 2099 carnalia

220 2133 422 2175 carnaliter,
449 2132 512 2167 sed
532 2133 650 2176 potius
672 2132 873 2176 spiritualia
894 2130 1129 2176 spiritualiter
1148 2130 1286 2176 diligat.
1312 2130 1508 2176 Distinguit
1524 2132 1612 2165 enim

216 2198 415 2232 Bernartius
442 2203 592 2243 quatuor
616 2199 739 2232 modos
767 2197 962 2244 diligendi,
991 2197 1129 2231 scilicet
1148 2195 1299 2241 diligere
1325 2205 1461 2230 carnem
1489 2205 1612 2229 carna-

214 2264 315 2306 liter,
343 2265 501 2308 spiritum
530 2264 740 2306 carnaliter,
775 2274 912 2298 carnem
939 2262 1172 2307 spiritualiter
1197 2267 1231 2296 et
1257 2263 1416 2306 spiritum
1444 2262 1612 2306 spiritua-

214 2330 306 2365 liter.
356 2329 481 2364 Tertio
510 2331 593 2375 quia
618 2331 710 2375 ignis
738 2329 845 2363 habet
870 2328 942 2362 alta
957 2328 1139 2369 inclinare,
1165 2337 1300 2361 sursum
1322 2327 1478 2369 tendere,
1505 2326 1612 2361 ssuida

213 2395 371 2430 adunare
398 2400 432 2430 et
455 2406 696 2441 congregare,
726 2406 790 2440 per
814 2394 901 2430 liaeo
926 2395 995 2428 tria
1021 2393 1230 2439 intelligitur
1248 2394 1377 2439 triplex
1395 2395 1446 2427 vis
1468 2394 1609 2428 amoris.

213 2461 321 2495 Amor
345 2463 453 2504 enim,
479 2463 569 2496 sicut
593 2461 743 2495 habetur
768 2471 809 2496 ex
837 2460 952 2496 verbis
978 2459 1137 2504 Dionj'sii
1163 2460 1196 2493 in
1222 2459 1312 2493 libro
1337 2459 1379 2494 de
1400 2458 1527 2493 divinis
1545 2467 1608 2491 no-

215 2527 383 2569 minibus,
415 2527 523 2562 habet
548 2528 720 2572 triplicem
756 2528 845 2569 vim,
882 2527 1021 2561 scilieet
1052 2525 1309 2567 inclinativam,
1340 2525 1544 2559 elevativam
1575 2525 1609 2556 et

218 2591 505 2626 coordinativam.
554 2592 813 2634 lncliiiativam,
854 2594 937 2638 qnia
970 2591 1115 2626 inclinat
1150 2592 1335 2635 superiora
1367 2587 1607 2629 inferioribus,

215 2655 438 2694 elevativam,
466 2659 545 2701 qaia
572 2659 688 2692 elevat
715 2658 886 2692 inferiora
910 2656 1174 2702 superioribus,
1202 2653 1499 2694 coordinativam,
1526 2654 1609 2698 quia

217 2721 400 2755 coordinat
424 2722 588 2765 aequalia
614 2722 879 2768 coaequalibus.
927 2722 1022 2758 llaec
1045 2721 1244 2765 Dionysius.
1294 2717 1390 2753 lianc
1429 2720 1517 2754 enim
1542 2720 1606 2753 tri-
