1742 3005
323 49 402 88 792
593 54 688 99 (ap.
724 50 913 85 (lxxii.
972 50 1029 84 De
1062 56 1190 85 >arricta
1222 49 1440 86 catherina.

326 155 421 188 ribus
448 154 600 187 adducta
626 152 769 195 suisset,
809 152 897 186 dixit
931 153 1149 196 imperatori:
1187 145 1279 199 quali
1301 153 1434 199 judicio
1460 158 1583 188 contra
1608 162 1706 187 unam
1728 175 1730 203 ζ

327 218 475 263 puellam
510 219 763 264 quinquaginta
799 221 959 252 oratores
996 219 1163 262 opponis,
1196 229 1284 264 quos
1319 223 1353 253 et
1384 229 1448 263 pro
1482 220 1628 253 victoria
1653 230 1731 254 re—,

328 282 562 317 munerandos
590 285 776 327 promittis,
804 288 836 318 et
861 293 913 316 me
941 283 1014 317 sine
1034 294 1096 328 spe
1120 284 1289 319 mercedis
1317 293 1475 329 pugnare
1502 285 1731 329 compellis?³

327 346 401 381 Erit
433 352 546 382 tamen
581 359 711 383 merces
748 349 828 383 mihi
857 348 1015 382 dontinus
1040 348 1144 384 Jesus
1172 349 1350 390 Christus,
1384 350 1440 394 qui
1474 353 1528 383 est
1565 359 1647 394 spes
1680 355 1715 385 et

330 423 461 447 corona
496 424 559 458 pro
597 424 635 449 se
669 416 887 450 certantium.
936 414 1062 448 Verum
1099 426 1172 449 cum
1209 419 1369 449 oratores
1406 414 1512 449 Deum
1545 415 1619 461 lieri
1651 414 1716 449 lio-

331 480 453 514 minem
481 483 540 513 aut
565 482 636 524 pati
664 480 884 526 impossibile
911 479 1086 522 dicerent,
1124 482 1222 526 virgo
1250 482 1351 515 etiam
1381 479 1446 514 hoc
1479 489 1499 513 a
1525 480 1716 526 gentilibus

329 544 548 589 praedictum
577 556 656 581 esse
690 546 856 583 ostendit.
903 547 988 582 Nam
1014 546 1114 581 Plato
1148 546 1299 581 adstruit
1330 546 1436 581 Deum
1471 547 1739 581 circumvoluta-³

332 611 410 644 dum
439 615 473 645 et
499 610 725 646 decurtatum.
777 612 903 646 Sibilla
930 623 1069 658 quoque
1095 613 1144 646 sic
1171 614 1236 646 ait:
1273 612 1356 647 selix
1391 612 1449 646 ille
1474 611 1586 653 Deus,
1622 613 1719 657 liguo

333 676 391 720 qui
418 675 547 720 pendet
572 678 615 711 ab
642 677 725 711 alto.
777 678 857 712 Cum
882 679 990 723 igitur
1016 680 1115 724 virgo
1142 689 1214 712 cnm
1242 677 1441 712 oratoribus
1461 678 1742 722 sapientissimo

335 740 532 785 disputaret
559 745 592 774 et
619 752 678 775 eos
705 744 840 787 apertis
867 742 1063 777 rationibus
1090 743 1306 784 confutaret,
1338 742 1574 788 obstupefacti
1598 743 1647 777 illi
1675 747 1720 785 et,

334 806 417 852 quid
452 807 627 849 dicerent,
670 818 737 841 non
779 809 996 842 invenientes
1032 809 1113 842 muti
1148 809 1287 852 penitus
1325 812 1404 842 sunt
1440 808 1566 846 effecti.
1623 809 1723 843 Tune

334 874 524 917 imperator
557 877 676 907 contra
713 884 774 908 eos
807 875 912 907 nimio
947 874 1064 909 surore
1100 874 1253 919 repletus
1287 874 1469 918 increpare
1502 884 1563 908 eos
1595 877 1723 920 coepit,

333 948 395 972 eur
429 938 471 972 ab
505 948 573 972 una
611 939 728 983 puella
758 943 826 973 tam
855 941 1002 984 turpiter
1028 950 1066 974 se
1097 940 1186 973 vinci
1214 941 1463 984 permitterent.
1514 939 1612 974 Tunc
1635 951 1724 976 unus

336 1005 507 1050 magister
533 1004 679 1038 aliorum
708 1007 759 1039 sic
785 1007 850 1039 ait:
876 1007 1039 1046 noveris,
1072 1007 1281 1049 imperator,
1318 1004 1409 1051 quod
1437 1004 1551 1039 nullus
1577 1016 1723 1051 unquam

336 1073 417 1103 ante
444 1080 507 1103 nos
535 1074 630 1104 stare
656 1072 781 1115 potuit,
809 1073 889 1116 quin
918 1072 1081 1105 contiuuo
1108 1072 1317 1112 vinceretur,
1344 1070 1432 1105 haee
1457 1075 1570 1105 autem
1596 1072 1724 1116 puella,

334 1137 367 1169 in
398 1145 466 1180 qua
491 1137 635 1180 spiritus
661 1136 725 1170 Dei
750 1137 924 1182 loquitur,
957 1137 1006 1170 sic
1032 1146 1095 1170 nos
1121 1138 1154 1170 in
1181 1136 1444 1171 admirationem
1471 1139 1664 1180 convertit,
1688 1143 1726 1173 ut

335 1206 458 1236 contra
486 1201 659 1236 Christum
687 1202 818 1248 aliquid
852 1202 970 1237 dicere
1004 1206 1063 1236 aut
1097 1203 1234 1235 omnino
1267 1203 1461 1236 nesciamus
1497 1207 1555 1237 aut
1587 1205 1726 1248 penitus

336 1267 583 1311 formidemus3
612 1269 718 1311 unde,
746 1271 954 1314 imperator,
982 1271 1183 1303 constanter
1207 1267 1374 1309 fatemur,
1401 1268 1516 1313 quod,
1549 1271 1615 1304 nisi
1642 1281 1725 1315 pro-

336 1333 544 1368 babiliorem
580 1336 786 1370 sententiam
823 1334 866 1369 de
901 1334 997 1376 Diis,
1033 1343 1121 1379 quos
1155 1334 1395 1378 usquemodo
1421 1333 1607 1377 coluimus,
1642 1347 1725 1381 pro-

337 1399 482 1440 tuleriS‚
528 1410 608 1435 ecce
650 1411 767 1436 omnes
815 1400 859 1435 ad
905 1400 1078 1434 Christum
1125 1401 1370 1434 convertimur.
1433 1399 1589 1435 Audiens
1641 1401 1727 1437 haee

335 1468 503 1508 tJmnuus
538 1468 642 1500 nimio
679 1466 797 1502 t'ur‘ore
830 1476 1019 1501 succensus
1055 1476 1173 1500 omnes
1206 1467 1239 1499 in
1264 1465 1378 1500 medio
1403 1467 1556 1500 civitatis
1583 1477 1727 1503 concre-

340 1532 425 1564 mari
454 1532 583 1576 jussit,
629 1537 665 1567 at
709 1535 809 1579 virgo
854 1535 952 1577 ipsos
987 1531 1191 1566 confortans
1227 1530 1271 1565 ad
1304 1533 1495 1566 martirium
1529 1536 1727 1568 constantes

340 1595 457 1630 effecit
482 1601 517 1631 et
543 1596 586 1632 de
612 1598 678 1633 sule
704 1598 893 1644 diligenter
918 1599 1093 1632 instruxit.
1142 1596 1184 1631 Et
1209 1608 1282 1631 cum
1311 1597 1491 1640 dolerent,
1533 1598 1626 1643 quod
1651 1600 1728 1634 sine

339 1659 515 1706 baptismo
539 1662 763 1706 decederent,
790 1666 891 1709 virgo
911 1663 1114 1708 respoudit:
1140 1673 1182 1698 ne
1198 1664 1362 1707 timeatis,
1380 1665 1461 1709 quia
1480 1665 1602 1699 effusio
1622 1666 1729 1700 vestrl

342 1730 528 1773 sanguinis
556 1729 656 1764 vobis
682 1729 876 1774 baptismus
905 1729 1124 1774 reputabitur
1151 1733 1184 1763 et
1211 1739 1351 1763 corona.
1403 1729 1483 1763 Cum
1511 1741 1595 1775 ergo
1627 1731 1729 1776 signo

341 1795 453 1828 crucis
473 1796 592 1828 muniti
614 1795 762 1829 fuissent
780 1795 924 1829 flammis
945 1795 1087 1840 injecti,
1116 1795 1163 1828 ita
1179 1796 1313 1828 animas
1332 1794 1471 1828 (loinino
1491 1794 1728 1836 reddiderunt,

343 1862 379 1892 nt
404 1870 468 1893 nec
496 1860 615 1904 capilii
645 1870 708 1894 nec
734 1862 939 1894 vestimenta
964 1870 1080 1893 eorum
1109 1859 1152 1892 ab
1182 1860 1263 1904 igue
1289 1860 1321 1892 iu
1347 1859 1464 1903 aliquo
1494 1859 1727 1894 laederentur.

342 1923 424 1957 Cum
451 1928 564 1959 autem
591 1934 612 1958 a
638 1924 839 1958 christianis
868 1925 1015 1958 fuissent
1041 1909 1190 1968 sepulti,
1227 1929 1392 1969 t5ranrnis
1426 1926 1552 1970 virgini
1578 1925 1731 1970 loquitur

341 1989 479 2023 dicens:
518 2002 537 2022 o
565 1992 666 2036 virgo
695 2000 891 2035 generosa,
922 1991 1096 2033 juventuti
1128 1994 1209 2024 tuae
1235 1990 1377 2024 consule
1410 1994 1443 2024 et
1468 1995 1549 2034 post
1575 1993 1731 2036 reginam

343 2057 376 2087 in
405 2054 538 2099 palatio
564 2065 639 2089 meo
666 2054 823 2088 secunda
847 2054 1029 2089 vocaberis
1057 2059 1089 2089 et
1117 2056 1268 2101 litragine
1295 2059 1354 2088 tua
1381 2056 1413 2088 in
1439 2056 1553 2090 medio
1578 2058 1731 2092 civitatis

344 2119 516 2154 fabricata
538 2130 558 2154 a
581 2122 712 2154 cunctis
732 2120 824 2154 velut
844 2120 916 2155 Dea
933 2119 1152 2154 adoraberis.
1203 2120 1265 2154 Cnl
1287 2122 1407 2166 virgo:
1430 2121 1550 2157 desine
1575 2122 1659 2156 talia
1677 2122 1729 2156 di-

342 2196 435 2228 cere,
459 2197 548 2232 quae
568 2188 682 2221 scelus
706 2190 759 2220 est
778 2187 880 2221 eliam
899 2187 1077 2232 cogitare3
1101 2196 1167 2232 ego
1186 2197 1238 2221 me
1249 2186 1388 2221 Christo
1407 2198 1569 2232 sponsam
1588 2187 1730 2231 tradidi,

342 2251 401 2285 ille
435 2251 552 2297 gloria
588 2262 684 2295 mea,
730 2253 789 2287 ille
829 2262 926 2286 amor
959 2262 1076 2293 meus,
1115 2252 1174 2287 ille
1209 2251 1359 2288 dulcedo
1404 2258 1437 2288 et
1470 2253 1608 2289 dilectio
1643 2263 1730 2297 mea,

343 2317 386 2350 ab
414 2319 490 2362 ejus
515 2327 631 2352 amore
659 2328 723 2352 nec
750 2318 987 2352 blandimenta
1012 2328 1073 2351 nec
1100 2321 1271 2353 tormenta
1296 2329 1348 2354 me
1367 2323 1531 2365 poterunt
1554 2328 1731 2355 revocare.

344 2382 443 2417 Tunc
483 2383 541 2418 ille
578 2383 695 2418 surore
731 2384 886 2428 repletus
914 2384 1025 2427 jussit
1050 2393 1123 2418 eam
1150 2384 1334 2428 spoliatam
1364 2385 1609 2430 scorpionibus
1633 2383 1732 2419 caedi

344 2453 378 2483 et
406 2460 542 2483 caesam
570 2451 602 2483 in
631 2449 815 2483 obscurum
843 2459 1016 2483 carcerem
1043 2449 1133 2483 tradi
1161 2450 1279 2495 ibique
1301 2450 1424 2485 diebus
1445 2450 1623 2485 duodecim
1643 2448 1732 2484 same

344 2516 505 2548 cruciari.
554 2514 651 2561 Rege
678 2519 790 2549 autem
819 2526 881 2559 pro
918 2514 1125 2560 quibusdam
1152 2516 1268 2550 causis
1298 2516 1508 2551 instantibus
1543 2518 1641 2550 extra
1675 2525 1730 2549 re-

344 2581 461 2621 gionis
489 2581 639 2614 continia
665 2579 891 2625 procedente,
928 2582 1050 2627 regina
1088 2581 1164 2625 ejus
1191 2582 1296 2615 nimio
1324 2591 1442 2616 amore
1467 2589 1634 2614 succensa
1658 2590 1731 2614 cum

344 2645 498 2689 principe
528 2646 692 2682 miiitum.
723 2648 858 2682 nomine.
886 2646 1096 2691 Porphyrio.
1126 2646 1239 2685 media
1266 2651 1365 2682 nocte
1391 2646 1434 2681 ad
1462 2655 1632 2682 carcerem
1661 2649 1730 2681 rir-
