1742 3005
286 134 367 173 59ss
551 135 644 183 Cap.
679 134 887 170 CXXXIII.
946 135 1005 171 De
1037 140 1167 171 sancto
1199 133 1418 184 LampertO.

290 239 433 281 derunt,
470 239 528 284 qul
563 245 682 270 omnes
702 234 849 281 jubente
875 235 981 271 Decio
1011 236 1055 270 ad
1080 238 1244 283 templum
1269 237 1395 274 Martis
1423 236 1563 272 deducti
1588 240 1622 271 et
1648 237 1681 270 in

289 303 374 337 illud
411 306 623 347 exspuentes
657 312 731 336 cum
756 304 878 336 sancto
906 300 1068 335 Cornelio
1096 303 1302 336 martirizati
1334 296 1425 336 sunt.
1472 301 1604 337 Passus
1630 305 1683 335 est

290 372 404 403 autem
432 369 528 402 circa
552 377 662 402 annos
688 367 818 401 domini
839 365 982 400 CCLlIl.
1032 366 1226 411 Cyprianus
1245 370 1359 400 autem
1379 366 1681 412 Carthaginiensis

291 434 479 478 episeopus
507 434 542 468 in
575 432 695 468 eadem
730 434 870 466 civitate
895 431 1049 465 Patrono
1082 431 1283 476 proconsuli
1311 435 1566 475 praesentatur.
1617 431 1682 471 Qui

291 509 365 532 cum
384 509 406 533 a
424 498 490 533 fide
508 499 708 533 nullatenus
729 499 853 531 mutari
872 501 1007 541 posset,
1034 498 1068 530 in
1086 497 1245 531 exsilium
1264 496 1681 540 mittiturindequerevo-

292 568 390 598 catus
415 564 458 598 ab
485 563 665 610 Anglirico
691 563 913 608 proconsule,
943 564 1000 607 qui
1024 562 1177 597 Patrono
1203 565 1445 603 successerat,
1476 562 1682 595 sententiam

290 629 474 673 capitalem
502 631 648 674 accepit„
698 629 774 669 Qua
799 629 974 662 sententia
998 628 1069 661 lata
1095 627 1183 660 dixit
1208 627 1404 671 Cyprianus
1432 625 1506 660 Deo
1535 626 1683 671 gratias,

294 694 376 728 Cum
402 699 516 729 autem
542 694 586 728 ad
612 694 725 727 locum
749 704 823 727 cum
849 693 1065 737 spiculatore
1095 694 1270 734 venisset,
1304 692 1486 736 praecepit
1519 693 1615 733 suis,
1648 695 1685 724 ut

295 759 407 792 eidem
432 759 640 803 spiculatori
667 769 731 802 pro
756 757 915 792 mercede
941 757 1004 791 XV
1028 768 1156 791 aureos
1181 757 1316 799 darent,
1342 758 1592 801 accipiensque
1618 756 1685 789 lin-

292 828 383 858 teum
418 834 520 857 manu
556 833 621 857 sua
657 822 780 856 oculos
814 822 902 856 texit
936 825 969 855 et
1007 823 1057 855 sic
1084 831 1246 855 coronam
1273 823 1431 866 suscepit
1455 823 1550 855 circa
1574 831 1684 855 annos

295 888 424 923 domini
451 888 591 922 CCLVI.

677 1203 846 1265 '’GAP.
882 1204 1117 1265 cxxxln.
1163 1202 1315 1267 (134.)

567 1305 675 1348 De
716 1305 984 1348 sancto
1014 1302 1429 1357 Lamperto.

387 1413 595 1457 Lampertus
630 1410 759 1446 nobilis
794 1422 946 1457 genere,
982 1411 1044 1446 sed
1079 1412 1233 1446 nobilior
1265 1412 1451 1445 sanctitate
1486 1412 1577 1445 vitae
1610 1416 1643 1446 ct
1668 1422 1689 1445 a

298 1480 476 1523 primaevo
502 1479 629 1513 aetatis
656 1488 741 1512 suae
765 1478 892 1513 litteris
926 1477 1084 1513 eruditus
1118 1477 1208 1512 adeo
1241 1487 1303 1522 pro
1338 1477 1389 1510 sui
1426 1478 1610 1510 sanctitate
1644 1477 1688 1510 ab

300 1544 459 1577 omnibus
494 1544 699 1586 amabatur,
733 1548 772 1577 ut
805 1548 887 1588 post
920 1543 1170 1578 Theodardum
1196 1544 1399 1588 magistrum
1426 1551 1522 1576 suum
1552 1543 1587 1586 2)
1601 1542 1691 1577 Tre-

298 1610 414 1643 censis
441 1609 615 1643 ecclesiae
642 1611 675 1642 in
701 1611 903 1653 episcopum
929 1610 1054 1643 meruit
1079 1609 1288 1653 promoveri.
1340 1608 1446 1648 Quem
1472 1606 1690 1641 Childerieus

299 1685 362 1709 rex
397 1675 579 1719 plurimum
611 1673 786 1719 diligebat
823 1678 858 1708 et
888 1684 973 1718 prae
1007 1674 1167 1708 omnibus
1203 1675 1380 1719 episeopis
1412 1683 1528 1707 carum
1553 1683 1692 1718 semper

298 1739 475 1782 habebat,
512 1738 576 1774 sed
609 1742 788 1773 crescente
825 1738 1019 1772 invidorum
1060 1740 1196 1774 malitia
1231 1750 1308 1774 eum
1341 1741 1417 1773 sine
1452 1749 1562 1773 causa
1595 1740 1691 1784 impii

300 1805 520 1850 expellentes
557 1804 691 1838 honore
731 1804 849 1839 debito
884 1805 1110 1848 privaverunt
1144 1809 1179 1839 et
1217 1803 1511 1847 ³)Feramundum
1546 1804 1579 1837 in
1614 1805 1691 1847 ejus

301 1869 503 1903 cathedram
535 1873 742 1903 statuerunt.
791 1870 838 1903 At
871 1868 1080 1913 Lampertus
1117 1869 1365 1902 monasterium
1402 1869 1585 1913 ingressus
1628 1879 1692 1913 per

301 1935 337 1979 ⁹)
350 1936 500 1979 quinque
526 1943 635 1967 annos
653 1933 780 1968 ibidem
800 1935 928 1978 optime
946 1938 1174 1968 conversatus
1192 1937 1256 1967 cst.
1307 1933 1462 1973 Quadam
1482 1943 1564 1967 vero
1589 1938 1691 1969 nocie

300 1999 343 2034 ad
379 2000 573 2033 orationem
606 2009 756 2043 surgens
791 2000 824 2032 in
857 2001 1054 2043 pavimento
1091 2010 1155 2043 per
1186 2000 1418 2043 ignorantiam
1447 2009 1567 2032 sonum
1594 1999 1690 2041 fecit,

300 2064 392 2109 quod
418 2063 564 2099 audiens
591 2063 703 2096 abbas
730 2063 834 2097 dixit:
861 2065 1020 2112 quisquis
1046 2063 1137 2097 hunc
1164 2065 1247 2098 set-it
1273 2074 1416 2105 sonum,
1443 2065 1560 2097 statim
1583 2063 1692 2098 vadat

298 2129 344 2164 ad
381 2139 531 2165 crucem.
579 2127 681 2161 Tunc
712 2128 920 2172 Lampertus
957 2129 1052 2162 illico
1089 2129 1192 2162 nudis
1226 2128 1375 2173 pedibus
1409 2130 1443 2162 in
1488 2129 1604 2163 cilicio
1646 2130 1691 2164 ad

297 2205 434 2229 erucem
455 2194 609 2228 cucurrit
629 2194 748 2238 ibique
764 2194 895 2227 tamdiu
917 2195 1000 2228 etin
1020 2195 1098 2228 nive
1119 2198 1152 2228 et
1171 2194 1254 2239 gelu
1271 2204 1311 2228 ac
1328 2194 1444 2239 glaeie
1466 2193 1552 2228 fixus
1581 2197 1690 2237 stetit,

299 2260 378 2294 dum
414 2259 581 2293 fratribus
619 2263 700 2303 post
727 2260 914 2293 matutinas
941 2269 979 2294 se
1010 2259 1300 2294 calefacientibus
1327 2259 1438 2293 abbas
1466 2271 1540 2294 eum
1567 2260 1691 2296 deesse

298 2326 466 2370 cognovit
490 2328 525 2359 et
549 2323 694 2358 audieus
721 2334 742 2358 a
769 2324 917 2369 quodam
948 2325 1078 2367 fratre,
1110 2325 1204 2369 quod
1234 2324 1293 2358 ille
1320 2330 1425 2367 esset,
1454 2327 1509 2370 qui
1543 2325 1585 2359 ad
1613 2336 1690 2360 eru-

298 2400 370 2425 cem
407 2390 553 2431 ivisset‚
591 2399 666 2423 eun]
700 2389 873 2423 introduci
912 2389 994 2423 fecit
1028 2394 1062 2423 et
1093 2389 1138 2423 ab
1173 2401 1215 2424 eo
1252 2400 1325 2423 cuin
1353 2389 1529 2424 monacbis
1555 2392 1688 2425 veniam

300 2455 503 2500 postulavit.
552 2453 614 2488 Ille
639 2464 722 2488 vero
747 2464 814 2487 non
843 2454 952 2488 solum
984 2455 1172 2490 elementer
1197 2455 1353 2496 indulsit,
1381 2455 1442 2490 sed
1470 2461 1503 2489 et
1528 2455 1571 2490 de
1595 2454 1687 2489 bono

299 2521 491 2564 patientiae
517 2520 560 2553 iis
588 2519 784 2554 sublimiter
808 2520 1037 2564 praedicavit.
1087 2520 1172 2555 Post
1199 2526 1331 2566 septem
1365 2530 1475 2554 annos
1499 2519 1687 2553 Fer-amun-

300 2585 364 2619 dus
401 2588 455 2618 est
489 2584 655 2629 expulsus
688 2589 721 2619 et
757 2590 898 2619 sanctus
935 2586 1144 2630 Lampertus
1176 2585 1324 2631 jubente
1349 2585 1472 2629 Pipino
1497 2583 1541 2617 ad
1569 2584 1685 2619 sedem

370 2682 393 2710 Ι)
414 2686 474 2707 nne
495 2687 582 2717 capnt
605 2684 693 2715 vulgo
713 2689 757 2710 ost
777 2694 800 2712 c.
823 2687 882 2712 134.
952 2685 980 2715 2)
1001 2684 1054 2710 Ed.
1075 2687 1117 2711 l'r.
1138 2681 1414 2716 Trnjeetc’nsis
1435 2681 1514 2714 legit.
1585 2684 1613 2715 3)
1632 2682 1685 2710 Ed.

300 2729 342 2752 Pr.
363 2727 656 2753 narrauit—ndum
679 2727 756 2759 legit.
856 2731 885 2760 4)
906 2728 963 2755 Alii
984 2732 1134 2763 septem
1155 2726 1290 2754 offerunt.
