1742 3005
339 89 437 138 Cap.
471 88 660 124 chxtt.
720 88 776 125 De
814 94 945 124 sancta
977 87 1197 125 Catherina.
1378 90 1458 128 795

72 193 163 241 quod
202 197 401 229 cunctorum
447 192 612 228 debilium
652 191 804 228 membra
839 197 954 230 sanat.
1007 192 1119 228 Passa
1151 199 1205 229 est
1244 200 1358 230 autem
1394 197 1458 231 sub

69 259 249 296 Maxentio
286 262 361 295 sive
385 259 577 295 Maximino
610 264 777 304 tyranno,
812 261 869 304 qui
906 261 1021 304 coepit
1057 261 1151 294 eirca.
1182 271 1291 296 annos
1329 261 1458 297 donnini

72 325 201 361 CCCX.
252 326 410 367 Qualiter
444 330 556 361 autem
595 325 795 360 Maxentius
832 336 894 370 pro
921 325 986 360 hoc
1013 326 1147 361 scelere
1175 331 1208 361 et
1234 327 1335 370 aliis,
1371 339 1460 374 quae

72 394 265 435 commisit,
291 394 432 438 punitus
463 392 588 433 fuerit,
619 393 652 425 in
678 391 836 436 hystoria
864 390 906 425 de
934 393 1133 425 inventione
1159 395 1271 427 crucis
1298 393 1460 431 hahetur.

71 458 230 501 Dicitur,
265 458 358 505 quod
392 458 532 503 quidam
569 456 755 491 monachus
782 456 1077 501 Rothomagensis
1110 457 1154 490 ad
1181 463 1327 492 montem
1354 460 1460 504 Synai

72 527 229 570 perrexit
248 525 365 570 ibique
384 535 447 569 per
458 527 589 568 septem
605 532 714 556 annos
736 524 766 555 in
780 523 925 556 servitio
945 522 1071 556 beatae
1084 522 1296 557 Catherinae
1314 523 1461 559 devotus

73 592 273 636 permansit.
323 591 430 630 Quam
453 599 526 623 cum
547 588 731 621 instantius
754 591 930 629 exoraret,
958 592 993 621 ut
1019 588 1150 633 aliquid
1171 588 1212 623 de
1230 599 1379 633 corpore
1397 600 1461 624 suo

73 656 205 692 habere
230 659 437 695 mereretur,
463 653 578 687 subito
607 654 731 698 irrupit
760 652 848 696 ²)de
877 663 978 688 manu
1008 654 1102 688 illius
1137 665 1225 688 unus
1262 654 1462 700 digitorum.

73 722 138 761 Qui
167 721 292 755 donum
320 720 382 755 Dei
409 719 523 754 laetus
551 720 690 764 accepit
720 722 754 752 et
777 718 820 752 ad
852 728 949 753 suum
977 722 1224 755 monasterium
1252 721 1461 765 deportavit.

71 786 196 822 Fertur
212 796 364 832 quoque,
383 786 487 832 quod,
509 785 586 820 dum
608 785 746 831 quidam
767 784 891 820 heatae
913 785 1122 821 Catheriuac
1144 786 1291 821 devotus
1312 789 1462 822 exsiste—

73 857 126 887 ret
142 856 177 886 et
195 862 268 887 eam
291 852 414 887 crebro
436 853 468 886 in
487 853 540 886 sui
559 851 769 896 adjutorium
784 853 976 893 invocaret,
995 863 1057 896 per
1080 863 1280 897 processum
1296 855 1463 898 temporis

74 920 201 953 mentis
228 920 363 953 incuria
389 918 565 953 resolutus
593 922 626 952 et
651 917 873 952 devotionem
898 919 1021 951 mentis
1047 918 1201 962 perdidit
1226 923 1260 954 et
1284 919 1327 952 ab
1353 921 1464 963 ipsius

75 985 299 1019 invocatione
317 985 481 1019 cessavit.
532 983 595 1023 Qui
615 984 647 1016 in
669 984 829 1017 oratione
848 985 984 1027 positus
1008 983 1094 1017 vidit
1118 984 1368 1019 multitudinum
1394 987 1463 1019 vir-

76 1052 194 1097 giuum
225 1054 306 1085 ante
329 1061 368 1085 se
393 1050 666 1090 transeuntium,
701 1049 792 1083 iuter
828 1059 914 1094 quas
951 1059 1020 1083 una
1053 1054 1149 1092 crat,
1192 1060 1281 1096 quae
1315 1054 1465 1086 caeteris

74 1116 295 1161 splendidior
316 1116 513 1151 videbatur.
562 1115 658 1156 Quae
680 1124 753 1149 cum
776 1115 844 1149 sihi
868 1117 1200 1161 appropinquasset,
1229 1117 1349 1152 faciem
1369 1128 1465 1152 suam

75 1183 212 1227 operuit
232 1186 266 1217 et
283 1182 337 1217 sic
356 1186 435 1216 ante
455 1183 565 1227 ipsum
584 1181 674 1216 facie
695 1181 809 1215 velata
828 1183 1003 1218 transivit.
1031 1182 1137 1226 CuJus
1156 1182 1377 1227 splendorem
1391 1194 1464 1218 cuni

75 1248 134 1284 ille
158 1249 297 1282 nimium
324 1249 509 1283 miraretur
538 1252 589 1287 ct,
627 1257 717 1292 quae
744 1251 862 1290 esset,
900 1249 1156 1294 interrogaret,
1194 1259 1261 1283 una
1297 1260 1338 1284 ex
1364 1251 1407 1283 iis
1435 1252 1466 1284 ei

76 1313 282 1359 respondit:
319 1313 405 1348 haec
433 1318 487 1348 est
516 1313 716 1356 catherina,
744 1324 845 1360 quam
874 1314 953 1348 olim
980 1324 1197 1360 cognoscere
1222 1317 1348 1350 solitus
1375 1326 1466 1356 eras,

76 1390 166 1414 nunc
191 1384 325 1421 autem,
353 1381 435 1425 quia
461 1390 534 1414 eam
561 1390 776 1426 cognoscere
802 1391 869 1415 non
897 1381 1046 1422 videris,
1072 1390 1187 1414 coram
1214 1386 1247 1416 te
1272 1383 1324 1416 sic
1350 1382 1468 1417 velata

35 1445 170 1493 ufitcie
194 1450 370 1491 tamquam
396 1456 416 1480 a
442 1450 476 1481 te
502 1448 682 1492 incognita
707 1448 945 1492 pertransivit.
995 1446 1211 1489 Notandum,
1245 1448 1336 1492 quod
1363 1447 1468 1482 beata

80 1510 272 1546 Catherina
295 1512 465 1546 mirabilis
491 1516 640 1557 apparet
666 1515 699 1547 iu
727 1512 771 1547 V:
809 1514 919 1557 primo
952 1514 985 1547 in
1020 1514 1214 1557 sapientia,
1251 1512 1406 1547 secundo
1433 1515 1467 1547 in

79 1577 303 1623 eloquentia,
348 1580 454 1613 tertio
500 1579 532 1614 in
573 1580 789 1619 constantia,
830 1583 954 1624 quarto
993 1580 1027 1613 in
1070 1579 1238 1612 munditia
1279 1580 1467 1622 eastitatis,

78 1646 198 1689 quinto
230 1646 266 1678 iu
301 1644 487 1690 privilegio
521 1645 715 1690 dignitatis.
765 1645 878 1680 Primo
914 1644 1134 1679 admirabilis
1169 1649 1318 1689 apparet
1349 1647 1380 1678 iu
1408 1655 1466 1679 sa-

77 1711 230 1755 pientia3
254 1701 293 1744 ‘in
320 1711 399 1756 ipsa
423 1712 513 1746 enim
541 1711 603 1745 suit
629 1713 738 1745 omnis
764 1713 903 1756 species
930 1710 1188 1756 philosophiae.
1238 1710 1469 1755 Philosophia

79 1777 169 1810 enim
203 1778 278 1811 sive
314 1778 490 1822 sapientia
515 1777 683 1811 dividitur
708 1779 741 1811 in
767 1777 980 1820 theoricam,
1015 1778 1202 1822 practicam
1237 1781 1270 1812 et
1304 1777 1467 1822 logicam.

79 1842 255 1878 Theorica
274 1842 442 1877 dividitur
460 1843 646 1877 seeundum
668 1843 834 1889 quosdam
858 1845 889 1877 in
908 1847 980 1878 tres
1001 1847 1133 1888 partes,
1160 1844 1293 1878 scilicet
1313 1845 1345 1877 in
1367 1844 1468 1877 intel-

80 1908 274 1950 lec-tualem,
299 1908 493 1943 naturalem
512 1913 546 1944 et
562 1909 852 1946 mathematicam.
889 1909 1017 1944 Habuit
1033 1911 1140 1955 igitur
1157 1910 1262 1944 beata
1280 1909 1471 1944 Catherina

79 1975 285 2018 sapientiam
314 1975 584 2010 intellectualem
611 1977 644 2010 in
670 1977 872 2022 cognitione
900 1975 1116 2018 divinorum,
1140 1986 1208 2021 qua
1234 1977 1379 2010 maxime
1406 1985 1471 2010 usa

81 2043 135 2072 est
168 2040 203 2072 in
234 2039 474 2083 disputatione
517 2045 640 2075 contra
683 2041 863 2083 rhetores,
907 2041 1032 2086 quibus
1071 2051 1172 2074 uuum
1210 2042 1320 2075 solum
1362 2041 1469 2075 Deum

83 2114 199 2139 verum
227 2113 307 2138 esse
333 2103 497 2147 probavit
531 2107 566 2139 et
591 2104 684 2139 Deos
710 2115 829 2140 omnes
859 2106 970 2140 salsos
997 2116 1076 2140 esse
1100 2108 1261 2139 convicit.
1310 2105 1471 2139 Secundo

82 2169 277 2204 naturalem
313 2170 348 2202 in
381 2169 582 2214 cognitione
618 2171 765 2204 omnium
801 2170 1027 2213 inferiorum,
1062 2180 1128 2216 qua
1156 2172 1303 2206 maxime
1328 2180 1396 2205 usa
1419 2174 1473 2205 est

84 2237 118 2271 in
151 2235 392 2281 disputatione
425 2239 548 2270 contra
585 2236 849 2280 imperatorem,
897 2238 986 2270 sicut
1021 2240 1119 2281 patet
1151 2236 1290 2272 ibidem.
1347 2236 1471 2271 Tertio

84 2301 360 2337 mathematicam
387 2303 420 2335 in
449 2304 620 2336 contemtu
641 2305 878 2345 terrenorum;
906 2302 992 2337 haec
1011 2303 1098 2337 enim
1121 2304 1268 2337 scientia
1285 2302 1471 2337 secundum

83 2366 267 2402 Boethium
306 2366 510 2411 speculatur
548 2366 679 2402 formas
727 2370 803 2403 sine
834 2369 983 2403 materia
1012 2369 1048 2402 in
1080 2369 1330 2404 abstractione.
1378 2366 1474 2401 Hane

83 2435 190 2470 beata
204 2431 394 2467 Catheriua
411 2431 545 2474 habuit,
571 2433 708 2478 quando
729 2436 875 2468 animum
892 2445 989 2469 suum
1004 2433 1047 2469 ab
1061 2436 1150 2469 omni
1163 2433 1335 2468 materiali
1354 2435 1473 2468 amore

85 2498 273 2535 abstraxit.
320 2497 414 2532 Hane
447 2499 534 2533 enim
568 2509 607 2534 se
647 2498 778 2535 habere
809 2499 984 2540 ostendit,
1022 2510 1096 2534 euin
1129 2500 1331 2544 imperatori
1363 2500 1471 2533 inter—

152 2622 181 2654 Ι)
203 2621 258 2648 Ed.
278 2624 320 2647 I'r.
341 2620 451 2648 omittit
471 2620 741 2656 praepositionem,
767 2620 821 2648 sed
846 2625 956 2650 recent.
983 2620 1053 2647 libri
1079 2628 1133 2655 pro
1152 2619 1270 2648 verbis;
1297 2628 1393 2646 unus
1413 2618 1473 2645 ‹li-

88 2665 141 2697 git
155 2673 257 2693 orum
277 2664 421 2693 offerunt:
448 2677 466 2693 ιι
478 2675 545 2694 nus
565 2666 761 2695 articulus
782 2666 1002 2699 digitorum.
1028 2668 1100 2693 ltein
1116 2664 1227 2693 omittit
1241 2664 1293 2693 Ed.
1307 2667 1349 2691 l’r.
1365 2663 1472 2692 verba:

87 2715 122 2738 ct
140 2711 432 2746 —deportavit¹
