1742 3005
387 94 482 144 Cap.
517 94 635 132 CCll.
694 97 752 134 De
782 103 912 134 sancta
941 96 1122 136 Barbara.
1364 100 1446 139 899

61 196 111 230 qui
131 196 213 224 solus
231 202 337 225 cuncta
355 198 440 233 tecit,
459 209 548 234 quem
568 209 686 236 semper
704 200 817 234 amavi,
837 201 904 229 huic
922 212 969 230 me
990 211 1107 238 semper
1127 195 1249 237 devovi,
1268 213 1284 230 a
1303 213 1365 238 quo
1381 213 1452 232 sun»

60 241 106 274 id,
131 242 213 275 quod
231 251 313 276 sum,
337 245 395 273 nisi
413 255 461 273 me
480 247 627 274 sententia
645 246 741 278 fallit,
769 248 850 280 cujus
876 247 984 282 spiritu
1003 248 1164 275 animatam
1183 258 1230 276 me
1251 249 1366 281 sentio,
1392 259 1451 277 neo

61 287 221 320 desistam,
240 287 335 316 donec
355 290 393 317 ad
412 299 480 317 eum
500 292 676 326 pertingam.
714 295 904 327 Quapropter
930 292 1028 320 famae
1053 297 1122 320 tuae
1146 294 1276 321 tumultu
1294 304 1446 329 percussa,

61 337 146 366 puter
170 334 370 368 venerabilis,
399 343 497 362 meam
522 335 569 363 his
595 337 694 371 aptius
720 336 844 363 volvere
868 338 986 370 censui,
1020 338 1107 365 illum
1134 341 1229 366 Deum
1254 339 1445 366 solummodo

60 376 222 411 vestigare,
243 380 326 413 cnjus
346 380 548 412 cognitionem
566 381 649 416 apud
667 385 696 407 te
715 389 782 408 esse
800 381 938 413 cognovi.
975 383 1076 415 Unde,
1106 383 1132 410 si
1155 383 1197 410 ita
1223 387 1282 415 est,
1308 388 1340 410 ut
1365 383 1445 411 sama

60 422 170 455 refert,
193 423 346 458 supplices
365 423 460 452 offero
478 434 598 460 preces,
623 430 769 459 quatenus
796 424 946 452 discutere
965 425 1096 458 digneris
1115 432 1233 455 noctem
1251 428 1444 461 ignorantiae,

60 467 150 494 chaos
169 467 354 496 confusionis
373 470 411 496 ab
430 470 539 496 ancilla
558 474 608 497 tua
627 474 657 498 et
676 470 817 496 inducere
843 469 938 497 solem
956 471 1089 504 justitiae
1109 471 1268 505 lumenque
1287 472 1449 499 discretio-

58 512 115 540 nis.
150 515 271 548 Appeto
291 514 371 541 enim
389 523 493 541 verum
510 518 605 542 Deum
625 515 716 547 scire,
735 514 787 547 qui
804 513 876 540 fecit
894 514 1029 541 visibilia
1048 520 1078 542 et
1096 515 1280 549 invisibilia,
1298 521 1327 543 et
1345 522 1449 544 utrum

60 566 129 584 vere
147 567 223 586 uuus
249 558 304 591 sit,
330 562 362 585 ut
388 558 455 593 ipsa
480 560 538 592 jam
565 568 643 585 nunc
670 559 783 585 dudum
809 567 925 585 mecum
949 565 1153 591 argumentata
1178 569 1243 588 sum
1269 565 1326 590 etc.
1361 564 1443 588 Hanc

58 602 218 636 epistolam
241 603 351 630 direxit
369 603 582 630 Alexandriam
608 604 647 630 ud
665 603 824 636 Origenem
842 602 1057 638 presbiterum,
1084 614 1160 638 quae
1179 610 1224 632 est
1248 605 1279 632 in
1305 605 1442 640 partibus

56 647 174 675 Africae
199 652 289 683 caput
312 648 442 680 regionis
467 647 548 676 illius
575 648 663 680 longo
688 648 804 676 distans
831 658 848 675 a
872 648 1054 678 Nicomedia.
1089 652 1131 676 Ne
1157 655 1256 677 autem
1274 650 1443 685 privaretur

56 692 221 725 legatione,
248 702 336 726 quam
361 692 528 726 legaverat,
556 693 595 720 ad
620 697 730 726 Deum,
756 702 845 727 quem
870 698 1013 727 noverat,
1048 695 1079 722 in
1105 694 1244 722 cubiculo
1271 694 1369 722 cordis
1396 696 1442 722 sui

56 738 199 771 lacrymas
216 736 296 765 fudit
313 737 435 765 dicens:
455 738 593 771 domiue,
612 738 696 765 firma
715 738 825 773 pedem
843 739 916 772 ejus,
936 748 1024 771 quem
1043 740 1082 766 ad
1098 740 1245 767 stimulum
1264 744 1345 766 tuum
1365 741 1441 770 misi.

54 792 91 810 ne
109 786 160 810 unt
177 792 225 810 me
243 786 293 810 aut
306 780 397 810 *illum
415 791 495 810 mors
515 783 700 818 praeveniat,
720 792 813 816 usque
833 782 975 814 relegatio
995 784 1106 813 veniat.
1144 785 1196 812 llis
1210 789 1239 812 et
1253 785 1320 812 aliis
1335 774 1441 820 postu-

54 826 234 860 lationibus,
259 828 370 861 quibus
396 828 507 855 devote
532 832 667 863 poterat,
692 827 813 854 nuntius
837 828 1050 856 Alexandriam
1076 830 1258 862 ingreditur,
1282 830 1441 862 Origeuem

52 873 163 908 reperit
189 872 220 900 in
246 873 360 907 palatio
387 875 570 900 Mammaeae
596 872 699 900 matris
724 873 856 900 Caesaris
882 874 1105 907 Alexandriae,
1131 875 1185 901 ubi
1216 879 1379 909 occupatur
1410 874 1446 900 iu*

53 917 191 945 docendo
215 916 408 945 christianam
434 917 620 950 religionem.
656 917 714 953 Qui
740 917 856 944 laetitia
880 928 986 950 inagna
1012 919 1128 946 litteras
1154 920 1304 946 Barbarae
1324 918 1441 953 accepit

53 962 178 989 laudans
202 965 313 995 Deum,
339 962 391 997 qui
413 962 586 996 hujusmodi
612 971 713 990 semen
740 962 906 989 suscitabat
933 968 962 990 et
989 964 1062 990 talia
1088 969 1238 998 operatur.
1276 966 1311 990 Et
1338 963 1439 990 statim

51 1007 194 1040 Origenes
220 1007 326 1035 doctor
351 1008 626 1042 praestantissimus
652 1006 798 1034 accelerat
825 1011 854 1034 et
878 1007 975 1035 edidit
1009 1008 1193 1037 desiderium
1227 1009 1376 1035 Barbarae
1408 1006 1440 1033 iu

50 1053 129 1080 hunc
147 1052 281 1081 modum.
317 1053 461 1085 Origenes
479 1052 544 1080 veri
561 1052 616 1079 Dei
635 1051 759 1084 insignis
779 1052 935 1086 sacerdos,
954 1057 984 1080 et
1002 1057 1034 1080 ut
1051 1053 1201 1088 possibile
1219 1058 1281 1086 est,
1301 1057 1439 1080 ostensor

51 1099 114 1132 ejus
134 1098 231 1125 adhuc
249 1098 341 1125 etiam
358 1097 559 1126 Alexandriae
578 1106 656 1124 nunc
674 1097 786 1129 degens
806 1098 956 1125 Barbarae
981 1099 1156 1126 barbaricae
1180 1098 1278 1131 gentis
1297 1097 1438 1132 adoptio-

50 1152 119 1169 nem
136 1142 267 1170 filiorum
284 1143 340 1170 Dei
358 1147 387 1170 et
406 1145 477 1170 Jesu
496 1141 605 1170 Christi
622 1152 725 1169 veram
744 1142 882 1171 salutem.
919 1143 1001 1170 Sicut
1027 1144 1189 1178 scripseras
1214 1142 1289 1170 scire
1310 1146 1338 1168 te
1357 1141 1438 1167 velle

50 1196 154 1214 verum
173 1190 281 1220 Deum,
301 1187 368 1222 quis
386 1188 443 1220 sit,
468 1187 545 1215 scire
563 1187 658 1214 debes
671 1207 678 1219 ,
703 1187 786 1220 quod
805 1196 880 1214 unus
899 1192 946 1214 est
964 1197 1053 1215 verus
1072 1191 1152 1215 Deus
1171 1188 1201 1214 in
1221 1187 1389 1214 substantia
1409 1191 1438 1212 et

49 1232 144 1260 trinus
162 1232 193 1260 in
211 1233 366 1268 personis,
391 1233 507 1260 scilicet
532 1236 617 1266 pater
644 1236 674 1258 et
695 1231 776 1259 silius
802 1236 832 1259 et
861 1232 983 1267 spiritus
1003 1237 1132 1262 sanctus.
1171 1232 1346 1268 Quicunque
1364 1232 1438 1258 haec

49 1278 150 1305 omnia
167 1278 280 1311 credit,
307 1277 429 1305 omnino
449 1278 558 1310 habet,
585 1285 645 1310 quo
671 1277 709 1303 ad
727 1279 822 1304 Deum
848 1277 1018 1312 pertingere
1036 1278 1143 1313 possit.
1179 1281 1226 1304 Tu
1245 1282 1344 1303 autem
1364 1276 1437 1302 haec

49 1323 182 1356 intellige
201 1327 232 1350 et
248 1322 403 1350 intellecta
421 1322 527 1355 crede,
552 1327 582 1350 et
608 1323 634 1350 si
660 1321 734 1355 quid
760 1322 889 1349 desuerit
916 1323 955 1349 ad
981 1323 1202 1358 plenitudinem
1221 1322 1380 1354 desiderii,
1406 1321 1438 1347 in

49 1368 147 1400 legato
165 1367 300 1401 require,
319 1368 371 1402 qui
391 1372 419 1395 te
438 1368 534 1401 legem
553 1371 688 1394 sanctam
706 1366 823 1394 erudiet
842 1371 870 1394 et
892 1367 1002 1401 librOS,
1028 1377 1103 1402 quos
1123 1377 1224 1395 secum
1243 1366 1353 1399 defert,
1380 1366 1438 1394 tibi

48 1413 138 1445 leget.
173 1416 238 1440 Non
255 1412 347 1440 etiam
365 1412 504 1446 dubites,
530 1417 560 1440 te
584 1422 640 1447 pro
665 1412 787 1439 nomine
812 1412 920 1440 Christi
946 1412 1048 1440 multis
1067 1413 1223 1440 tormentis
1243 1412 1331 1440 tradi.
1367 1415 1437 1446 Ipse

48 1457 125 1485 enim
145 1457 220 1485 dicit
237 1466 313 1486 voce
331 1458 523 1490 evangelica:
552 1458 603 1490 qui
622 1457 787 1492 perdiderit
807 1457 937 1484 animam
956 1467 1040 1485 suam
1056 1458 1088 1485 in
1106 1458 1163 1485 hoc
1182 1458 1293 1485 mundo
1313 1462 1436 1492 propter

47 1512 112 1536 me,
136 1503 166 1530 in
189 1503 286 1530 vitam
312 1507 465 1531 aeternam
491 1502 625 1530 custodit
650 1511 725 1532 eam.
762 1502 904 1535 Origenes
929 1502 1012 1530 misit
1038 1514 1130 1530 unum
1155 1503 1348 1537 expluribus
1368 1512 1435 1529 cum

48 1548 153 1575 nuntio
170 1548 322 1576 Barbarae
341 1548 380 1576 ad
398 1549 574 1580 Barbarain,
601 1547 652 1580 qui
678 1547 802 1574 modum
824 1557 931 1580 magno
957 1549 1020 1582 ejus
1048 1548 1199 1575 desiderio
1218 1548 1312 1575 daret.
1349 1551 1435 1574 Prae

48 1593 139 1620 cessit
161 1593 283 1620 nuntius
309 1594 458 1621 Barbarae
483 1597 514 1621 et
538 1592 702 1625 nuntiavit,
729 1592 866 1619 nuntium
890 1593 989 1620 vii-nm
1012 1593 1068 1620 Dei
1091 1593 1198 1620 adesse
1222 1593 1293 1620 svcit
1319 1597 1349 1620 et
1367 1602 1435 1627 per-

48 1638 130 1666 misit
147 1648 217 1666 eum
234 1638 309 1666 soris
328 1643 423 1671 stare,
450 1643 549 1666 utrum
568 1638 750 1666 couveniens
770 1642 848 1665 esset
867 1647 934 1665 eum
952 1638 1074 1666 intrare.
1109 1641 1194 1665 'I'unc
1212 1638 1264 1665 illa
1283 1638 1435 1664 homiuem

48 1682 191 1710 advocari
209 1682 298 1716 fecit,
316 1683 368 1717 qui
384 1683 536 1716 ingressus
555 1683 684 1712 offerens
704 1683 917 1710 salutationem
935 1683 966 1710 iu
985 1683 1118 1716 Christo,
1142 1683 1196 1710 illa
1215 1692 1370 1710 assunwus
1389 1682 1434 1708 iu-

49 1728 177 1755 clinatut
201 1733 232 1756 et
256 1732 318 1755 tam
344 1729 399 1755 Dei
418 1737 528 1756 nomen
546 1739 636 1763 quam
654 1728 806 1756 homiuem
824 1732 993 1755 veneratur.
1030 1732 1115 1755 Pater
1134 1730 1197 1762 ejus
1216 1728 1309 1760 gratia
1332 1727 1435 1754 visita-

48 1772 139 1801 tionis
164 1773 205 1800 ad
229 1782 296 1800 eam
318 1774 417 1806 venit,
442 1773 552 1801 videns
578 1775 677 1801 virum
700 1773 852 1806 ignotum,
878 1777 1008 1800 tremens
1027 1773 1140 1807 inquit:
1168 1774 1234 1807 quis
1259 1773 1307 1800 hic
1331 1778 1358 1799 et
1384 1782 1436 1799 cur

48 1818 114 1845 hic!
149 1818 336 1853 Respondit:
354 1818 576 1847 Alexandrinus
595 1819 738 1846 medendi
756 1822 819 1845 arte
837 1818 966 1853 peritus,
991 1818 1043 1851 qui
1061 1818 1192 1853 spondet
1210 1819 1384 1851 magistrum
1402 1826 1434 1844 se

47 1863 158 1890 habere
177 1862 393 1896 Alexandriae,
419 1863 471 1897 qui
489 1868 592 1890 contra
617 1872 688 1891 usus
707 1863 893 1890 medicorum
910 1863 1001 1890 etiam
1019 1863 1134 1890 animas
1153 1868 1247 1891 curat.
1278 1867 1364 1890 Pater
1382 1872 1434 1888 au-

48 1906 134 1934 diens
152 1908 276 1935 recessit
294 1912 325 1935 et
342 1909 492 1937 concessit
510 1909 575 1936 fieri
593 1918 661 1936 cum
678 1917 714 1936 eo
734 1908 895 1942 colloquia.
932 1912 1017 1935 Tunc
1035 1909 1212 1936 Valentinus
1239 1908 1378 1935 sacerdos
1406 1912 1436 1933 et

48 1953 180 1980 Barbara
205 1953 364 1981 conserunt
388 1954 466 1981 inter
491 1963 524 1981 se
547 1963 600 1981 sua
622 1953 774 1987 mysteria.
808 1954 856 1980 lbi
882 1958 952 1981 tunc
977 1954 1111 1988 perlecta
1143 1954 1275 1990 epistola
1300 1958 1329 1980 et
1356 1953 1434 1979 bene

48 1997 154 2030 docta,
180 1998 264 2030 quod.
288 1998 386 2026 defuit
411 1999 573 2034 epistolae,
600 1999 640 2025 nd
665 1998 887 2034 plenitudinem
912 1998 1057 2026 desiderii
1082 2009 1100 2026 a
1118 2000 1217 2032 legato
1236 1997 1386 2032 quaesivit
1405 2002 1435 2023 et,

49 2042 88 2068 ad
105 2042 227 2069 libitiun
244 2042 370 2071 invenit.
406 2044 531 2075 cognito
549 2047 665 2075 autem,
689 2044 841 2076 quomodo
868 2048 954 2078 pater
978 2048 1005 2071 et
1024 2043 1103 2071 filius
1123 2049 1152 2071 et
1171 2044 1295 2078 spiritus
1314 2046 1434 2069 sauctus

49 2087 88 2115 sit
112 2087 195 2115 solus
222 2090 302 2113 Deus
329 2090 359 2113 et
381 2086 534 2120 quomodo
558 2086 638 2114 fitius
662 2087 771 2114 missus
790 2088 828 2114 sit
847 2097 864 2113 a
883 2092 968 2121 patre
986 2091 1016 2114 et
1035 2097 1089 2122 per
1107 2092 1278 2122 susceptam
1297 2086 1434 2113 hiunani-

48 2137 142 2160 tatem
159 2131 311 2159 liominem
330 2130 483 2166 perditum
500 2135 689 2164 revocasset,
716 2132 870 2166 captivum
889 2131 1066 2159 redemisset
1090 2137 1119 2159 et
1142 2142 1196 2167 per
1215 2141 1331 2159 sacrum
1351 2131 1435 2157 lava-

50 2179 213 2215 crumxejus
232 2181 356 2212 peccata
373 2176 512 2209 lavisset,
537 2176 716 2203 acceleravit
742 2176 781 2202 ad
807 2175 951 2210 baptismi
974 2176 1098 2208 gratiam
1118 2181 1144 2203 et
1166 2177 1204 2203 ab
1224 2177 1331 2204 eodem
1350 2185 1434 2210 pres-

49 2223 147 2251 bitero
160 2222 332 2254 Valentino,
350 2230 438 2255 quem
456 2221 598 2253 Origenes
617 2221 656 2248 ad
674 2221 770 2256 ipsam
789 2221 922 2253 miserat,
940 2221 1094 2256 baptizata
1114 2226 1158 2249 est
1178 2222 1208 2248 in
1227 2221 1308 2253 turri,
1329 2221 1355 2247 in
1377 2231 1433 2253 qua

50 2277 115 2296 eam
135 2272 220 2302 pater
237 2271 388 2302 posuerat.
423 2266 579 2301 Amplius,
605 2275 681 2299 quae
702 2266 755 2293 Dei
774 2270 872 2297 erant,
898 2267 1049 2300 quaesivit
1073 2272 1101 2294 et
1125 2275 1201 2301 quae
1220 2275 1337 2294 sursum
1356 2271 1433 2298 sunt!

50 2313 174 2346 cupiens
203 2311 311 2344 libros,
337 2319 413 2345 quos
439 2311 467 2338 ei
493 2312 635 2344 Origenes
661 2311 799 2344 miserat,
832 2311 993 2344 diligenter
1018 2312 1090 2344 legit
1114 2317 1143 2339 et
1168 2311 1258 2339 valde
1284 2311 1378 2338 crevit
1405 2312 1435 2337 iu

52 2356 177 2385 scientia
201 2356 374 2384 divinorum
398 2356 487 2384 etiam
514 2356 578 2383 sine
604 2356 746 2389 magistro
774 2361 802 2383 et
828 2356 858 2383 in
884 2357 1031 2392 sapientia
1057 2357 1170 2384 divina.
1205 2356 1325 2388 Legitur
1343 2355 1434 2382 etiam

51 2402 89 2429 de
107 2410 160 2434 ea,
185 2400 282 2434 quod,
306 2401 376 2435 quia
392 2401 518 2436 pulchra
535 2400 608 2435 tuit,
632 2402 755 2436 quidam
780 2401 819 2428 de
843 2401 1041 2436 optimatibus
1061 2407 1155 2430 terrae
1174 2402 1255 2429 illius
1274 2401 1352 2435 patri
1370 2402 1434 2435 ejus

50 2446 146 2474 locuti
163 2449 250 2478 sunt,
267 2450 300 2473 ut
319 2445 417 2473 virum
435 2446 496 2474 sibi
514 2448 677 2482 acciperet,
704 2447 769 2482 ipse
791 2455 864 2474 vero
888 2447 927 2473 ad
946 2455 1011 2474 eam
1030 2447 1177 2474 accedens
1194 2447 1226 2474 in
1245 2447 1348 2473 turrim
1367 2455 1434 2480 per-

51 2490 200 2519 suadebat
217 2500 284 2518 eam
300 2491 417 2519 dicen&
435 2491 496 2519 filia
515 2502 599 2525 mea,
618 2492 742 2525 quidam
760 2491 798 2518 de
817 2491 992 2526 potentibus
1012 2485 1236 2519 coiinnemorati
1255 2496 1323 2518 sunt
1342 2491 1379 2517 de
1397 2495 1434 2523 te,

50 2541 85 2564 ut
107 2536 278 2571 acciperent
302 2540 332 2564 te
356 2536 388 2564 in
411 2537 564 2571 conjugi05
589 2537 664 2570 quid
686 2546 756 2570 ergo
782 2537 830 2563 vis
849 2536 887 2563 de
906 2537 979 2564 hoc!
1014 2541 1084 2571 Ipsa
1102 2546 1175 2564 vero
1195 2536 1300 2563 intuita
1319 2540 1435 2571 patrem

51 2591 120 2609 cum
136 2581 182 2609 ira
198 2580 290 2608 dixit:
315 2591 353 2608 ne
379 2590 467 2614 cogas
490 2592 538 2609 me
566 2582 623 2610 hoc
648 2591 750 2615 agere,
776 2585 871 2616 pater.
907 2584 946 2608 At
971 2582 1036 2615 ipse
1055 2581 1179 2609 secessit
1197 2583 1235 2608 ab
1255 2591 1289 2608 ea
1309 2581 1435 2608 descen-

49 2626 188 2661 densque
212 2626 343 2654 institnit
369 2626 594 2654 multitudinem
625 2627 789 2660 artificum,
825 2627 877 2660 qui
909 2626 1043 2653 Iacerent
1074 2626 1244 2659 lavacrum,
1269 2626 1433 2658 constituit,

50 2672 205 2707 quomodo
224 2672 288 2700 lieri
307 2672 428 2705 debuit,
454 2672 589 2700 tribuens
608 2671 733 2710 singulis
751 2671 920 2699 mercedem
945 2671 976 2698 in
993 2670 1140 2704 integrum
1158 2671 1370 2707 profectusque
1389 2677 1433 2698 est

48 2718 83 2745 in
101 2717 252 2752 regionem
270 2717 480 2753 longinquam,
507 2716 753 2752 descendensque
771 2716 885 2746 lamnla
903 2716 958 2745 Dei
976 2717 1079 2746 videre
1105 2725 1199 2753 opus,
1225 2716 1306 2751 quod
1324 2717 1436 2744 sactum
