1742 3005
243 107 297 145 54
563 112 659 159 (lap.
694 111 788 147 Viti.
848 112 905 147 De
938 116 1066 147 sancto
1100 110 1308 159 Stephano.

243 214 275 245 in
304 222 370 246 una
395 215 549 255 civitate,
577 214 686 259 fugite
712 215 745 247 in
771 214 886 247 aliam.
912 234 953 238 μ
984 234 1023 238 -
1055 218 1098 252 4.
1126 214 1245 250 Refert
1271 217 1487 262 Augustinus
1512 216 1634 252 doctor

245 280 409 323 egregius
447 278 585 312 beatum
621 277 833 322 Stephanum
869 280 1056 314 innumeris
1083 281 1259 315 miraculis
1285 281 1455 317 claruisse
1482 286 1515 317 et
1543 294 1632 317 mor-

243 348 321 377 tuos
348 354 409 377 sex
435 344 506 376 suis
532 345 664 378 meritis
690 345 876 385 excitasse,
903 344 1028 378 multos
1054 354 1076 378 a
1100 347 1207 380 variis
1233 346 1462 392 languoribus
1478 359 1633 383 curasse.

245 408 388 442 Praeter
414 408 499 443 haee
524 414 637 444 autem
664 410 733 444 alia
760 409 867 444 refert
894 410 1082 452 miracula,
1122 411 1227 456 digne
1252 414 1438 447 memoriae
1464 424 1635 449 commen-

246 473 371 508 danda.
443 476 502 509 Ait
527 477 637 518 enim,
688 475 779 521 quod
806 475 912 510 flores
943 486 1049 520 super
1076 477 1187 512 altare
1214 476 1307 511 beati
1333 477 1502 524 Stephani
1528 491 1635 524 pone-

247 538 374 573 bantur
410 545 444 575 et
477 541 557 576 inde
602 541 710 576 ablati
757 553 863 587 super
906 542 1058 577 infirmos
1102 543 1342 588 ponebantur,
1394 546 1498 589 panni
1532 547 1636 580 etiam

248 605 289 640 de
315 608 390 652 eJus
419 607 521 641 altari
548 610 650 642 sumti
675 614 709 643 et
741 619 846 654 super
872 618 1000 655 aegros
1024 611 1177 654 impositi
1205 609 1320 643 multis
1347 612 1555 645 exstiterunt
1584 613 1635 645 in-

248 672 463 708 firmantibus
500 675 532 708 in
570 675 759 716 medelam,
812 685 889 709 nam
924 677 1014 709 sieut
1045 677 1094 709 ait
1118 677 1152 709 in
1180 675 1270 709 libro
1296 675 1394 710 XXII
1423 676 1465 712 de
1493 679 1636 713 civitate

248 737 333 780 Dei,
388 739 493 774 flores
529 742 595 785 ipsi
623 740 665 775 de
690 741 793 775 altari
819 742 963 775 assumti
987 741 1167 786 eujusdam
1194 742 1347 776 mulieris
1375 752 1501 777 caecae
1528 743 1637 777 oeulis

251 804 405 848 impositi
434 809 513 839 sunt
539 810 572 841 et
596 806 657 840 illa
681 808 844 841 continuo
870 806 982 840 lumen
1010 809 1152 851 recepit.
1208 806 1328 841 Refert
1354 819 1492 853 quoque
1519 797 1552 843 in
1578 820 1637 843 eo-

250 868 324 903 dem
352 870 462 913 libro,
491 872 602 917 quod,
629 884 702 906 cum
731 872 870 918 quidam
895 873 948 906 vir
973 873 1158 916 primarius
1184 873 1355 915 civitatis,
1381 876 1517 909 nomine
1541 875 1638 910 Mar-

252 935 366 977 tialis,
394 936 542 972 infidelis
570 943 665 973 esset
690 942 725 973 et
747 947 967 984 nequaquam
992 940 1148 973 converti
1176 939 1297 981 vellet,
1322 949 1396 973 cum
1423 943 1537 974 tamen
1563 941 1639 986 plu-

252 1002 370 1035 rimum
398 1007 614 1049 aegrotaret,
641 1015 751 1050 gener
774 1015 857 1038 suus
883 1004 986 1039 valde
1013 1004 1125 1039 tidelis
1149 1004 1194 1038 ad
1219 1005 1401 1039 eeclesiam
1428 1007 1538 1040 saneti
1561 1006 1639 1041 Ste-

251 1066 355 1110 phani
384 1070 477 1102 venit
501 1073 534 1103 et
559 1070 601 1104 de
626 1072 714 1116 ipsis
739 1070 903 1111 floribus,
947 1072 1004 1115 qui
1032 1081 1138 1115 super
1164 1070 1267 1104 altari
1303 1075 1426 1113 erant,
1464 1073 1639 1116 accipiens

252 1137 286 1166 et
312 1133 355 1167 ad
384 1139 489 1178 eaput
523 1138 576 1169 sui
608 1139 719 1171 soceri
755 1137 860 1171 flores
893 1138 990 1181 ipsos
1024 1137 1174 1170 latenter
1209 1137 1337 1181 posuit.
1411 1137 1525 1181 Super
1552 1148 1639 1181 quos

252 1209 324 1231 eum
353 1199 411 1234 iile
439 1200 659 1244 dormiisset,
696 1204 853 1248 protinus
881 1207 961 1237 ante
986 1202 1170 1236 diluculum
1197 1202 1381 1243 clamavit,
1412 1206 1448 1236 ut
1474 1202 1518 1236 ad
1546 1205 1638 1248 epis-

252 1274 373 1308 copum
398 1268 603 1302 mitteretur.
653 1270 735 1303 Cum
762 1272 877 1303 autem
905 1270 1092 1313 episeopus
1114 1268 1275 1310 abesset,
1303 1268 1468 1302 sacerdos
1495 1269 1538 1302 ad
1564 1280 1638 1304 eum

254 1331 344 1363 venit
368 1335 402 1364 et
425 1333 558 1376 ipsum,
595 1345 668 1368 enm
695 1339 728 1368 et
753 1334 897 1369 eredere
921 1333 1075 1375 diceret,
1111 1332 1314 1377 baptisavit.
1389 1333 1449 1368 Hie
1477 1335 1639 1379 quamdiu

256 1397 361 1437 vixit,
388 1396 454 1431 hoe
481 1398 620 1433 verbum
645 1410 784 1444 semper
810 1401 842 1433 in
868 1400 1027 1434 oratione
1054 1398 1192 1432 habu-it:
1229 1398 1365 1434 Christe
1389 1402 1508 1445 accipe
1535 1403 1639 1446 spiri—

255 1466 322 1495 tum
352 1473 485 1505 meum,
535 1475 608 1499 eum
642 1464 757 1501 tamen
790 1465 845 1500 hic
879 1466 973 1501 beati
1002 1465 1172 1510 Stephani
1201 1465 1321 1498 ultima
1345 1465 1454 1500 verba
1478 1468 1637 1502 nesciret.

256 1549 295 1552 ⁷-
324 1549 362 1553 -
389 1533 433 1566 5.
463 1530 568 1564 Aliud
592 1532 752 1566 similiter
776 1534 810 1566 in
833 1531 954 1566 eodem
980 1532 1088 1566 refert
1111 1530 1325 1573 miraculum,
1352 1532 1444 1576 quod
1469 1532 1639 1577 quaedam

253 1598 423 1635 matrona,
452 1598 587 1631 nomine
611 1597 794 1638 Petronia,
820 1608 893 1631 eum
918 1597 977 1631 diu
1001 1597 1198 1631 infirmitate
1223 1597 1433 1650 gravissi-ma
1459 1602 1639 1643 torquere-

255 1664 309 1693 tur
346 1666 378 1693 et
413 1662 520 1695 muita
557 1662 727 1697 adhibens
762 1663 916 1699 remedia
948 1663 1074 1697 nullum
1110 1664 1255 1697 sentiret
1287 1662 1506 1697 liberationis
1532 1666 1640 1699 vesti-

254 1727 367 1770 gium.
403 1728 540 1767 tandem
574 1729 753 1774 quenulam
780 1729 950 1764 Judaeum
975 1729 1168 1770 eonsuiuit,
1197 1730 1252 1773 qui
1280 1729 1440 1763 annulum
1469 1730 1639 1775 quendam

253 1802 327 1825 eum
354 1793 502 1837 quodam
527 1794 645 1839 lapide
672 1798 701 1830 ei
726 1794 869 1837 tribuit,
896 1799 932 1829 ut
961 1797 1038 1840 ipso
1065 1795 1192 1828 annulo
1219 1805 1294 1828 eum
1320 1794 1452 1829 chorda
1479 1796 1523 1829 ad
1548 1796 1640 1830 nuda

253 1861 411 1902 corporis
437 1861 654 1906 cingeretur,
708 1866 742 1895 ut
770 1872 811 1896 ex
839 1863 965 1895 virtute
994 1862 1085 1896 illius
1119 1861 1321 1895 beneficium
1348 1862 1520 1906 reciperet
1546 1863 1639 1895 sani-

254 1925 346 1958 tatis.
396 1924 464 1959 Sed
492 1926 568 1960 dum
597 1927 660 1961 hoe
686 1927 750 1961 sibi
778 1928 823 1961 nil
852 1928 968 1963 valere
993 1929 1232 1973 conspiceret,
1280 1927 1324 1961 ad
1351 1927 1531 1962 ecelesiam
1559 1937 1639 1971 pro-

255 1992 443 2024 tomartiris
480 1995 682 2037 properavit
717 1998 750 2028 et
786 2005 847 2038 pro
883 1994 996 2028 salute
1025 2004 1090 2028 sua
1114 1995 1300 2028 instantius
1325 1993 1463 2027 beatum
1489 1992 1639 2037 Stepha-

254 2066 331 2089 num
369 2060 538 2092 exorarit.
609 2059 705 2093 Tune
732 2060 848 2094 subito
881 2060 1034 2094 insoluta
1059 2059 1191 2094 ehorda
1217 2063 1250 2093 et
1276 2059 1400 2093 illaeso
1427 2058 1554 2092 annulo
1585 2068 1638 2092 re-

253 2127 411 2156 manente
438 2125 582 2158 annulus
610 2127 642 2159 in
669 2130 794 2160 terram
820 2126 969 2170 prosiliit
997 2130 1030 2160 et
1054 2128 1216 2159 continuo
1242 2126 1396 2170 perfecte
1423 2128 1579 2158 sanatam
1602 2135 1639 2159 se.

255 2189 374 2222 Sensit·
414 2210 455 2214 —-
492 2211 534 2215 -—
568 2195 614 2228 6.
645 2192 747 2226 Aliud
775 2191 934 2226 similiter
967 2192 1000 2224 in
1025 2191 1145 2226 eodem
1171 2201 1238 2224 non
1264 2192 1374 2223 minus
1402 2189 1559 2224 mirabile
1584 2199 1639 2224 re-

254 2251 321 2286 fert
354 2255 552 2289 miraculum
635 2258 735 2302 Apud
781 2266 927 2301 namque
964 2257 1171 2290 Caesaream
1212 2254 1433 2299 Capadoeiae
1469 2254 1638 2299 quaedam

255 2317 382 2353 nobilis
408 2325 566 2355 matrona
594 2327 681 2363 erat,
707 2324 770 2356 viri
800 2322 936 2367 quidem
965 2321 1133 2355 destituta
1158 2322 1307 2362 solatio,
1334 2320 1395 2355 sed
1424 2320 1533 2356 nobili
1565 2320 1639 2354 val-

252 2383 325 2418 lata
352 2386 568 2421 multitudine
597 2388 756 2429 tiliorum,
783 2397 859 2422 nam
887 2387 1004 2421 decem
1033 2387 1121 2421 tilios
1148 2387 1312 2421 habuisse
1333 2385 1469 2428 dieitur,
1497 2395 1638 2431 quorum

253 2454 384 2494 septem
417 2463 531 2487 mares
566 2458 599 2487 et
632 2458 703 2488 tres
730 2454 877 2488 feminae
907 2454 1014 2488 fuisse
1040 2453 1275 2498 perhibentur.
1351 2451 1506 2493 Quadam
1532 2453 1640 2497 igitur

257 2518 327 2551 vire
354 2518 430 2552 dum
458 2524 566 2553 muter
591 2520 633 2553 ah
663 2522 705 2553 iis
732 2520 940 2561 offenditur,
985 2519 1260 2553 maledietionem
1287 2528 1382 2553 suam
1407 2518 1487 2555 tiliis
1512 2518 1638 2562 impre-

252 2587 367 2620 catur,
402 2584 516 2618 subito
544 2590 655 2620 autem
683 2586 957 2620 maledictionem
985 2587 1104 2619 matris
1131 2585 1248 2620 divina
1279 2584 1429 2618 vindicta
1452 2582 1637 2627 subsequi-

253 2652 324 2681 tur.
362 2654 393 2681 et
421 2660 537 2683 onnws
568 2663 678 2695 poena
705 2652 806 2685 simili
837 2656 871 2685 et
898 2651 1054 2686 horribili
1084 2651 1263 2686 feriuntur.
1314 2650 1396 2684 Nam
1422 2659 1539 2683 onmes
1570 2653 1637 2682 tre-
