1742 3005
331 87 426 139 Cap.
456 87 592 125 XXIII.
652 86 709 125 De
742 92 869 123 sancto
900 85 1138 124 SebastIano.
1361 86 1439 125 109

58 192 332 230 Mediolanensis
365 191 592 238 Dyocletiano
629 196 662 227 et
687 191 901 227 Maximiano
926 190 1196 238 imperatoribus
1222 191 1311 228 adeo
1337 202 1438 227 carus

54 263 150 303 erat,
189 262 226 293 ut
250 259 479 304 principatum
506 260 537 291 ei
569 260 701 304 primae
728 257 882 292 cohortis
908 258 1087 292 traderent
1110 261 1144 293 et
1169 269 1232 292 suo
1257 258 1439 304 adspectui

49 325 214 371 Juberent
238 333 375 368 semper
399 323 552 359 adstare.
603 324 664 358 Hic
693 324 876 358 militarem
911 323 1115 358 chlamidem
1149 323 1194 358 ad
1218 323 1282 358 hoc
1307 328 1437 359 tantum

53 390 200 433 serebat,
226 393 263 424 ut
289 388 556 424 christianorum
571 392 717 432 animas,
746 399 833 434 quas
859 390 893 421 in
918 390 1097 422 tormentis
1124 389 1264 424 videbat
1278 389 1437 433 deficere,

52 456 279 491 confortaret.
326 455 411 490 Dum
439 458 551 489 autem
578 455 851 499 praeclarissimi
876 454 941 487 viri
965 452 1216 488 MarcellIanus
1243 459 1277 489 et
1297 455 1439 491 Marcus

52 523 182 568 gemini
208 521 334 555 fratres
359 530 425 565 pro
447 519 513 554 fide
543 519 671 554 Christi
699 519 865 554 decoIIari
893 518 1082 561 deberent,
1115 519 1159 553 ad
1188 530 1248 554 eos
1275 526 1440 565 parentes

53 587 253 629 adveniunt,
280 590 317 619 ut
343 586 498 629 ipsorum
526 586 659 619 animos
685 594 707 618 a
732 594 796 618 suo
821 585 1004 628 proposito
1029 589 1247 620 revocarent.
1290 585 1440 621 Advenit

53 663 139 699 ergo
164 655 275 686 mater
301 654 335 685 et
369 651 485 685 soluto
516 651 631 695 eapite
657 652 848 695 scissisque
877 649 1032 684 vestibus
1058 649 1295 696 uberibusque
1321 655 1439 686 osten-

53 720 102 753 sis
126 717 264 763 ajebat:
291 727 310 751 o
332 715 515 762 per-dulces
542 716 617 758 filii,
641 715 832 750 circumdat
856 726 909 750 me
937 715 1097 750 inaudita
1119 717 1262 751 miseria
1288 721 1322 751 et
1349 719 1438 752 into-

52 783 210 819 lerabilis
236 782 361 817 luctus.
432 781 507 817 Heu
531 792 584 817 me
610 783 792 824 miseram,
841 783 961 816 amitto
988 782 1079 816 filios
1104 792 1200 817 meos
1226 782 1271 816 ad
1296 787 1439 818 mortem

52 849 144 884 ultro
168 848 364 891 tendentes,
392 859 479 894 quos
504 849 535 883 si
559 847 642 882 mihi
666 847 788 883 hostes
813 847 1010 886 auferrent,
1046 859 1111 893 per
1133 847 1248 883 media
1273 858 1440 894 sequerer

53 915 148 951 bella
172 918 348 960 raptoreS,
373 915 403 948 si
427 914 582 949 violenta
602 914 739 959 Judicia
761 912 1008 948 concluderent
1034 923 1187 957 carcere,
1215 915 1439 959 irriunperein

53 983 235 1016 moritura.
281 979 415 1014 Novum
439 978 506 1014 hoc
530 979 700 1025 pereundi
725 989 836 1025 genus
860 982 925 1021 est,
952 980 987 1013 in
1014 990 1082 1025 quo
1107 979 1264 1015 carnifex
1280 984 1440 1026 rogatur,

53 1051 91 1082 ut
113 1046 237 1089 seriat;
264 1046 336 1080 vita
355 1049 509 1091 optatur,
535 1049 573 1080 ut
596 1049 739 1091 pereat3
765 1055 858 1079 mors
882 1045 1061 1089 invitatur,
1088 1049 1125 1079 ut
1151 1047 1278 1081 veniat.
1320 1045 1439 1081 Novus

54 1112 110 1147 hic
133 1112 266 1155 luctus,
292 1121 386 1146 nova
407 1112 570 1154 miseria,
596 1112 631 1145 in
657 1120 728 1157 qua
751 1115 910 1145 natorum
929 1111 1096 1156 juventus
1122 1115 1246 1157 sponte
1273 1112 1442 1146 amittitur

54 1183 89 1214 et
112 1181 292 1224 parentum
316 1176 517 1212 miseranda
540 1178 678 1223 cogitur
702 1181 884 1220 senectus,
935 1181 971 1211 ut
1004 1178 1113 1212 vivat.
1184 1177 1277 1212 Haec
1305 1177 1439 1212 dicente

54 1248 162 1280 matre
188 1246 290 1289 pater
313 1244 431 1278 senior
453 1242 612 1277 manibus
642 1242 826 1278 adducitur
851 1253 1031 1278 servorum
1066 1247 1101 1277 et
1127 1245 1242 1289 capite
1268 1243 1439 1289 adsperso

55 1310 198 1356 pulvere
222 1308 422 1355 hujusmodi
446 1319 552 1344 voces
579 1308 687 1343 dabat
711 1309 755 1343 ad
780 1309 933 1344 coelum:
976 1307 1021 1341 ad
1046 1312 1190 1343 mortem
1216 1309 1307 1343 ultro
1332 1310 1439 1354 proti-

54 1375 264 1412 ciscentibus
288 1375 369 1409 filiis
394 1374 630 1409 valedicturus
657 1373 803 1416 adveni,
839 1378 876 1408 ut
900 1383 990 1419 quae
1022 1384 1121 1409 meae
1149 1374 1350 1419 sepulturae
1375 1385 1439 1420 pa—

56 1453 229 1485 raveram,
256 1441 405 1475 filiorum
429 1440 618 1485 sepulturis
639 1439 761 1474 infelix
785 1439 990 1484 expendam.
1040 1438 1068 1474 Ο
1095 1440 1157 1473 filii
1182 1441 1268 1483 mei,
1294 1439 1439 1475 baculus

55 1511 244 1545 senectutis
269 1511 303 1542 et
326 1508 497 1553 geminum
530 1515 682 1540 meorum
710 1507 879 1540 viscerum
913 1505 1027 1540 lumen
1058 1515 1119 1539 cur
1142 1507 1193 1539 sic
1216 1509 1360 1540 mortem
1387 1506 1439 1540 di-

54 1575 197 1621 ligitis?
243 1572 367 1609 Venite
390 1571 467 1614 hic,
486 1571 657 1616 J'uvenes,
683 1570 764 1606 flete
789 1581 896 1616 super
915 1573 1065 1615 juvenes
1090 1574 1214 1616 sponte
1240 1575 1438 1616 pereuntes.

56 1640 179 1676 Venite
202 1638 268 1674 huc
288 1648 390 1674 senes
415 1641 450 1672 et
474 1646 604 1672 mecum
631 1646 737 1681 super
761 1636 850 1670 filios
875 1646 970 1671 meos
995 1636 1165 1682 plangite,
1193 1636 1349 1671 accedite
1373 1636 1440 1671 huc

56 1711 176 1752 patres
200 1709 236 1741 et
258 1703 461 1750 prohibete,
510 1714 553 1739 ne
587 1703 674 1737 talia
706 1703 897 1748 patiamini.
966 1702 1110 1737 Deficite
1148 1702 1320 1748 plorando
1349 1703 1438 1737 oculi

57 1774 146 1816 mei,
195 1782 238 1807 ne
264 1770 399 1807 videam
423 1769 513 1804 filios
538 1779 634 1804 meos
657 1768 778 1815 gladio
804 1768 915 1803 caedi.
974 1768 1066 1803 Haec
1090 1768 1224 1804 dicente
1250 1773 1350 1814 patre
1377 1768 1438 1803 ad-

56 1839 198 1875 veniunt
217 1838 387 1884 conjuges
413 1834 637 1881 adspectibus
671 1845 788 1870 eorum
821 1835 984 1880 proprios
1009 1834 1100 1869 filios
1125 1836 1309 1870 offerentes
1336 1839 1440 1881 atque

56 1902 220 1950 ejulando
245 1903 454 1937 clamantes:
499 1901 624 1947 quihus
650 1911 714 1935 nos
739 1900 930 1943 dimittitis,
970 1902 1028 1946 qui
1053 1905 1153 1936 erunt
1176 1901 1296 1936 horum
1324 1901 1439 1936 insan-

30 1960 33 1961 ⁷
55 1971 140 2004 tium
163 1969 312 2011 domini,
355 1968 432 2013 quis
457 1970 594 2002 vestras
617 1967 739 2013 largas
766 1966 898 2001 dividet
921 1967 1193 2011 possessiones?
1239 1966 1313 2002 Heu
1338 1977 1438 2012 quam

58 2035 175 2071 ferrea
197 2037 364 2079 pectora,
397 2034 480 2078 quia
503 2037 668 2077 parentes
694 2032 875 2078 despicitis
891 2060 899 2075 ‚
933 2034 1063 2067 amtcos
1089 2034 1277 2077 respuitis,
1312 2042 1440 2067 uxores

58 2099 232 2146 abjicitis,
281 2099 371 2133 filios
408 2097 580 2132 abdicatis
612 2101 648 2132 et
669 2108 731 2133 vos
763 2097 983 2132 carnificibus
1008 2101 1222 2143 spontaneos
1253 2096 1438 2132 exhibetis.

56 2148 150 2203 Inter
183 2165 249 2199 hoc
281 2169 395 2200 autem
419 2167 611 2209 coeperunt
636 2165 789 2198 virorum
817 2164 925 2198 corda
948 2163 1164 2198 mollescere.
1233 2162 1332 2197 Tunc
1358 2172 1439 2196 sau-

55 2234 130 2265 ctus
157 2230 486 2276 Sebastianus,¹qui
508 2229 559 2263 ibi
582 2229 717 2271 aderat,
744 2240 927 2275 erumpens
952 2230 987 2262 in
1011 2228 1158 2263 medium
1186 2227 1291 2262 dixit:
1317 2239 1336 2262 o
1367 2228 1438 2262 sor-

55 2297 181 2330 tissimi
204 2296 330 2330 milites
356 2295 486 2331 Christi
507 2295 615 2330 nolite
639 2306 702 2340 per
727 2297 857 2331 misera
880 2294 1118 2329 blandimenta
1139 2303 1303 2328 coronam
1330 2293 1438 2337 depo-

57 2371 140 2396 nere
169 2362 424 2405 sempiternam.
471 2360 542 2395 Sed
563 2365 597 2396 et
617 2361 822 2406 parentibus
847 2361 953 2395 dixit:
984 2361 1091 2395 nolite
1116 2361 1256 2400 timere,
1285 2369 1354 2392 non
1381 2368 1437 2392 se-

56 2426 274 2472 parabuntur
289 2435 311 2459 a
335 2425 449 2468 vobis,
474 2425 537 2460 sed
561 2426 691 2460 vadunt
710 2427 746 2460 in
760 2426 893 2460 coelum
907 2425 1007 2460 vobis
1019 2434 1147 2469 parare
1161 2423 1328 2468 sydereas
1342 2433 1438 2457 man-

55 2493 185 2527 siones.
233 2491 321 2526 Nam
345 2490 390 2524 ab
415 2491 515 2524 initio
541 2491 657 2525 mundi
680 2490 767 2526 haee
793 2492 865 2525 vita
889 2491 924 2523 in
950 2500 988 2524 se
1015 2491 1200 2533 sperantes
1228 2487 1372 2530 fefellit,
1399 2498 1437 2524 se

55 2560 302 2603 exspectantes
342 2556 499 2601 decepit,
557 2554 600 2590 de
635 2565 673 2589 se
714 2558 977 2600 praesumentes
1018 2555 1129 2588 irrisit
1158 2556 1193 2588 et
1225 2555 1276 2588 ita
1310 2553 1438 2588 nullum

57 2624 194 2657 omnino
217 2626 346 2658 certum
371 2621 545 2665 reddidit,
593 2624 631 2655 ut
653 2620 811 2654 omnihus
838 2619 1005 2665 probetur
1034 2629 1113 2654 esse
1134 2620 1288 2655 mentita.
1357 2618 1439 2654 Vita

55 2687 143 2725 haec
166 2688 329 2736 admonet
353 2688 461 2724 furem
488 2691 524 2722 ut
549 2687 683 2732 rapiat,
708 2685 908 2721 iracundum
934 2689 971 2720 ut
994 2686 1152 2729 saeviat,
1178 2684 1375 2720 mendacem
1403 2688 1440 2719 ut
