1742 3005
107 72 201 123 Cap.
229 72 472 110 CLXXXlX.
506 75 564 112 De
588 77 838 128 conceptione
867 78 1002 117 beatae
1020 78 1166 119 Mariae
1183 81 1347 132 virginis.
1405 83 1488 123 875

102 176 274 210 hujusmodi
300 185 467 206 sermonem
492 179 651 213 inquisitor
676 182 797 215 quidsuu
823 183 989 210 baereticae.
1007 185 1167 219 pravitatis
1187 186 1226 213 de
1244 186 1348 214 ordine
1368 188 1487 222 praedi-

102 225 236 248 catorum
254 222 412 250 detulisset
432 224 461 250 in
479 224 623 258 judicium
642 227 730 259 fidei,
757 227 920 254 exsistente
946 228 976 255 in
1000 229 1153 263 praedicta
1177 230 1300 258 civitate
1323 232 1487 259 Barchino-

101 265 187 292 nensi
212 274 384 294 successore
403 268 575 296 immediate
601 271 674 297 dicti
692 272 835 298 Joliannis
854 273 982 299 Martino
1008 283 1076 305 rege
1095 275 1276 308 Aragoniae,
1302 275 1404 303 habita
1430 277 1487 304 fuit

100 310 177 336 inter
195 311 364 345 praedictos
385 313 422 340 de
441 315 582 341 mandato
602 325 636 342 ac
654 315 684 342 in
702 316 871 350 praesentia
891 317 967 349 regis
987 318 1141 346 sollemnis
1161 324 1190 346 et
1210 320 1332 354 publica
1349 321 1486 355 disputa-

100 354 152 383 tio.
189 358 254 391 Qua
279 356 363 384 finita
388 360 542 393 praefatus
565 371 618 387 rex
642 361 672 387 in
696 361 812 392 signum
838 361 983 387 victoriae
1001 364 1102 396 posuit
1122 374 1212 398 snper
1230 370 1318 399 eaput
1338 366 1486 400 praedicti

99 400 243 428 Johannis
263 407 375 430 sertum
398 404 496 431 viride
515 406 704 432 vernantium
722 406 864 433 soliorum
883 406 984 439 sicque
1002 407 1160 438 insignitus
1179 418 1237 435 una
1256 418 1322 435 cum
1343 409 1486 436 tubicinis

98 445 153 472 suit
172 446 335 474 honorifice
354 448 519 476 associatus
538 460 593 484 per
611 450 720 477 dictam
741 450 893 477 civitatem
920 451 1054 484 aliasque
1078 452 1216 478 civitates
1241 457 1270 479 et
1297 454 1410 487 oppida
1429 455 1485 480 cir-

98 492 302 524 cumjacentia,
321 502 469 527 praecone
487 495 564 526 regis
584 495 740 526 clamante,
760 495 841 527 quod
861 495 973 521 nemini
992 496 1030 521 de
1049 500 1167 522 caetero
1185 495 1215 522 in
1232 498 1372 524 omnibus
1386 499 1484 530 regnis

98 536 159 563 suis
184 541 213 563 et
237 537 378 564 dominiis
404 538 507 565 liceret
533 547 665 565 asserere
692 538 740 564 vel
767 538 971 569 dogmatizare
1004 545 1106 566 contra
1140 541 1216 567 liano
1249 541 1415 569 doctrinam
1447 544 1485 570 de

96 586 197 608 sancta
225 587 255 609 et
279 593 354 616 pura
377 582 574 617 conceptione
600 583 707 608 beatae
732 583 856 615 virginis
883 584 1082 617 continueque
1114 584 1281 612 imminenti
1313 586 1485 621 hujusmodi

95 626 261 654 festivitate
279 627 336 653 snit
354 631 459 662 postea
479 628 674 654 observatum
695 637 729 654 nc
747 632 779 653 ut
799 627 996 655 communiter
1015 629 1194 656 observatur
1217 630 1255 657 de
1280 631 1328 657 die
1352 632 1386 667 in
1409 632 1484 659 dies.

93 676 168 698 Item
198 671 336 698 Basileae
366 671 416 698 die
446 671 535 698 lunae
568 677 653 699 sexto
684 673 796 699 mensis
831 673 970 700 Octobris
1002 683 1080 700 anno
1121 684 1137 701 a
1170 674 1329 703 nativitate
1369 676 1484 703 domini

92 718 326 743 MCCCCXXXV
344 715 375 742 in
393 716 531 744 manibus
555 716 662 750 judicis
680 717 752 744 fidei
778 717 914 752 deputati
933 727 987 752 per
1005 723 1138 745 sanctam
1157 720 1304 752 synodum
1322 720 1379 747 suit
1397 721 1482 747 testi-

92 762 212 788 ficatum
232 760 321 787 etiam
341 770 407 787 cum
425 762 608 794 juramento,
635 762 718 795 quod
745 770 825 788 nono
851 762 900 789 die
927 763 1038 790 mensis
1058 754 1242 797 Se1›te111bris
1270 774 1348 792 anno
1367 765 1482 792 domini

91 807 340 832 mccccxxvnl
361 805 390 831 in
408 805 531 832 civitate
550 806 709 833 Minorisse
728 806 849 839 quidam
864 807 1036 834 Franciscus
1051 807 1146 834 Mileti
1164 809 1323 836 canonicus
1336 809 1480 837 ecclesiae

90 849 266 881 collegiatae
286 849 385 876 dictae
405 850 537 877 civitatis
556 850 731 877 Vicenensis
751 851 924 884 dyoecesis,
950 862 1017 878 cum
1040 852 1069 878 in
1096 853 1236 879 extremis
1255 858 1355 885 ageret
1374 859 1402 880 et
1422 856 1479 887 jani

90 894 177 928 qnasi
194 899 330 922 mortuus
350 899 524 930 appareret,
544 894 604 928 sic,
627 900 786 929 postquam
805 895 902 922 suerat
921 896 951 922 in
970 896 1076 927 agonia
1096 901 1125 922 et
1145 896 1264 929 exstasi,
1284 907 1392 929 magno
1411 909 1477 924 cuni

90 939 222 974 suspirio
251 939 392 967 clamavit
418 940 448 966 in
467 940 541 966 haec
559 940 668 966 verba:
694 950 711 966 υ
737 940 821 972 virgo
845 940 953 972 Maria,
981 941 1022 966 ita
1046 940 1135 971 igitur
1159 945 1219 972 est,
1246 942 1327 973 quod
1353 948 1477 976 propter

88 985 145 1011 boc
164 994 218 1017 ego
237 995 317 1012 eram
337 985 570 1015 condemnatus3
591 988 621 1010 tu
641 983 716 1016 scis,
734 985 816 1017 quod
834 994 889 1016 ego
909 995 924 1011 a
943 995 990 1011 me
1009 984 1076 1020 ipso
1096 994 1153 1011 non
1173 986 1273 1014 habui.
1310 987 1476 1020 Statimque

88 1038 200 1056 vocans
228 1030 267 1056 ad
293 1039 325 1057 se
350 1029 480 1064 priorem
506 1028 746 1064 praedicatorum
771 1034 800 1056 et
819 1031 1021 1057 consessorem
1041 1030 1215 1057 monialium
1235 1036 1354 1058 sanctae
1373 1032 1475 1059 Clarae

87 1074 163 1102 dixit
188 1074 310 1109 publice
337 1084 436 1102 coram
463 1074 626 1108 praedictis
652 1078 679 1100 et
707 1073 774 1100 aliis
800 1074 1007 1107 adstantibus,
1042 1075 1123 1108 quod
1147 1076 1355 1102 comburerent
1379 1082 1475 1103 certas

87 1119 294 1147 conclusiones
319 1124 348 1146 et
376 1129 467 1145 unum
494 1123 652 1145 tractatum
679 1119 716 1144 de
741 1119 939 1153 conceptione
965 1119 1090 1150 virginis
1116 1119 1146 1146 in
1170 1125 1293 1154 peccato
1327 1120 1474 1154 originali,

85 1174 161 1198 quae
181 1164 245 1199 ipse
265 1164 410 1196 audierat,
431 1174 497 1190 cum
516 1168 595 1190 esset
616 1163 749 1189 studens.
786 1163 847 1190 Nisi
867 1164 975 1190 suisset
994 1164 1068 1191 alias
1088 1164 1217 1190 devotus
1236 1165 1345 1196 virgini
1363 1165 1474 1192 Mariae

84 1214 114 1236 et
131 1209 198 1244 ipsa
217 1208 316 1235 eidem
335 1209 543 1241 subvenisset,
570 1209 609 1235 ob
629 1208 685 1234 lioc
704 1212 765 1233 erat
785 1208 1001 1235 condunmatus
1020 1208 1050 1235 in
1070 1209 1174 1235 divino
1193 1209 1318 1243 jndicio,
1345 1210 1474 1243 ideoque

83 1255 148 1290 ipse
166 1253 291 1281 firmiter
309 1254 460 1286 credebat,
480 1253 577 1288 ipsam
592 1252 684 1279 fuisse
701 1257 876 1287 conceptam
894 1254 1008 1286 absque
1024 1253 1160 1285 originali
1177 1259 1309 1288 peccato,
1346 1259 1472 1281 Fuerunt

81 1303 237 1334 praeterea
257 1307 356 1325 coram
375 1298 454 1326 dicta
474 1298 589 1332 synodo
608 1297 773 1324 Basileensi
793 1307 809 1323 a
828 1298 930 1324 multis
956 1299 1092 1333 patribus
1116 1299 1196 1325 omni
1216 1300 1391 1333 acceptione
1410 1310 1473 1326 ma-

82 1345 196 1378 joribus
227 1344 403 1378 quamplura
435 1343 493 1370 alia
519 1344 557 1369 de
583 1343 638 1369 liae
665 1346 766 1369 sancta
794 1343 990 1378 conceptione
1015 1348 1133 1370 narrata
1159 1344 1301 1370 miracula
1327 1344 1417 1371 etiam
1442 1345 1472 1371 iu

82 1388 271 1416 sermonibus
290 1388 420 1423 publicis
440 1388 527 1415 sai-tis
547 1387 584 1413 de
603 1388 658 1413 hac
678 1386 896 1421 sollemnitate,
921 1389 975 1415 sed
995 1397 1054 1415 non
1073 1394 1134 1415 tam
1154 1398 1222 1415 cura
1242 1389 1397 1416 attendere
1415 1389 1473 1415 suit

80 1433 119 1460 ad
143 1433 196 1460 illa
218 1443 273 1460 nec
300 1433 434 1464 redigere
462 1433 491 1459 in
517 1431 647 1467 scriptis.
683 1431 763 1457 Illud
790 1437 888 1458 autem
908 1433 1088 1460 fiducialiter
1106 1433 1176 1460 licet
1203 1442 1352 1465 asserere,
1379 1434 1470 1466 qnod,

79 1488 147 1505 cum
165 1478 203 1505 de
221 1487 300 1505 anno
319 1478 434 1505 domini
453 1480 702 1505 MCCCCXXXIX
726 1476 841 1509 vigeret
867 1478 1041 1509 gravissima
1068 1478 1163 1513 pestis
1189 1478 1219 1504 in
1244 1478 1366 1505 civitate
1386 1478 1469 1505 Basi-

79 1523 188 1556 leensi,
214 1523 268 1549 ubi
286 1523 367 1550 dicta
387 1528 488 1550 sancta
508 1523 639 1556 synodus
661 1522 884 1554 celebrabatur,
911 1531 946 1549 eo
973 1523 1056 1557 ipso,
1083 1533 1142 1556 quo
1161 1523 1217 1549 suit
1237 1527 1339 1549 sancta
1359 1523 1396 1549 de
1416 1523 1470 1549 liae

79 1568 206 1595 materia
225 1568 379 1602 synodalis
405 1567 542 1595 definitio
569 1577 622 1602 per
641 1576 757 1593 sacrum
776 1567 934 1594 concilium
954 1568 1136 1595 declarando
1155 1568 1186 1594 in
1205 1577 1257 1594 sua
1277 1568 1416 1594 sollemni
1435 1578 1470 1595 ac

79 1613 201 1648 publica
219 1613 363 1646 sessione,
383 1613 549 1640 doctrinam
568 1612 655 1639 istam
676 1612 880 1644 disserentem,
900 1612 1059 1644 gloriosam
1080 1614 1135 1639 Dei
1153 1613 1326 1645 genitricem
1345 1613 1468 1640 Mariam

77 1668 231 1692 nunquam
250 1659 408 1685 actualiter
426 1657 611 1693 subjacuisse
637 1657 773 1689 originali
796 1661 937 1691 peccam,
962 1657 1016 1683 sed
1042 1657 1204 1685 immunem
1231 1667 1349 1692 semper
1372 1658 1467 1685 fuisse

78 1703 116 1730 ab
144 1703 281 1736 originali
307 1708 337 1730 et
360 1703 470 1730 actuali
496 1703 583 1737 culpa
608 1706 801 1735 sanctamque
829 1706 857 1728 et
884 1701 1106 1728 innn-'iculatain
1139 1707 1291 1736 tamquam
1321 1703 1403 1737 piam
1437 1709 1466 1730 et

77 1757 241 1775 consonam
254 1748 327 1775 fidei
340 1748 490 1783 publicae,
509 1752 607 1774 rectae
627 1746 735 1773 rationi
754 1751 784 1773 et
803 1755 902 1773 sacrae
922 1746 1086 1780 scripturae
1100 1748 1137 1774 ab
1156 1748 1294 1774 omnibus
1310 1748 1466 1776 catholicis

77 1793 307 1828 approbandam
325 1793 406 1826 fore,
425 1792 587 1820 tenendam
606 1797 635 1818 et
654 1791 909 1826 amplectendam,
929 1791 1003 1818 nulli
1024 1791 1062 1818 de
1082 1797 1199 1819 caetero
1217 1792 1282 1819 sore
1301 1793 1416 1821 licitum
1434 1794 1465 1820 in

76 1838 257 1866 contrarium
275 1837 449 1874 praedicare
468 1837 532 1865 sive
552 1838 674 1870 docere,
700 1836 873 1864 immediate
892 1841 1008 1870 patres,
1039 1837 1089 1870 qui
1108 1842 1190 1864 erant
1209 1837 1239 1864 in
1260 1839 1404 1872 concilim
1430 1850 1465 1867 ac

75 1887 139 1910 tota
164 1883 272 1911 civitas
298 1883 503 1919 experimento
528 1882 677 1918 palpabili
702 1881 827 1909 coelesti
854 1882 940 1915 qnasi
965 1881 1109 1908 miraculo
1138 1887 1293 1909 senserunt
1320 1883 1465 1911 auxilium

76 1927 198 1955 divinae
216 1928 450 1956 misericordiae.
466 1928 631 1961 -Equidem
650 1927 774 1954 remissa
794 1931 839 1953 est
857 1936 891 1953 ac
910 1927 1040 1954 cessavit
1059 1927 1175 1960 statim,
1203 1938 1279 1961 qnae
1302 1929 1464 1963 plurimum

75 1978 145 2000 ante
162 1975 309 2006 vexabat,
334 1972 527 2000 acerbissima
553 1972 657 2007 pestis.
694 1976 862 2003 Praeterea,
892 1981 983 2003 quum
1002 1971 1039 1997 de
1058 1972 1113 1999 hac
1132 1973 1269 2006 synodali
1288 1973 1464 2000 delinitione

75 2018 313 2052 quamplurimae
331 2019 434 2045 bullae
453 2017 612 2053 expeditae
631 2016 748 2042 fuerant
768 2020 797 2042 et
816 2016 855 2042 ad
873 2015 1010 2043 diversas
1037 2017 1141 2043 muudi
1161 2023 1261 2052 partes
1285 2018 1462 2051 destinatae,

75 2072 131 2097 per
149 2062 264 2089 litteras
282 2063 343 2089 fide
361 2063 465 2094 dignas
485 2061 683 2094 significatum
702 2065 748 2086 est
767 2061 797 2086 in
816 2060 946 2091 generali
965 2061 1206 2093 congregatione,
1234 2062 1316 2094 quod
1334 2062 1364 2087 in
1382 2062 1464 2096 prin-

75 2107 166 2142 cipali
184 2112 334 2134 conventu
352 2107 466 2134 ordinis
487 2104 723 2134 Cluniacensium
749 2107 903 2137 tempore,
927 2112 985 2136 quo
1011 2105 1084 2130 mibi
1108 2110 1298 2138 praesentata
1321 2105 1379 2132 suit
1404 2116 1462 2133 una

75 2162 112 2179 ex
131 2152 219 2179 dictis
238 2152 345 2185 bullis,
369 2157 431 2179 tam
458 2151 495 2178 de
521 2149 668 2182 religiosis
694 2158 782 2181 quam
806 2148 873 2174 aliis
899 2149 1036 2182 personis
1056 2149 1130 2175 dicti
1148 2154 1313 2176 conventus
1332 2149 1461 2176 infirma-

75 2197 185 2224 bantur
202 2197 241 2224 ‹le
267 2197 348 2224 dicta
373 2201 458 2232 peste
486 2195 570 2229 quasi
593 2197 678 2221 XXX
703 2202 849 2228 personae
876 2197 904 2219 et
924 2192 1040 2226 statim,
1068 2203 1134 2219 cum
1153 2193 1265 2220 dictam
1283 2194 1397 2221 bullam
1415 2204 1462 2221 re-

75 2247 235 2278 ceperunt,
260 2241 527 2278 processionaliter
551 2248 656 2271 magua
681 2248 747 2265 cum
771 2238 933 2265 devotione
959 2243 1081 2270 agentes
1106 2239 1215 2270 gratias
1235 2243 1296 2265 Deo
1322 2248 1376 2273 pro
1396 2239 1462 2274 ipsa

75 2288 279 2316 declaratione
305 2288 344 2314 ad
369 2286 490 2313 laudem
514 2289 691 2320 perpetuam
716 2283 840 2315 virginis
866 2283 1027 2316 gloriosae,
1061 2283 1112 2316 qui
1137 2284 1246 2311 infirmi
1272 2288 1342 2311 tnnc
1368 2291 1460 2317 erant,

75 2333 294 2361 convaluerunt
321 2331 511 2364 cessavitque
538 2329 646 2357 amodo
672 2328 703 2355 in
730 2328 811 2355 dicto
838 2332 989 2354 conventu
1014 2338 1068 2363 pro
1094 2329 1148 2355 illo
1174 2338 1252 2356 anno
1272 2329 1462 2363 pestilentiae

75 2379 211 2408 morbus.
253 2378 349 2405 Multa
375 2377 464 2404 etiam
491 2375 549 2403 alia
575 2375 680 2402 merito
707 2373 796 2405 digna
822 2372 979 2400 miratione
1005 2373 1044 2399 ad
1068 2374 1191 2405 gloriam
1216 2375 1355 2407 virginis,
1387 2385 1462 2408 quae

74 2424 261 2459 praedictam
280 2422 438 2455 veritatem
457 2421 649 2452 confirmant,
677 2418 814 2445 similiter
838 2419 875 2444 de
901 2419 956 2445 liac
982 2418 1062 2444 dicta
1085 2418 1181 2451 fuere,
1208 2420 1263 2446 sed
1289 2420 1462 2447 intentionis

74 2468 148 2502 snit,
174 2477 234 2495 non
259 2467 375 2499 omnia,
403 2466 458 2494 sed.
483 2476 519 2493 ex
544 2464 646 2492 multis
671 2464 770 2490 dicere
795 2473 906 2497 pauca,
932 2467 961 2490 et
988 2464 1030 2490 sic
1054 2465 1193 2492 omuibus
1218 2469 1349 2497 constat,
1381 2465 1463 2498 quod

75 2513 309 2546 singularissime
335 2516 414 2539 Deus
448 2511 526 2538 filius
560 2509 684 2542 virginis
714 2508 921 2535 beatissimam
952 2508 1125 2540 genitricem
1159 2518 1242 2536 suam
1274 2510 1462 2542 magnificare

75 2559 213 2591 dignatus
233 2563 277 2586 est
297 2556 494 2591 frequentatis
514 2554 679 2587 miraculis,
705 2563 781 2587 quae
807 2553 845 2579 de
871 2553 998 2579 veritate
1025 2558 1145 2580 sanctae
1168 2554 1373 2590 conceptionis
1392 2563 1462 2583 suae

76 2608 143 2632 sunit
163 2603 367 2633 testimonium
387 2600 501 2630 domini
519 2600 610 2629 fidele
631 2599 808 2635 sapientiam
826 2603 982 2633 praestans
1002 2598 1148 2634 parvulis.
