1742 3005
411 99 504 145 Lep.
540 95 639 131 vui.
700 95 756 132 De
790 101 919 131 sancto
952 91 1163 142 Stephano.
1427 95 1477 130 523

93 202 184 247 quod
219 199 457 245 blasphemum
493 202 593 234 extra
629 203 747 234 castra
773 199 1001 234 mandaverat
1027 199 1188 245 lapidari.
1262 198 1303 235 Et
1332 200 1380 233 iili
1409 200 1474 234 duo

92 268 170 302 salsi
188 271 308 309 testes,
337 267 395 311 qui
421 267 454 299 in
479 276 552 300 eum
579 267 723 310 primum
741 265 891 310 lapidem
916 267 1052 300 mittere
1076 265 1262 308 debebant,
1290 266 1474 300 secundum

90 334 201 379 legem
227 332 414 367 dicentem:
442 333 553 376 prima
567 340 687 365 manus
704 332 842 366 testium
858 331 1030 375 lapidabit
1048 336 1125 373 etc„
1154 335 1222 364 tum
1240 331 1473 375 deposuerunt

90 400 295 434 vestimenta
321 407 407 440 sua,
458 407 499 431 ne
526 396 619 430 illius
644 401 737 431 tactu
763 399 1072 441 coinquinarentur
1100 397 1154 430 vel
1182 401 1216 430 ut
1241 397 1282 430 ad
1312 397 1467 442 lapidan

89 464 166 498 dum
196 463 433 509 expeditiores
460 462 709 505 redderentur,
743 472 844 497 secus
871 461 978 506 pedes
1003 461 1256 503 adolescentis,
1286 465 1342 507 qui
1370 472 1470 496 voca

90 530 191 564 batur
216 528 343 564 Saulus
370 533 404 563 et
427 533 551 573 postea
577 532 719 561 vocatus
752 531 805 561 est
845 526 984 561 Paulus.
1051 528 1115 568 Qui
1143 528 1219 561 duni
1246 528 1471 572 lapidantium

90 597 294 630 vestimenta
317 593 527 634 custodiret,
576 597 611 626 et
635 604 675 627 eo
711 592 801 637 quod
830 592 873 626 ad
900 592 1123 637 lapidandum
1150 604 1210 627 eos
1236 593 1471 638 expeditiores

88 661 269 701 redderet,
318 660 417 704 quasi
445 668 546 693 manu
570 660 718 692 oxnnium
743 658 925 702 lapidavit.
990 659 1070 693 Cum
1097 665 1210 694 autem
1236 670 1296 694 eos
1323 669 1384 693 nec
1411 671 1471 704 pie

87 727 172 762 dore
198 735 260 760 nec
283 726 406 760 timore
432 735 453 758 a
477 729 574 759 tanta
600 728 722 769 posset
747 725 902 768 nequitia
930 724 1129 767 retrahere,
1172 727 1308 759 tertium
1336 725 1471 759 modum

87 792 264 835 adhibuit,
312 796 350 826 ut
377 791 499 826 saltem
529 802 589 826 eos
616 800 733 824 amore
759 794 946 825 coerceret.
1017 792 1070 825 An
1096 803 1162 825 nou
1195 793 1340 826 eximius
1377 802 1473 825 autor

88 860 172 902 suit⁷
203 869 302 904 quem
328 859 371 892 iis
399 857 572 898 ostendit,
609 857 771 901 quoniam
797 866 859 900 pro
886 866 922 890 se
952 860 985 890 et
1010 868 1072 901 pro
1102 858 1188 902 ipsis
1215 859 1358 892 oravit?
1405 857 1471 892 Pro

86 936 124 960 se
153 924 290 970 quidem
315 925 450 966 oravit,
477 934 518 958 ne
544 932 607 956 sua
637 924 756 967 passio
783 921 1054 967 prolongaretur
1080 927 1113 957 et
1140 925 1189 956 sic
1216 925 1280 968 ipsi
1307 926 1355 957 rei
1382 934 1470 956 noxa

87 992 209 1036 majori
233 993 454 1031 tenerentur,
502 1000 564 1033 pro
590 989 676 1032 ipsis
703 992 814 1022 autem
841 989 978 1030 oravit,
1007 999 1048 1023 ne
1075 990 1116 1023 iis
1142 988 1206 1023 hoc
1235 991 1267 1023 in
1295 994 1469 1034 peccatum

85 1059 324 1102 imputaretur.
371 1053 616 1099 Lapidahant,
652 1055 784 1099 inquit,
813 1053 1026 1098 Stephanum
1050 1056 1266 1090 invocantem
1296 1059 1329 1089 et
1354 1055 1469 1089 dicen*

83 1126 172 1158 tem:
218 1122 362 1158 Domine
393 1121 477 1157 Jesu
500 1122 619 1165 accipe
646 1121 803 1164 spiritum
829 1129 950 1154 meum.
1027 1120 1155 1155 Positis
1183 1126 1294 1155 autem
1322 1120 1469 1163 ⁸‘genibus

81 1188 245 1223 clamavit
269 1198 351 1222 voce
375 1196 505 1233 magna
529 1185 666 1220 dicens:
701 1185 837 1220 domine
863 1196 904 1220 ne
930 1190 1065 1220 statuas
1094 1187 1162 1220 illis
1192 1190 1253 1222 noe
1280 1193 1470 1232 pem-satum,

84 1256 167 1300 quia
195 1255 230 1299 ¹)
254 1255 414 1289 nesciunt
440 1251 533 1299 quod
559 1251 701 1286 faciunt.
772 1250 815 1286 Et
841 1250 921 1286 vide
947 1261 1097 1287 amorem
1126 1254 1340 1296 mirabilem,
1390 1257 1472 1299 quia

84 1320 217 1355 orando
252 1330 315 1365 pro
348 1330 386 1354 se
417 1320 535 1359 stetit,
584 1317 717 1351 orando
744 1328 806 1362 pro
839 1318 911 1351 suis
938 1317 1195 1361 lapidatoribus
1221 1330 1338 1365 genua
1363 1319 1470 1359 flexit,

85 1386 186 1431 quasi
210 1385 288 1430 plus
311 1386 525 1425 orationem,
560 1392 659 1427 quain
687 1392 750 1426 pro
783 1383 870 1426 ipsis
897 1382 1069 1426 faciebat,
1098 1394 1198 1429 quam
1224 1385 1342 1428 illam,
1370 1394 1468 1429 quam

84 1463 148 1497 pro
174 1462 212 1486 se
237 1449 456 1492 effundebat,
492 1453 635 1494 cuperet
660 1446 830 1482 exaudiri.
880 1447 945 1482 Pro
973 1450 1058 1493 ipsis
1086 1454 1199 1485 autem
1226 1452 1343 1495 potius
1369 1459 1469 1495 quam

83 1528 146 1562 pro
172 1527 210 1552 se
237 1525 352 1562 genua
377 1515 493 1556 flexit,
536 1515 639 1558 quia,
676 1517 712 1547 ut
738 1512 819 1546 dicit
847 1512 973 1548 Glossa
1000 1514 1150 1557 ibidem,
1189 1527 1333 1560 quorum
1361 1517 1472 1560 majffl·

82 1584 249 1628 iniquitas
284 1582 396 1626 majus
428 1579 649 1624 supplicandi
686 1578 872 1614 remedium
908 1580 1122 1623 postulabat.
1197 1580 1234 1615 ln
1270 1580 1334 1615 hoe
1368 1582 1470 1614 etiam

83 1649 205 1682 martir
229 1646 401 1682 Christum
427 1646 580 1679 imitatus
606 1649 671 1688 est,
699 1647 757 1690 qui
783 1647 816 1679 in
842 1647 1006 1690 passione
1037 1657 1099 1680 sua
1124 1658 1187 1692 pro
1216 1658 1253 1681 se
1278 1648 1391 1680 oravit
1419 1646 1468 1680 di—

81 1724 183 1749 cens:
231 1716 332 1759 pater
356 1713 390 1746 in
414 1721 533 1746 manus
559 1715 637 1745 tuas
661 1711 860 1746 commendo
887 1714 1045 1757 spiritum
1073 1724 1202 1755 meum,
1252 1717 1285 1748 et
1309 1724 1372 1757 pro
1399 1714 1470 1746 suis

81 1778 344 1814 crucifixoribus
370 1777 506 1813 dicens:
541 1782 642 1822 pater
667 1780 810 1824 ignosce
836 1778 905 1812 illis
931 1782 994 1813 etc.
1044 1777 1087 1813 Et
1113 1789 1187 1813 eum
1216 1778 1280 1816 hoc
1309 1778 1469 1819 dixisset,

81 1845 292 1880 obdormivit
315 1845 349 1878 in
375 1843 525 1878 domino.
593 1842 739 1878 Glossa:
775 1843 919 1889 pulchre
947 1844 1071 1878 dictum
1095 1849 1167 1888 est,
1203 1844 1410 1884 obdormiit,
1438 1847 1472 1878 et

82 1921 172 1954 non,
208 1914 362 1945 mortuus
389 1913 461 1952 est,
489 1911 571 1955 quia
596 1908 723 1943 obtulit
746 1910 950 1944 saci-ilicium
976 1910 1174 1946 dilectionis
1201 1915 1235 1946 et
1261 1910 1473 1945 obdormivit

81 1978 117 2010 in
151 1987 214 2021 spe
250 1976 516 2011 resurrectionis
598 1974 708 2009 Facta
739 1979 792 2010 est
818 1979 935 2015 autem
959 1976 1130 2021 lapidatio
1156 1977 1326 2022 Stephani
1351 1975 1471 2011 eodem

81 2053 192 2084 anno,
219 2052 286 2087 quo
308 2040 465 2075 dominus
492 2040 668 2084 ascendit,
695 2043 730 2075 in
756 2043 914 2086 proximo
943 2053 1060 2077 mense
1086 2044 1258 2089 Augusti,
1284 2044 1390 2077 tertia
1415 2041 1471 2075 die

81 2110 246 2142 intrante.
292 2106 440 2141 Sanctus
467 2117 548 2142 vero
572 2105 742 2142 Gamaliel
768 2111 802 2142 et
829 2107 1050 2151 Nicodemus,
1077 2110 1136 2154 qui
1163 2112 1262 2144 erant
1289 2119 1352 2153 pro
1377 2106 1469 2142 chri-

81 2174 205 2208 stianis
239 2174 275 2206 in
310 2172 467 2206 omnibus
503 2172 659 2207 consiliis
693 2172 928 2215 ,Iudaeoruin‚
979 2174 1194 2219 sepelierunt
1220 2176 1355 2210 eumin
1381 2183 1469 2218 agro

81 2240 192 2284 ipsius
217 2237 419 2274 Gamalielis
456 2243 491 2273 et
516 2238 672 2274 fecerunt
697 2239 870 2284 planctum
903 2249 1065 2285 magnum
1088 2251 1195 2285 super
1216 2252 1291 2276 eum
1320 2244 1355 2275 et
1378 2240 1472 2273 sacta

82 2307 137 2338 est
161 2313 288 2349 magna
311 2305 508 2348 persecutio
533 2303 821 2348 christianorum,
851 2307 909 2351 qui
935 2310 1035 2340 erant
1059 2307 1093 2340 in
1119 2306 1360 2347 Jherusalem,
1388 2306 1470 2349 quia

83 2370 198 2402 occiso
221 2367 326 2402 beato
353 2368 553 2414 Stephano,
579 2381 646 2404 uno
677 2371 718 2405 de
745 2371 982 2416 principibus,
1009 2372 1099 2405 alios
1123 2375 1281 2417 graviter
1305 2371 1469 2415 persequi

82 2437 293 2487 coeperunt,
326 2435 361 2466 in
383 2437 515 2468 tantum
541 2435 633 2479 quod
657 2447 776 2471 omnes
801 2436 982 2470 christiani
1009 2441 1149 2480 praeter
1172 2436 1372 2481 apostolos,
1410 2436 1468 2479 qui

81 2503 181 2534 erant
205 2499 354 2534 caeteris
381 2498 567 2541 fortiores,
600 2511 663 2544 per
687 2505 794 2535 totam
819 2501 1030 2536 ,Iudaeorum
1057 2502 1269 2546 provinciam
1294 2504 1374 2535 sunt
1397 2500 1468 2534 dis-

81 2566 189 2610 persi,
211 2566 315 2610 juxta
342 2564 433 2609 quod
460 2563 617 2598 dominus
642 2569 873 2610 praeceperat
900 2567 963 2600 iis:
999 2568 1029 2600 si
1054 2577 1116 2600 vos
1143 2568 1313 2611 persecuti
1341 2566 1468 2602 suerint

167 2711 195 2742 1)
214 2709 266 2739 Ed,
286 2713 328 2739 l'r.
342 2710 458 2745 omittit
479 2711 587 2737 verba:
626 2721 641 2743 q
653 2721 668 2736 n
681 2711 687 2737 i
699 2720 711 2736 (ι
736 2724 762 2729 —-
785 2710 818 2735 sn
831 2720 845 2735 ‹-
856 2711 888 2737 ιίι
900 2721 915 2736 n
926 2716 945 2737 t.
