1742 3005
207 85 303 134 Cap.
335 73 490 120 XXVII.
552 83 610 120 De
639 90 772 121 sancto
802 81 977 121 Johanne
1004 83 1319 122 Eleemosinario.
1404 86 1481 124 127

95 193 222 224 terunt.
272 188 400 224 Volens
425 187 581 223 homines
607 187 652 222 ad
676 187 921 223 eleemosinam
947 190 1095 223 invitare
1119 198 1264 224 narrare
1288 194 1480 227 consuevit.

97 254 190 301 qnod
213 253 429 299 pauperibus
461 254 566 289 semel
593 264 631 289 se
659 254 702 288 ad
729 254 836 290 solem
863 255 1152 290 calefacientibus
1177 261 1366 300 coeperunt
1393 259 1481 291 iuvi-

96 331 167 356 cem
193 321 235 356 de
261 320 610 356 eleemosinatoribus
634 320 793 355 conferre
820 324 853 355 et
879 320 990 355 bonos
1014 321 1216 357 collaudare
1241 326 1275 357 et
1296 323 1407 358 malos
1428 326 1479 359 vi-

97 392 271 432 tuperare.
299 385 385 420 Erat
411 390 524 420 autem
551 386 690 432 quidam
714 386 929 420 telonearius
955 388 1090 421 nomine
1109 386 1245 429 Petrus,
1265 388 1362 424 dives
1380 390 1480 426 valde

97 458 131 487 vt
156 457 389 498 praepotens,
415 452 477 486 sed
504 453 603 486 nimis
628 451 842 496 pauperibus
866 452 1133 494 immisericors,
1168 455 1249 497 quia
1277 455 1323 488 ad
1346 455 1480 491 domum

97 528 195 553 suam
219 518 424 553 accedentes
449 527 523 550 eum
548 516 789 561 indignatione
813 518 919 550 nimia
946 517 1149 562 repellebat.
1186 518 1268 552 Cum
1295 530 1380 566 ergo
1405 524 1481 557 nul-

96 585 150 619 lus
175 584 311 618 illorum
336 584 495 616 inventus
520 581 664 623 fuisset,
701 583 759 627 qui
781 584 815 616 in
843 582 944 616 domo
969 592 1034 616 sua
1057 583 1303 619 eleemosinam
1327 590 1482 632 recepis—

97 654 170 691 set,
204 659 291 682 unus
314 648 451 682 illorum
477 647 583 682 dixit:
618 647 700 693 quid
727 648 830 682 vultis
854 647 935 682 mihi
961 647 1066 690 dare,
1091 651 1121 683 si
1147 660 1214 696 ego
1240 650 1344 687 hodie
1369 653 1413 687 ab
1440 665 1481 689 eo

96 715 339 749 eleemosinam
363 715 560 758 accipiam?
606 712 651 748 Et
677 713 884 749 facientibus
911 724 985 748 cum
1013 725 1055 748 eo
1081 719 1217 759 pactum
1244 716 1379 752 domum
1405 721 1481 764 eJus

96 782 190 815 venit
213 784 247 816 et
271 780 515 815 eleemosinam
540 779 742 824 postulavit.
769 781 815 814 At
839 780 898 814 ille
925 779 1060 814 domum
1085 786 1264 817 revertens
1291 788 1324 818 et
1349 795 1480 830 paupe-

97 856 166 880 rem
191 856 276 891 prae
306 846 438 880 foribus
465 845 597 887 videns,
621 855 696 879 cum
720 847 925 890 mancipium
950 846 1026 890 ejus
1052 856 1161 890 panes
1186 848 1338 894 siliginis
1360 852 1392 884 in
1418 851 1481 885 do-

96 923 184 946 mum
217 912 389 954 deferret,
437 911 496 945 ille
529 910 680 955 lapidem
708 922 774 945 non
800 913 979 946 inveniens
1006 922 1130 956 panem
1156 913 1308 959 siliginis
1335 919 1482 961 arripuit

96 982 131 1011 et
153 987 228 1011 cum
256 977 372 1012 furore
399 976 478 1012 inde
504 987 578 1011 eum
605 979 797 1022 percussit,
841 987 940 1022 quem
967 979 1125 1022 protinus
1153 981 1325 1024 arripiens
1347 993 1482 1028 pauper

96 1043 142 1077 ad
167 1044 283 1077 socios
305 1043 411 1078 rediit
435 1047 489 1085 et,
517 1042 609 1087 quod
634 1042 676 1077 de
701 1054 802 1077 manu
829 1043 1074 1078 eleemosinam
1101 1048 1256 1091 aceepit,
1303 1048 1480 1085 indicavit.

94 1107 180 1143 Post
203 1108 291 1144 duos
319 1109 393 1144 dies
428 1109 618 1144 infirmatus
649 1109 694 1143 ad
730 1113 873 1144 mortem
906 1109 992 1144 vidit
1027 1122 1065 1146 se
1091 1117 1171 1147 ante
1191 1112 1359 1157 judicium
1385 1120 1480 1151 stare

94 1178 130 1209 et
151 1174 297 1210 Mauros
322 1174 491 1221 quosdam
515 1185 621 1220 super
643 1179 809 1210 stateram
836 1177 912 1221 ejils
937 1177 1029 1211 mala
1053 1178 1274 1223 appendere,
1299 1190 1341 1215 ex
1369 1182 1482 1217 altera

94 1244 208 1276 autem
233 1245 333 1287 parte
358 1246 514 1277 staterae
540 1241 678 1287 quidam
707 1242 862 1276 dealbati
885 1244 1004 1277 tristes
1033 1244 1194 1287 stabant,
1241 1256 1282 1280 eo
1311 1247 1404 1292 quod
1427 1250 1480 1282 ni-

93 1306 164 1350 hil,
212 1307 305 1352 quod
332 1307 379 1341 ibi
405 1312 641 1352 apponerent,
690 1309 846 1343 invenire
879 1307 1055 1344 valebant.
1128 1309 1224 1344 Tunc
1250 1322 1336 1346 unus
1362 1323 1479 1348 eorum

96 1368 203 1407 dixit:
240 1384 321 1408 vere
348 1372 433 1407 nihil
458 1372 650 1416 hahemus,
686 1374 752 1408 nisi
779 1384 880 1407 unum
904 1383 1027 1418 panem
1055 1375 1229 1421 siliginis,
1273 1388 1372 1422 quem
1400 1384 1480 1415 ante

96 1439 183 1474 duos
210 1438 284 1474 dies
311 1438 450 1473 Christo
476 1438 570 1473 dedit
594 1444 759 1481 coactus;
809 1450 909 1484 quem
939 1439 1016 1473 dum
1049 1450 1155 1485 super
1180 1446 1347 1478 stateram
1371 1456 1481 1490 pone-

96 1509 184 1547 rent,
211 1505 421 1550 aequalitas,
448 1507 485 1538 ut
510 1504 578 1538 sibi
603 1504 807 1546 videbatur,
835 1505 929 1539 sacta
951 1509 1015 1540 est.
1063 1505 1232 1541 Dixerunt
1257 1510 1309 1543 ei:
1343 1511 1481 1557 adauge

94 1570 140 1605 ad
165 1570 340 1616 siliginem
366 1569 466 1612 hanc,
495 1570 651 1616 alioquin
675 1574 710 1605 te
735 1570 851 1605 Mauri
877 1569 1150 1615 apprehendent.
1194 1572 1394 1620 Evigilatus
1419 1587 1481 1613 au-

95 1640 162 1671 tem
190 1640 224 1671 et
246 1635 417 1671 liberatus
446 1636 603 1671 dicebat:
637 1645 773 1681 papae,
808 1638 838 1670 si
863 1646 932 1670 una
956 1637 1082 1682 siligo,
1116 1649 1218 1683 quam
1241 1651 1305 1685 per
1330 1641 1479 1677 furorem

90 1703 246 1748 Jactavi‚
278 1703 327 1736 ita
351 1701 502 1747 profuit,
537 1706 666 1748 quanto
690 1704 804 1748 magis
830 1703 945 1736 omnia
970 1713 1034 1738 sua
1061 1704 1299 1751 indigentibus
1323 1707 1478 1755 elargiri.

95 1768 251 1809 Quadam
274 1769 382 1814 igitur
403 1767 460 1802 die
483 1777 557 1802 eum
584 1769 723 1813 optimis
750 1767 906 1802 vestibus
928 1769 1072 1805 indutus
1098 1781 1162 1815 per
1190 1772 1278 1806 viam
1303 1779 1480 1820 pergeret,

94 1835 234 1881 quidam
255 1833 449 1880 naufragus
475 1833 518 1868 ab
544 1844 586 1869 eo
615 1836 852 1870 vestimentum
880 1834 1023 1880 aliquod
1048 1837 1271 1882 postulabat,
1319 1842 1480 1875 continuo

93 1901 153 1936 ille
177 1902 333 1946 pretioso
358 1901 566 1936 vestimento
591 1911 630 1935 se
657 1900 870 1945 exspoliavit
894 1905 928 1935 et
953 1901 1004 1935 illi
1029 1901 1136 1938 dedit.
1207 1904 1306 1945 Quod
1333 1906 1392 1941 ille
1422 1917 1480 1941 ac-

93 1968 226 2012 cipiens
260 1968 377 2001 statim
411 1966 577 2002 vendidit.
653 1967 736 2001 Cum
771 1970 886 2001 autem
920 1967 1135 2003 telonearius
1160 1969 1292 2004 rediret
1315 1975 1349 2006 et
1375 1975 1479 2007 vesti-

95 2036 243 2067 mentum
267 2042 472 2077 suspensum
497 2033 652 2076 videret,
681 2033 907 2067 contristatus
935 2037 988 2068 est
1016 2034 1141 2079 valde,
1168 2036 1257 2070 adeo
1283 2040 1320 2070 ut
1344 2048 1407 2072 nee
1432 2040 1480 2073 ci-

96 2098 175 2133 bum
203 2108 339 2133 sumere
364 2098 472 2134 vellet
494 2097 632 2134 dicens:
664 2099 827 2144 quoniam
853 2109 922 2132 non
948 2098 995 2133 fui
1021 2099 1170 2146 dignus,
1196 2106 1234 2136 ut
1261 2104 1328 2138 mei
1352 2114 1480 2139 memo-

95 2166 182 2199 riam
206 2163 353 2199 haheret
376 2174 520 2211 egenus.
566 2164 612 2200 Et
637 2175 716 2200 eece
741 2164 820 2199 dum
845 2165 1031 2209 dormiret,
1057 2167 1144 2201 vidit
1172 2168 1352 2213 quemdam
1376 2180 1482 2215 super

96 2229 205 2264 solem
230 2229 420 2276 fulgentem
443 2235 479 2265 et
501 2241 608 2277 super
631 2235 737 2276 caput
761 2241 894 2266 crucem
922 2232 1088 2267 ferentem
1115 2237 1150 2268 et
1176 2232 1379 2277 habentem,
1427 2237 1479 2269 in-

97 2294 214 2328 dutum
238 2296 490 2338 vestimentum,
517 2297 610 2342 quod
635 2297 781 2332 dederat
806 2309 931 2344 egeno,
957 2303 991 2332 et
1016 2298 1154 2334 dicebat
1179 2299 1266 2333 sibi:
1295 2301 1377 2344 quid
1403 2301 1480 2345 plo-

97 2370 155 2395 ras
179 2359 310 2395 Petre?
358 2361 423 2400 Qui
447 2372 519 2396 cum
545 2373 684 2397 causam
711 2374 796 2398 suae
821 2366 986 2398 tristitiae
1021 2364 1089 2397 sibi
1114 2365 1279 2406 dixisset,
1327 2366 1388 2400 ille
1413 2368 1478 2400 ait:

96 2427 281 2471 cognoscis
305 2425 400 2461 hoc?
446 2425 490 2461 Et
515 2428 592 2463 ille:
631 2430 734 2464 etiam
761 2429 909 2464 domine.
956 2428 1002 2463 Et
1026 2429 1183 2463 dominus
1207 2429 1251 2462 ad
1276 2440 1371 2464 eum:
1418 2431 1480 2466 illo

96 2501 164 2537 ego
190 2492 342 2534 vestior,
394 2502 437 2527 ex
463 2503 531 2538 quo
552 2492 634 2527 mihi
660 2493 808 2537 dedisti,
857 2498 891 2529 et
915 2494 1051 2540 gratias
1076 2504 1145 2540 ago
1170 2494 1284 2530 honae
1311 2496 1479 2532 voluntati

94 2562 189 2599 tuae,
216 2559 378 2603 quoniam
404 2558 537 2604 frigore
562 2558 751 2603 affligebar
777 2563 811 2594 et
835 2560 1051 2604 cooperuisti
1078 2570 1142 2595 me.
1186 2560 1223 2595 In
1247 2571 1285 2596 se
1312 2571 1397 2608 ergo
1424 2573 1478 2598 re-

97 2633 218 2657 versus
241 2625 359 2668 coepit
383 2633 516 2669 egenos
542 2623 743 2659 beatificare
768 2634 808 2659 ac
832 2624 964 2660 dicere:
999 2626 1084 2660 vivit
1109 2625 1286 2670 dominus,
1313 2638 1382 2662 non
1406 2639 1478 2662 mo-

99 2689 189 2731 riar,
213 2688 323 2725 donec
349 2689 426 2724 fiam
449 2700 537 2724 unus
562 2700 604 2725 ex
631 2691 684 2725 iis.
721 2689 814 2726 Dans
840 2700 926 2737 ergo
949 2690 1174 2737 pauperibus,
1201 2702 1290 2739 quae
1313 2692 1477 2736 babebat,
