1742 3005
301 102 398 155 Cap.
432 99 549 139 CXL.
607 101 667 139 De
697 107 828 138 sancto
859 100 1054 139 Matthaeo
1082 101 1272 153 apostolo,
1399 103 1479 142 623

88 207 150 252 ‘qui
177 206 227 240 ita
252 204 409 239 homines
434 205 509 239 suis
536 203 671 238 artibus
697 204 964 248 dementabant,
1002 208 1058 248 ut,
1086 216 1313 252 quoscunque
1337 207 1480 250 vellent,

93 270 320 306 membrorum
353 269 470 305 officio
509 274 543 305 et
569 271 721 305 sanitate
753 271 895 315 privare
930 271 1142 306 viderentur.
1192 273 1256 312 Qui
1289 275 1324 308 in
1350 278 1481 309 tantam

93 336 294 382 snperbiam
321 340 530 381 eruperunt,
564 340 601 370 ut
627 346 665 370 se
691 337 789 381 quasi
816 336 909 370 Deos
936 336 979 370 ab
1006 337 1203 372 hominibus
1233 339 1390 374 facerent
1414 340 1478 374 ad-

93 403 203 439 orari.
250 401 453 437 Matthaeus
479 405 592 436 autem
626 402 808 446 apostolus
842 401 1056 446 praedictam
1089 404 1264 438 civitatem
1297 406 1482 450 ingressus

94 470 129 502 et
165 467 259 513 apud
291 467 482 502 eunuchum
516 467 687 501 Candacis
722 467 887 511 reginae,
925 468 1072 511 ¹)quem
1106 467 1287 512 Philippus
1323 470 1484 513 baptiza-

94 537 212 575 verat,
249 532 448 577 hospitatus
482 534 531 566 ita
554 542 733 577 magorum
760 533 957 576 praestigia
982 531 1193 577 detegebat,
1233 533 1345 578 quod,
1378 534 1481 578 quid-

94 598 185 644 quid*
211 599 281 642 ipsi
311 597 489 631 faciebant
518 596 717 630 hominibus
754 597 786 630 in
821 598 1027 641 perniciem,
1062 596 1128 632 hoc
1160 600 1237 643 ipse
1262 603 1484 634 converteret

93 665 128 697 in
153 663 312 697 salutem.
359 661 528 696 Eunucho
554 666 668 696 autem
693 666 849 696 sanctum
873 662 1088 697 Matthaeum
1114 665 1368 710 interrogante,
1395 675 1482 710 quo-

93 728 194 763 modo
219 731 273 762 tot
295 727 436 773 linguas
462 727 666 773 loqueretur
691 733 724 762 et
751 728 987 774 intelligeret,
1023 732 1185 774 exposuit
1211 732 1243 765 ei
1267 730 1483 772 Matthaeus,

93 794 187 841 quod
218 795 344 839 spiritu
380 797 502 828 sancto
535 793 769 828 descendente
804 796 952 827 omnium
987 794 1184 841 linguarum
1220 797 1400 830 scientiam
1426 807 1482 830 re-

93 862 264 906 perisset,
289 863 346 901 ut,
373 860 463 893 sicut
489 859 561 902 illi,
597 861 653 904 qui
686 870 749 904 per
782 861 982 905 superbiam
1008 862 1127 894 turrim
1154 871 1265 906 usque
1290 862 1324 894 in
1349 861 1482 895 coelum

92 925 281 961 aedificare
315 924 503 967 volebant,
547 935 631 970 prae
670 926 877 960 confusione
918 926 1116 971 linguarum
1154 926 1197 959 ab
1240 925 1483 960 aedificatione

91 994 337 1032 cessaverunt,
374 992 425 1024 sic
459 991 614 1035 apostoli
647 1001 711 1036 per
740 993 888 1026 oninium
922 992 1118 1037 linguarum
1152 993 1331 1026 scientiam
1363 993 1482 1025 turrim

91 1068 159 1092 non
185 1057 229 1092 de
255 1056 454 1102 lapidibus,
486 1056 548 1091 sed
583 1056 627 1091 de
660 1057 849 1091 virtutibus
875 1061 1099 1099 construant,
1134 1068 1198 1102 per
1222 1067 1323 1102 quam
1350 1067 1483 1098 omneS,

37 1168 41 1169 ⁷
77 1124 152 1169 ,qui
177 1122 411 1165 crediderint,
449 1123 483 1157 in
510 1122 645 1157 coelum
681 1122 907 1157 adscendunt.
958 1123 1057 1158 Tunc
1093 1125 1207 1164 venit,
1244 1124 1303 1168 qui
1337 1122 1483 1164 diceret,

90 1199 214 1235 magos
243 1188 325 1223 illos
351 1198 426 1222 cum
451 1187 588 1223 duobus
618 1188 805 1223 advenisse
835 1189 1059 1232 draconibus,
1095 1190 1153 1234 qui
1188 1191 1303 1235 ignem
1337 1187 1484 1233 sulphu-

91 1266 186 1291 reum
223 1265 266 1290 ex
301 1264 362 1289 ore
404 1258 439 1289 ct
481 1254 625 1289 naribus
663 1260 865 1290 evomentes
897 1260 1040 1289 cunctos
1074 1254 1234 1289 homines
1269 1254 1482 1295 occiderent,

89 1320 273 1366 apostolus
306 1323 420 1354 autem
453 1322 558 1366 signo
592 1324 705 1357 crucis
742 1332 781 1357 se
828 1324 983 1356 muniens
1020 1320 1066 1355 ad
1104 1331 1165 1355 eos
1201 1330 1323 1355 secure
1361 1320 1483 1356 exivit.

92 1386 199 1427 Quem
231 1396 310 1419 mox
341 1389 379 1419 ut
409 1385 581 1420 dracones
615 1387 798 1429 viderunt,
833 1391 913 1422 ante
949 1387 1026 1432 ejus
1057 1386 1166 1431 pedes
1202 1387 1362 1430 protinus
1399 1385 1482 1420 dor-

91 1454 239 1486 mierunt
269 1450 427 1495 dixitque.
454 1452 586 1497 magis:
624 1456 659 1486 et
691 1452 752 1486 ubi
786 1457 839 1487 est
873 1463 931 1487 ars
964 1453 1111 1487 vestra?
1149 1453 1300 1486 excitate
1335 1462 1417 1493 eos,
1451 1452 1481 1485 si

90 1518 260 1564 potestis;
295 1526 362 1562 ego
388 1520 523 1559 autem,
559 1518 628 1551 nisi
654 1517 825 1552 dominum
852 1528 1055 1564 rogassem,
1085 1517 1178 1563 quod
1206 1518 1240 1551 in
1266 1528 1319 1552 ine
1344 1518 1482 1563 cogita-

90 1585 223 1619 veratis
249 1582 401 1625 inferre,
439 1583 473 1617 in
508 1593 570 1618 vos
603 1585 763 1628 protinus
792 1586 1033 1621 retorsissem.
1081 1584 1163 1618 Cum
1191 1586 1304 1618 autem
1331 1582 1482 1628 populus

91 1650 334 1691 convenisset,
368 1650 402 1682 in
438 1650 575 1684 nomine
599 1648 684 1684 Jesu
710 1650 943 1692 draconibus,
979 1654 1017 1684 ut
1049 1648 1207 1691 abirent,
1244 1650 1425 1694 praecepit
1448 1652 1482 1683 et

89 1715 218 1750 nullum
244 1715 427 1751 laedentes
453 1717 614 1761 protinus
639 1715 813 1759 abierunt.
863 1715 989 1761 Coepit
1005 1726 1141 1761 quoquc
1157 1716 1287 1760 populo
1306 1716 1350 1750 de
1364 1716 1482 1762 gloria

88 1780 251 1826 paradisi
283 1783 464 1817 terrestris
499 1792 659 1828 magnum
695 1791 888 1816 sermonem
924 1785 1113 1816 contexere
1148 1791 1332 1823 asserens,
1368 1783 1480 1826 ipsum

88 1847 248 1882 omnibus
269 1848 443 1882 montibus
460 1849 612 1884 eminere
626 1852 661 1883 et
678 1849 870 1893 proximum
889 1847 989 1882 coelo
1010 1857 1101 1889 esse,
1128 1848 1249 1892 spinas
1263 1847 1480 1882 veltribulos

86 1912 137 1948 ibi
160 1924 230 1948 non
255 1923 358 1956 esse,
382 1913 460 1948 lilia
483 1914 539 1949 vel
564 1924 666 1948 rosas
685 1914 732 1948 ibi
750 1925 819 1948 non
838 1924 1069 1956 marcescere,
1095 1917 1308 1948 senectutem
1333 1913 1381 1947 ibi
1409 1924 1479 1947 non

88 1980 240 2020 evenire,
266 1978 329 2013 sed
353 1978 512 2027 homiues
532 1979 581 2014 ihi
601 1981 753 2025 juvenes
774 1990 913 2025 semper
937 1990 1088 2021 manere,
1116 1979 1321 2025 angelorum
1342 1989 1480 2024 organa

86 2042 218 2078 ibidem
248 2052 399 2084 sonare,
446 2054 531 2079 aves
570 2049 714 2079 vocatas
748 2046 911 2079 continuo
956 2045 1115 2079 obedire.
1162 2044 1213 2078 De
1256 2043 1322 2078 hoc
1363 2048 1478 2077 autem

86 2107 257 2154 paradiso
297 2109 460 2142 terrestri
502 2108 590 2142 dixit
631 2109 802 2142 hominem
837 2109 984 2153 ejectum
1019 2118 1119 2148 esse,
1153 2107 1214 2142 sed
1249 2118 1314 2151 per
1346 2107 1479 2141 Christi

86 2175 306 2209 nativitatem
331 2173 365 2206 in
391 2172 592 2217 paradisum
620 2173 808 2208 coelestem
836 2177 1033 2218 revocatum
1060 2172 1182 2207 fuisse.
1229 2170 1271 2206 Et
1297 2182 1370 2206 cum
1389 2171 1478 2207 haec

86 2239 219 2285 populo
245 2239 468 2283 loqueretur,
503 2247 584 2273 ecce
610 2238 726 2272 subito
750 2239 917 2273 tumultus
945 2242 1088 2273 exortus
1115 2242 1187 2281 est,
1221 2239 1257 2271 in
1285 2248 1353 2283 quo
1378 2240 1477 2284 regis

87 2305 180 2339 tilius
205 2308 361 2338 mortuus
386 2303 634 2349 plangebatur.
682 2304 788 2344 Quem
810 2314 883 2338 eum
910 2305 1003 2350 magi
1028 2305 1202 2338 susc-itare
1225 2314 1293 2338 non
1317 2307 1476 2348 possent,

87 2369 285 2405 suadebant
311 2370 399 2415 regi,
428 2369 522 2415 quod
547 2370 582 2404 in
608 2369 758 2404 Deorum
784 2371 996 2404 consortium
1022 2374 1143 2415 raptus
1169 2369 1307 2412 fuisset,
1334 2374 1369 2404 ct
1393 2369 1475 2403 ideo

87 2435 307 2470 simulacrum
338 2438 373 2469 et
405 2435 569 2481 templum
605 2435 673 2470 sibi
705 2437 862 2470 construi
887 2440 1079 2481 oporteret.
1128 2435 1334 2470 Praedictus
1359 2437 1475 2469 autem

87 2500 264 2536 eunuchus
316 2510 440 2547 magos
489 2501 667 2536 custodire
719 2502 851 2536 faciens
908 2501 1107 2547 apostolum
1160 2500 1362 2541 advocavit,
1413 2500 1473 2545 qui

87 2567 247 2601 oratione
291 2566 371 2600 fusa
412 2577 488 2601 eum
529 2569 688 2612 protinus
724 2568 918 2604 suscitavit.
967 2567 1190 2612 Quapropter
1230 2576 1292 2600 rex
1333 2565 1473 2599 nomine

85 2630 246 2677 Egippus
284 2632 351 2666 hoo
391 2633 467 2666 viso
512 2643 576 2677 per
616 2634 800 2669 universas
838 2644 922 2669 suas
967 2633 1167 2678 provincias
1204 2632 1298 2666 misit
1330 2630 1472 2665 dicens:

155 2711 182 2743 1)
200 2710 253 2738 Ed.
273 2714 316 2737 Pr.
335 2720 443 2744 quam
463 2709 603 2745 praefert.
