1742 3005
231 119 314 158 474
540 121 633 170 Cap.
668 120 802 158 CXlll.
870 122 928 158 De
968 131 1098 159 sancto
1130 123 1345 160 Dominico.

232 226 452 271 pendebant,
489 225 612 271 plenos
652 224 804 268 panibus
838 224 1051 260 deserentes.
1102 227 1235 267 Quibus
1270 230 1303 263 in
1336 231 1449 273 capite
1481 240 1619 263 mensae

231 292 325 325 servi
367 290 432 324 Dei
476 290 647 324 Dominlei
689 290 836 325 silenter
878 289 1008 324 oblatis
1041 293 1090 326 ita
1123 293 1239 327 subito
1277 294 1537 335 discesserunt,
1583 299 1620 328 ut

229 357 344 391 nullus
371 356 414 390 de
438 360 592 398 caetero,
623 355 677 391 vel
706 355 796 390 unde
822 358 980 390 venerint
1004 356 1057 391 vel
1084 368 1151 403 quo
1176 358 1340 401 abierint,
1367 361 1458 394 scire
1484 365 1617 404 posset.

230 422 329 457 Tunc
362 426 505 456 sanctus
530 421 732 456 Dominicus
758 431 860 455 manu
889 421 934 455 ad
968 422 1097 457 fratres
1133 425 1402 470 circumquaque
1432 430 1617 469 protensa:

228 487 354 530 modo,
397 489 528 532 inquit,
571 487 699 522 fratres
724 489 805 531 mei,
840 488 1026 525 comedite.
1073 489 1226 534 Cumque
1262 489 1387 524 heatus
1419 489 1620 524 Dominicus

227 552 418 599 aliquando
458 554 492 587 iu
528 555 654 588 itinere
685 555 822 598 positus
857 558 953 588 esset
984 557 1019 588 et
1051 555 1172 600 gravis
1209 554 1403 600 pluviarum
1436 555 1618 589 inundatio

228 621 323 654 saeta
354 623 469 662 esset,
505 619 564 654 ille
598 621 734 665 signum
770 619 885 654 crucis
920 619 1031 654 edidit
1064 624 1098 655 et
1131 630 1152 654 a
1187 631 1225 655 se
1257 625 1292 656 et
1317 631 1337 655 a
1363 622 1459 655 socio
1485 631 1617 655 omnem

227 685 379 730 pluviam
412 686 462 719 ita
495 685 738 730 propulsavit,
773 689 811 719 ut
845 686 947 730 quasi
983 685 1077 720 sacto
1109 686 1290 731 papilione
1315 686 1359 720 de
1384 696 1508 729 cruce,
1542 696 1616 721 cum

226 755 300 785 tota
335 755 433 785 terra
465 749 574 784 densa
608 749 767 784 imbrium
791 750 1020 784 inundatione
1053 751 1290 794 madesceret,
1325 762 1388 786 nee
1418 762 1487 786 una
1517 756 1618 797 gutta

227 816 273 851 ad
306 818 455 861 spatium
490 817 595 850 trium
626 815 821 850 cubitorum
852 826 914 850 eos
946 817 1179 861 contingeret.
1229 817 1383 857 Quadam
1427 819 1503 852 viee
1538 817 1614 851 dum

225 884 261 916 in
294 882 454 927 partibus
490 881 682 916 Tolosanis
713 882 918 916 transiisset
953 882 1095 927 navigio
1130 881 1302 927 quandam
1329 892 1476 927 aquam,
1509 887 1618 917 nauta

225 948 269 982 ab
297 958 338 984 eo
367 947 547 982 denarium
576 958 638 992 pro
664 947 825 982 mercede
850 949 1021 981 transitus
1051 948 1235 993 exigebat,
1273 949 1330 982 cui
1364 949 1417 982 vir
1450 948 1514 983 Dei
1550 959 1615 992 pro

224 1014 370 1049 servitio
404 1012 473 1047 sibi
505 1014 663 1058 impenso
695 1023 769 1047 cum
804 1013 980 1047 coelorum
1012 1024 1156 1059 regnum
1190 1015 1434 1058 promitteret,
1469 1013 1614 1057 addens,

226 1079 320 1125 quod
355 1078 553 1123 discipulus
587 1078 719 1113 Christi
753 1083 848 1114 esset
876 1089 941 1114 nee
967 1089 1087 1113 aurum
1114 1079 1168 1114 vel
1193 1082 1373 1125 pecuniam
1400 1080 1614 1125 deportaret,

224 1145 285 1179 ille
311 1155 387 1180 eum
412 1155 475 1189 per
499 1154 646 1189 cappam
671 1143 835 1179 trahens:
862 1144 965 1187 mihi,
994 1147 1125 1190 inquit,
1159 1150 1219 1180 aut
1246 1156 1394 1191 cappam
1420 1151 1480 1180 aut
1503 1145 1613 1180 dena-

223 1212 311 1245 rium
337 1210 503 1244 dimittes.
553 1209 653 1244 Tunc
678 1211 733 1244 vir
757 1209 823 1244 Dei
846 1212 972 1245 erectis
998 1211 1043 1245 ad
1067 1212 1202 1246 coelum
1219 1212 1330 1246 oeulis
1352 1211 1613 1257 paullulumque

223 1278 316 1310 intra
341 1286 380 1311 se
408 1286 526 1319 orans,
555 1287 635 1310 mox
662 1277 695 1310 in
719 1281 850 1311 terram
877 1278 1073 1322 respic-iens
1108 1281 1142 1312 et
1166 1277 1284 1311 divino
1310 1288 1374 1312 nee
1399 1276 1505 1311 ‹lubio
1531 1287 1613 1321 pro-

224 1346 378 1377 curatum
403 1346 488 1376 nutu
514 1342 692 1378 denarium
714 1343 891 1388 jacentem
919 1343 1059 1378 videns:
1085 1353 1186 1385 ecce,
1212 1344 1344 1388 iuquit,
1371 1343 1491 1385 frater,
1519 1342 1612 1387 quod

221 1408 401 1453 postulas,
433 1408 518 1443 tolle
552 1413 586 1443 et
617 1419 670 1443 me
698 1409 907 1444 liberum.in
938 1419 1024 1453 paee
1052 1409 1196 1443 dimitte.
1247 1408 1403 1454 Contigit
1423 1407 1611 1452 aliquando

221 1475 295 1509 viro
313 1473 378 1508 Dei
395 1475 462 1508 iter
476 1479 603 1521 agente
621 1476 792 1509 associari
818 1474 889 1509 sibi
913 1474 1118 1521 religiosum
1143 1474 1314 1520 quendam
1332 1475 1611 1508 conversationis

221 1539 360 1585 quidem
388 1542 576 1575 sanctitate
602 1541 840 1583 domesticum,
866 1540 929 1575 sed
944 1539 1086 1585 loquela
1104 1544 1137 1575 et
1161 1541 1283 1586 lingua
1296 1541 1433 1584 penitus
1449 1538 1610 1581 alienum,

220 1604 344 1639 dolens
370 1607 512 1650 itaque,
550 1606 641 1650 quod
676 1606 805 1642 divinis
831 1607 982 1652 eloquiis
1008 1616 1078 1640 una
1104 1616 1178 1640 cum
1205 1606 1265 1640 illo
1292 1610 1410 1640 mutua
1435 1616 1473 1640 se
1500 1606 1610 1640 colla-

219 1672 314 1705 tione
351 1671 513 1706 resovere
547 1681 614 1705 non
647 1676 791 1716 posset,
828 1673 1008 1715 ¹)tandem
1044 1682 1065 1707 a
1097 1671 1258 1715 domino,
1293 1675 1330 1706 ut
1367 1682 1455 1706 unus
1490 1672 1613 1718 lingua

218 1738 421 1783 loqueretur
440 1737 584 1771 alterius
602 1738 790 1781 verbisque
803 1739 854 1771 sie
872 1737 1074 1772 alterutrum
1093 1739 1238 1772 variatis
1259 1748 1341 1772 sese
1363 1748 1426 1782 per
1444 1737 1610 1781 triduum,

187 1836 192 1838 .
220 1814 288 1849 quo
322 1802 488 1838 videlicet
521 1804 601 1836 ituri
636 1807 752 1844 erant,
787 1802 1044 1847 intelligerent,
1079 1804 1288 1846 impetravit.
1345 1803 1500 1842 Quadam
1535 1805 1610 1837 vice

220 1879 322 1913 quum
358 1868 496 1913 quidam
529 1868 644 1902 multis
679 1868 848 1902 obsessus
885 1868 1078 1902 daemoniis
1111 1867 1178 1901 sibi
1203 1867 1329 1901 suisset
1355 1867 1514 1909 oblatus,
1550 1868 1609 1902 ille

218 1933 345 1967 stolam
370 1934 547 1977 accipiens
574 1935 669 1978 prius
695 1944 801 1978 super
825 1935 1003 1978 proprium
1031 1933 1156 1968 collum
1191 1933 1327 1977 posuit,
1364 1932 1489 1967 deinde
1522 1933 1607 1968 dae-

218 2000 368 2032 moniaci
392 1998 516 2032 collum
541 2001 649 2033 cinxit
673 1998 841 2033 mandans
868 1999 959 2041 illis,
991 2002 1029 2032 ut
1064 1998 1107 2033 de
1141 2002 1283 2033 caetero
1315 1997 1410 2031 illum
1436 1997 1606 2034 hominem

218 2074 287 2097 non
309 2068 488 2098 vexarent.
538 2064 609 2109 ipsi
632 2076 715 2099 vero
737 2067 770 2099 in
790 2064 947 2113 ejusdem
969 2064 1109 2098 obsessi
1128 2073 1277 2109 corpore
1304 2065 1336 2105 2)
1350 2065 1467 2097 statim
1488 2066 1608 2099 vexari

220 2132 409 2173 coeperunt
435 2133 468 2163 et
493 2130 664 2165 clamare:
699 2132 860 2175 permitte
889 2141 953 2164 nos
979 2132 1094 2173 exire,
1128 2140 1236 2174 quare
1273 2139 1336 2163 uos
1375 2130 1526 2164 cruciari
1552 2129 1609 2164 hio

216 2194 427 2240 compellis?
474 2194 520 2229 At
545 2196 622 2230 ille:
648 2207 717 2230 non
743 2196 912 2230 dimittam
940 2206 1023 2238 VOS,
1053 2198 1184 2241 inquit,
1216 2197 1284 2229 nisi
1312 2193 1395 2228 mihi
1419 2194 1606 2239 fidejusso-

218 2271 289 2295 rem
323 2260 512 2303 dederitis‚
549 2261 640 2306 quod
674 2261 766 2295 ultra
801 2271 1020 2306 nequaquam
1055 2262 1220 2297 redeatis.
1271 2261 1393 2303 Quos,
1434 2261 1606 2305 inquiunt,

218 2325 447 2370 fidejussores
473 2328 662 2370 poterimus
688 2327 752 2360 tibi
781 2326 889 2363 dare?
937 2326 980 2362 Et
1015 2327 1094 2362 ille:
1135 2330 1277 2361 sanctos
1303 2327 1482 2369 martires,
1519 2336 1606 2370 quo-

218 2402 291 2426 rum
323 2402 474 2437 corpora
506 2394 541 2426 in
575 2392 727 2428 ecclesia
750 2391 815 2427 hac
841 2394 1075 2438 requiescunt.
1125 2392 1169 2428 Et
1195 2391 1267 2426 illi:
1306 2402 1373 2426 non
1408 2401 1607 2436 possumus,

218 2459 301 2501 quia
324 2463 445 2492 nostra
469 2460 593 2493 merita
619 2457 871 2493 contradicunt.
922 2459 1070 2504 Oportet
1095 2469 1176 2501 vos,
1208 2459 1341 2504 inquit,
1377 2457 1481 2499 dare,
1515 2456 1605 2490 alio-

286 2600 312 2630 Ι)
340 2599 392 2628 ΕιΙ,
419 2603 463 2627 l’r.
491 2600 580 2635 plane
607 2599 693 2625 aliter
720 2599 795 2625 hanc
822 2599 980 2633 pvrimlnin
1015 2598 1055 2625 ita
1082 2597 1211 2625 clandit:
1249 2596 1405 2625 tnntlem
1439 2598 1478 2621 ut
1513 2604 1607 2622 nnus

219 2641 349 2671 linqua
379 2644 611 2677 loquum-tur
637 2644 809 2670 alterius
836 2644 1055 2676 verbisque
1080 2652 1118 2671 sc,-
1148 2641 1417 2669 refocillarent
1451 2648 1515 2674 per
1542 2639 1606 2664 tri-

219 2686 327 2712 ‹lunm
357 2688 540 2715 xvnitniin
569 2698 696 2722 usque
717 2690 761 2714 :iil
785 2689 926 2719 locum,
954 2698 1027 2720 quo
1049 2688 1245 2714 videlicet
1274 2684 1370 2713 ituri
1400 2689 1521 2711 vrnnl.
1543 2684 1605 2710 im-

220 2734 354 2766 pvlr-ux
372 2737 408 2758 it.
530 2734 559 2764 ’3)
579 2733 652 2759 Alii:
673 2733 834 2760 ion-iiim
855 2733 1038 2766 torqueri
1058 2733 1167 2765 legunt.
