1742 3005
395 144 488 193 Cap.
523 142 622 179 Ylll.
684 143 739 178 l)‹=
772 151 900 178 sain-m
934 142 1142 191 Stephano.
1404 145 1456 183 42)

70 250 206 284 inferno
232 248 464 293 torqueberis.
515 248 667 292 Cumque
692 245 825 280 domum
853 247 1087 289 redut-eretur,
1113 250 1201 283 inter
1226 259 1345 283 manus
1372 261 1455 295 pne-

69 325 183 348 rorum
213 316 314 348 vitam
344 314 462 347 linivit.
538 312 635 346 ΤιιιιςΙ
673 313 863 346 Anastasia
897 313 956 346 alii
993 314 1173 358 praesecto
1200 314 1368 357 traditur,
1421 323 1455 351 ut

68 390 142 414 eam
167 381 202 413 in
224 379 385 413 custodia
411 379 594 413 detineret.
644 377 799 412 Audiens
827 380 935 419 enim,
963 379 1054 423 quod
1080 381 1231 414 infinitas
1258 385 1454 426 possessio—

69 456 130 480 nes
156 444 322 485 haberet,
357 446 518 490 privatim
544 444 632 478 dixit
656 445 707 477 ei:
758 444 970 484 Anastasia,
1005 446 1034 477 si
1062 446 1111 478 vis
1137 455 1215 479 esse
1243 446 1454 491 Christiana,

70 511 126 545 fac-
151 510 243 556 quod
268 512 448 556 praecepit
472 509 628 543 dominus
652 512 744 541 tuuS.
789 506 851 541 Ille
877 509 965 541 enim
988 511 1188 553 praecepit:
1221 513 1279 556 qui
1306 523 1374 546 non
1401 525 1456 549 re-

69 577 282 611 nuntiaverit
307 575 477 617 omnibus,
504 584 593 619 quae
619 571 779 617 possidet
805 576 868 606 etc.
921 572 1042 608 Omnia
1068 575 1188 619 igitur,
1216 585 1305 621 quae
1333 577 1454 618 hahes,

70 641 152 675 mihi
177 641 222 675 da
247 645 282 675 et
306 640 395 674 vade
419 650 487 685 quo
512 639 664 673 volueris
693 641 726 671 et
751 646 830 671 vere
859 637 1057 673 Christiana
1082 641 1163 674 eris.
1223 641 1284 675 Cui
1313 643 1373 676 illa
1401 655 1453 679 re-

69 706 227 751 spondit:
252 705 345 740 Deus
371 715 464 739 meus
490 706 690 749 praecepit,
719 704 828 739 vende
855 706 969 738 omnia
995 715 1084 749 quae
1108 704 1218 740 hahes
1244 712 1277 742 et
1303 708 1347 742 da
1371 720 1455 754 pau-

69 771 210 817 peribus
235 776 269 805 et
295 781 363 804 non
391 769 577 811 divithus;
629 780 703 804 eum
730 776 815 816 ergo
843 770 940 804 dives
966 772 1036 813 sis,
1085 775 1205 806 contra
1231 780 1456 819 praeceptum

67 837 131 873 Dei
157 838 320 878 facerem,
349 838 379 871 si
405 835 537 881 aliquid
561 835 624 869 tibi
651 835 777 870 darem.
829 835 925 870 Tune
951 837 1141 871 Anastasia
1167 837 1242 872 diro
1266 841 1298 883 ¹)
1325 844 1456 875 carceri

71 905 161 938 fame
191 903 379 937 crucianda
411 901 580 943 traditur,
631 901 691 936 sed
718 911 739 935 a
765 901 895 935 Sancta
920 901 1128 944 Theodora,
1180 905 1365 949 quaejam
1394 917 1456 950 per

68 971 258 1004 martirium
284 972 453 1002 coronata
476 967 608 1009 suerat,
647 978 710 1011 per
737 967 824 1001 duos
850 978 984 1001 menses
1011 978 1092 1002 esca
1117 969 1260 1004 coelesti
1287 974 1452 1015 pascitur.

72 1035 228 1070 Tandem
263 1044 336 1068 cum
364 1033 520 1067 ducentis
556 1032 750 1077 virginibus
785 1033 829 1067 ad
864 1033 994 1067 insulas
1028 1034 1220 1069 Palmarias
1253 1035 1355 1071 <lucta
1389 1044 1452 1076 esi.

68 1101 126 1136 ubi
153 1085 250 1134 multi
276 1103 420 1144 propter
443 1108 566 1132 nomen
593 1097 721 1132 Christi
746 1099 882 1133 fuerant
908 1099 1068 1145 relegati.
1118 1099 1202 1134 Post
1217 1101 1353 1146 aliquos
1373 1114 1452 1137 vero

67 1167 143 1202 dies
166 1165 364 1211 praefectus
399 1174 516 1199 omnes
553 1164 596 1198 ad
622 1174 659 1198 se
685 1166 823 1198 vocavit
859 1169 891 1199 et
917 1166 1138 1199 Anastasiam
1167 1166 1210 1199 ad
1239 1167 1338 1211 palos
1364 1168 1437 1214 liga

68 1237 137 1266 tam
170 1230 311 1278 ignibus
345 1231 599 1270 concremavit,
653 1230 741 1264 alios
774 1241 857 1264 vero
892 1231 1041 1264 diversis
1063 1232 1244 1276 suppliciis
1268 1235 1451 1268 interemit.

66 1297 161 1348 Intesr
195 1307 282 1342 quos
316 1306 403 1330 unus
438 1300 514 1330 erat
547 1297 604 1340 qui
640 1296 770 1340 pluries
805 1301 948 1340 propter
981 1296 1154 1331 Christum
1182 1299 1296 1332 multis
1321 1299 1453 1334 divitiis

67 1363 239 1407 spoliatus
265 1372 402 1406 semper
427 1360 583 1395 dicebat:
610 1360 783 1395 Christum
811 1361 933 1395 saltem
958 1360 1039 1394 mihi
1065 1372 1132 1395 non
1158 1364 1337 1398 auferetis.
1380 1366 1448 1410 Ap-

69 1427 226 1472 pollonia
261 1431 375 1462 autem
408 1437 536 1470 corpus
578 1430 719 1460 sanctae
756 1427 968 1461 Anastasiae
1005 1429 1038 1460 in
1075 1429 1241 1463 viridario
1279 1430 1371 1463 sacta
1405 1431 1451 1464 ibi

69 1492 218 1527 eeclesia
243 1491 431 1526 honorifice
458 1491 631 1535 sepelivit.
680 1491 791 1525 Passa
818 1496 871 1526 est
896 1496 1007 1527 autem
1038 1493 1100 1528 snb
1128 1494 1366 1538 llyoeletiano.
1396 1500 1450 1541 qui

68 1560 183 1602 eoepit
207 1559 299 1591 eirea
324 1567 433 1591 annos
462 1556 589 1590 domini
616 1556 880 1591 CCLXXXVII.

619 1866 745 1927 cAP,
792 1865 911 1927 vul.

397 1967 496 2010 De
527 1967 748 2010 saneto
778 1964 1119 2020 stephano.

157 2073 356 2120 Stephanus
379 2084 527 2121 graece,
568 2076 675 2110 latine
702 2075 827 2109 dicitur
851 2085 1002 2118 corona,
1039 2076 1101 2110 sed
1130 2075 1292 2110 hebraice
1318 2087 1450 2112 norma.

66 2140 144 2176 Fuit
168 2145 280 2175 autem
305 2150 447 2182 corona,
474 2140 509 2174 id
535 2145 601 2183 est,
630 2143 834 2186 principium
859 2144 1035 2177 martirum
1064 2143 1096 2175 in
1121 2152 1213 2175 novo
1230 2146 1450 2184 testamento,

67 2208 157 2241 sicut
178 2206 267 2241 Abel
294 2207 330 2240 in
353 2208 474 2241 veteri.
508 2205 587 2241 Fuit
612 2208 714 2241 etiam
740 2217 873 2250 norma,
901 2207 936 2242 id
961 2211 1025 2249 est,
1053 2207 1244 2251 exemplum
1271 2211 1305 2242 et
1330 2209 1452 2253 regula

67 2271 147 2305 aliis
181 2271 337 2316 patiendi
367 2282 431 2316 pro
461 2271 620 2315 Christo,
671 2275 745 2307 sive
776 2283 855 2308 vere
880 2273 1008 2319 agendi
1034 2277 1067 2308 et
1093 2273 1253 2314 vivendi,
1305 2273 1359 2306 vel
1387 2285 1449 2318 pro

65 2336 212 2369 inimicis
236 2336 370 2371 orandi.
392 2354 395 2357 r
427 2337 491 2373 Vel
516 2337 716 2382 Stephanus
742 2338 886 2380 dieitur,
927 2340 1028 2384 quasi
1055 2342 1195 2373 strenue
1221 2338 1319 2380 sans,
1358 2337 1450 2382 quod

66 2404 165 2446 patet
188 2401 226 2434 in
251 2410 315 2434 suo
341 2411 500 2437 sermone
526 2407 560 2437 et
593 2405 628 2437 in
653 2403 830 2438 luculenta
855 2404 963 2438 divini
990 2403 1089 2438 verbi
1112 2403 1372 2447 praedicatione
1402 2405 1448 2444 ²¹).

67 2465 130 2501 Vel
145 2465 344 2510 Stephanus
370 2465 495 2502 dicitur
521 2469 622 2512 quasi
646 2472 787 2503 strenue
811 2472 908 2502 stans
931 2468 986 2503 vel
1013 2468 1091 2501 sans
1117 2477 1216 2508 anus,
1244 2467 1278 2500 id
1294 2471 1348 2501 est
1360 2471 1448 2501 stre-

64 2541 131 2565 nue
157 2533 232 2566 sive
258 2531 482 2567 laudabiliter
505 2537 602 2566 stans
627 2536 662 2567 et
684 2535 860 2568 instruens
880 2537 913 2567 et
927 2543 1055 2578 regens
1073 2542 1171 2569 anus,
1192 2531 1224 2565 id
1241 2536 1295 2566 est
1312 2531 1446 2572 viduas,

129 2654 158 2686 1)
176 2653 230 2682 Ed.
249 2658 293 2680 Pr.
313 2663 469 2688 perperam
490 2655 604 2683 cruci.
706 2655 734 2686 ¹2)
754 2654 868 2679 Verba:
895 2665 913 2688 p
924 2663 962 2681 ro
984 2669 1013 2674 ——-
1034 2655 1171 2681 orandi
1200 2655 1309 2681 omittit
1331 2656 1382 2683 i-td.
1405 2659 1445 2682 l'r.

62 2696 191 2726 fortasse
214 2707 251 2726 ex
275 2698 375 2730 glossa
402 2704 480 2726 unta.
536 2698 678 2726 Similiter
704 2698 731 2725 in
761 2698 955 2731 sequentibus
982 2700 1090 2726 verbu:
1126 2704 1160 2726 et
1180 2699 1215 2725 in
1236 2699 1424 2734 praedica
1438 2716 1446 2718 -

62 2741 171 2770 tione.
1205 2748 1209 2750 ·

1147 2799 1170 2832 4
