1742 3005
327 74 408 114 794
595 78 692 124 Cap.
724 75 914 111 CLXXII.
984 77 1041 112 De
1074 81 1204 114 sancta
1235 78 1455 116 Catherina.

326 182 523 220 celaverat,
559 180 676 212 statim
701 178 917 214 descendens
946 182 1189 225 imperatorem
1225 181 1268 216 de
1295 186 1392 218 tanta
1418 185 1567 219 saevitia
1592 184 1707 218 ‹lui-iu:

324 247 530 290 increpavit.
587 244 660 279 Rex
702 248 814 279 autem
854 245 974 281 surore
1017 246 1194 291 repletus,
1239 257 1313 281 cum
1353 250 1478 294 regina
1514 250 1706 284 sacrificari

324 315 581 352 contemneret,
613 311 723 355 jussit
757 321 832 346 eam
870 313 1038 347 extractis
1073 314 1169 357 prius
1201 313 1364 347 mamillis
1389 314 1568 349 decollari.
1617 316 1705 356 Qua«

324 389 397 412 cum
424 377 468 412 ad
495 378 685 411 martirium
720 376 925 420 duceretur,
961 378 1184 413 Catherinam
1218 380 1380 425 rogavit,
1415 383 1453 414 ut
1483 390 1545 424 pro
1579 391 1618 416 se
1650 381 1705 415 do⁴

324 445 450 478 minum
478 446 696 488 precaretur.
746 444 844 483 Quae
870 443 1071 488 respondit:
1107 454 1149 478 ne
1175 445 1320 486 timeas,
1355 454 1377 479 a
1402 444 1476 479 Deo
1503 445 1631 480 dilecta
1659 458 1706 481 re-

321 512 426 556 gina,
453 511 536 555 quia
564 509 627 543 tibi
654 508 762 544 hodie
787 520 850 554 pro
876 511 1081 544 transitorio
1108 520 1219 555 regno
1245 510 1513 545 commutabitur
1538 515 1704 546 aeternnn

322 581 356 612 et
379 588 442 621 pro
466 576 605 610 mortali
631 586 763 621 sponso
788 576 852 610 tibi
878 576 1106 610 immortalem
1133 577 1307 621 acquires.
1357 576 1455 611 Tunc
1472 576 1533 611 illa
1551 581 1706 612 constam

323 643 449 677 effecta
472 646 626 676 tortores
651 642 881 683 hortabatur,
920 651 980 683 ne,
1017 641 1109 686 quod
1138 642 1232 686 jussi
1260 642 1399 677 fuerant
1424 643 1562 684 facere,
1601 653 1713 677 mora⁴¹

320 712 451 743 rentur.
500 708 656 743 Ministri
681 708 789 752 igitur
814 711 915 741 extra
939 708 1114 740 civitatem
1141 717 1215 742 eam
1249 708 1415 743 ducentes
1449 708 1573 743 ferreis
1600 709 1704 743 hasti-

319 775 412 809 libus
439 773 643 808 mammillas
670 772 746 817 ejus
772 771 926 806 evellunt
954 776 988 806 et
1013 776 1094 816 post
1118 777 1223 816 caput
1251 774 1328 818 ejus
1354 774 1581 818 praecidunt,
1614 776 1705 820 cnjm

322 851 451 886 cerpus
476 839 691 884 Porphyrius
720 839 862 882 rapiens
888 837 1063 882 sepelivit.
1113 838 1287 883 Sequente
1313 839 1382 881 die,
1409 850 1482 874 cuin
1506 840 1548 875 de
1565 851 1703 885 corpor(

318 908 465 952 reginae
498 906 658 950 quaestio
694 904 794 938 lieret
830 907 863 938 et
897 903 1024 937 multos
1060 914 1101 938 ex
1133 903 1198 938 hoc
1230 904 1274 938 ad
1308 905 1514 950 supplicium
1548 910 1712 950 tyrannus

318 971 479 1018 protrahi
513 971 677 1016 juberet,
719 969 933 1014 Porphyrius
970 980 1199 1014 prorumpens
1235 971 1267 1004 in
1303 971 1451 1005 medinm
1489 971 1692 1006 exclamavit

317 1049 385 1083 ego
407 1048 500 1079 sum,
525 1038 583 1081 qui
602 1036 730 1070 Christi
754 1035 916 1069 famulam
939 1034 1087 1079 sepelivi
1110 1039 1143 1070 et
1166 1035 1296 1070 Christi
1315 1035 1414 1071 fldem
1433 1039 1562 1082 recepi.
1613 1037 1703 1072 Tun«

316 1104 516 1139 Maxentius
552 1111 671 1136 amens
705 1100 851 1135 effectus
882 1101 1033 1145 rugitum
1066 1100 1258 1135 terribilem
1293 1104 1454 1137 emittens
1486 1104 1693 1139 exclamavit

315 1181 335 1204 o
362 1180 414 1204 me
440 1169 601 1202 miserum
631 1169 663 1202 et
689 1165 849 1201 omnibus
885 1166 1139 1208 miserandum,
1177 1177 1256 1202 ecce
1281 1167 1514 1213 Porphyrius,
1551 1171 1609 1215 qui
1636 1180 1710 1215 eras

314 1238 437 1271 unicus
465 1235 601 1269 animae
621 1242 718 1267 meae
740 1236 858 1266 eustos
878 1235 912 1266 et
936 1233 1044 1266 totius
1064 1231 1197 1266 laboris
1223 1233 1385 1268 solatium
1400 1262 1408 1276 ,
1438 1234 1606 1280 deceptus
1638 1241 1689 1270 est
1708 1255 1709 1260 =

316 1301 419 1343 Quod
453 1311 528 1335 eum
562 1301 635 1334 suis
670 1298 840 1333 militibus
874 1297 1043 1340 referret,
1084 1298 1136 1331 illi
1171 1301 1329 1342 protinus
1366 1301 1639 1344 respotnlerunt:
1676 1312 1707 1337 en

314 1379 378 1402 nos
411 1367 593 1401 christiani
628 1375 745 1400 sumus
778 1368 812 1399 et
850 1366 936 1399 mori
969 1366 1083 1409 parati
1117 1374 1247 1400 sumuS.
1297 1363 1398 1399 Tunc
1426 1366 1559 1401 Caesar
1590 1368 1708 1408 l'urord

315 1433 434 1469 ebrius
461 1433 644 1477 praecepit
669 1442 788 1466 omnes
815 1441 890 1465 cum
916 1429 1110 1475 Porphyrio
1140 1430 1310 1464 decollari
1338 1435 1373 1465 et
1407 1442 1556 1477 corpora
1591 1427 1708 1468 eoruni

311 1499 458 1534 canibus
495 1498 633 1536 dimitti,
692 1496 825 1532 Deinde
863 1495 1086 1531 Catherinam
1123 1496 1301 1531 advocans
1335 1498 1404 1531 ait:
1445 1501 1601 1544 quamvis
1631 1504 1698 1534 arti

313 1566 451 1610 magica
469 1566 627 1609 reginam
653 1564 739 1598 mori
767 1562 910 1603 seceris,
936 1563 964 1596 si
991 1566 1105 1596 tamen
1138 1563 1384 1606 ¹)resipueris.
1411 1566 1522 1607 prima
1547 1566 1580 1599 in
1605 1565 1705 1611 pala-¹

312 1633 361 1666 tio
395 1641 471 1665 meo
510 1631 601 1668 eris3
648 1628 754 1664 hodie
790 1629 897 1674 igitur
935 1632 995 1662 aut
1026 1627 1101 1662 Diis
1137 1627 1311 1662 sacrificia
1344 1629 1471 1666 offeres
1512 1635 1571 1666 aut
1603 1640 1705 1676 capul,

311 1698 462 1731 amittes.
520 1696 584 1730 Cui
625 1695 705 1729 illa:
750 1694 825 1735 fac,
865 1703 1104 1739 quaecumque
1140 1695 1255 1728 animo
1290 1697 1506 1739 concepisti,
1549 1701 1692 1742 paratan

311 1764 399 1798 enim
427 1773 478 1797 me
508 1761 643 1796 videbis
670 1760 716 1795 ad
740 1761 857 1794 omnia
882 1759 1101 1797 sustinenda.
1151 1759 1242 1794 Data
1268 1762 1375 1806 igitur
1399 1771 1505 1806 super
1530 1772 1603 1797 eam
1624 1773 1694 1798 sen>

313 1830 422 1862 tentia
439 1827 608 1862 decollari
622 1826 781 1871 jubetur.
831 1826 927 1865 Quae
946 1837 1020 1860 cum
1042 1825 1085 1859 ad
1112 1825 1223 1859 locum
1244 1825 1395 1860 deducta
1415 1825 1551 1869 suisset,
1577 1830 1696 1862 erecti»

316 1894 350 1927 in
382 1892 516 1927 coelum
544 1892 655 1926 oculis
682 1893 798 1925 oravit
822 1891 962 1924 dicens:
988 1902 1008 1924 ο
1034 1900 1116 1934 spes
1139 1894 1172 1924 et
1191 1890 1287 1923 salus
1305 1890 1529 1932 credentium,
1555 1903 1574 1925 ο
1600 1892 1702 1942 decu:¹

313 1963 347 1993 et
376 1959 493 2003 gloria
522 1958 714 2002 virginum!
747 1956 853 1997 Jesu,
891 1966 951 1990 rex
984 1955 1094 1996 bone,
1130 1955 1276 1990 obsecro
1311 1960 1367 1998 te,
1406 1960 1464 1997 ut,
1497 1959 1702 2002 quicumque

311 2025 490 2069 passionis
512 2033 610 2057 meae
628 2023 825 2056 memoriam
846 2023 959 2066 egerit
977 2031 1039 2055 seu
1058 2023 1090 2054 in
1107 2023 1201 2056 exitu
1222 2024 1358 2056 animae
1372 2022 1425 2057 vel
1447 2024 1478 2056 in
1500 2032 1702 2068 quacunque

314 2090 526 2125 necessitate
553 2098 604 2123 me
631 2079 861 2129 invocaverit,
886 2091 967 2121 tuae
995 2087 1257 2132 propitiationis
1283 2092 1517 2133 consequatur
1534 2088 1700 2123 effectum

312 2155 491 2200 Factaque
525 2159 579 2189 est
610 2164 678 2188 vox
711 2153 757 2187 ad
787 2162 861 2188 eam
889 2152 1025 2188 dicens:
1059 2154 1156 2195 veni,
1184 2153 1314 2188 dilecta
1337 2164 1425 2196 mea,
1451 2163 1582 2198 sponsa
1615 2164 1687 2188 inea

310 2232 389 2256 ecce
416 2220 480 2254 tibi
508 2220 598 2255 coeli
619 2221 732 2266 janua
757 2224 812 2254 est
837 2223 980 2264 aperta,
1017 2229 1094 2253 nam
1123 2223 1157 2254 et
1184 2219 1258 2262 his,
1295 2221 1354 2265 qui
1386 2220 1584 2264 passionem
1610 2223 1699 2254 tuan*

284 2287 447 2325 „devotis
472 2287 647 2321 mentibus
667 2286 943 2327 celebraverint,
971 2288 1093 2330 optata
1119 2285 1298 2329 praesidia
1323 2287 1486 2330 promitto
1511 2285 1554 2319 de
1579 2285 1686 2319 coelis

308 2352 442 2388 Deinde
477 2362 551 2386 cum
589 2351 766 2387 decollata
797 2351 944 2394 suisset,
981 2351 1024 2386 de
1063 2352 1141 2396 eJus
1173 2362 1321 2396 corpore
1355 2362 1418 2396 pro
1451 2352 1621 2397 sanguine
1648 2350 1690 2384 la«

310 2419 510 2461 emanavit,
544 2418 665 2463 augeli
691 2421 806 2452 autem
833 2427 960 2462 corpus
988 2418 1200 2462 accipientes
1226 2417 1269 2452 ab
1298 2417 1358 2452 illo
1384 2417 1462 2452 loco
1487 2416 1530 2451 ad
1554 2420 1688 2450 nnmten

308 2486 415 2530 Synai
442 2486 567 2519 itinere
594 2484 672 2529 plus
701 2494 801 2529 qnam
828 2483 960 2518 dierum
987 2484 1113 2529 viginti
1139 2482 1358 2517 deduxerunt
1383 2486 1417 2517 et
1443 2481 1568 2517 ibidem
1589 2481 1678 2515 hono

309 2551 404 2587 rifice
438 2551 665 2596 sepelierunt.
712 2549 762 2585 Ex
799 2551 898 2594 cujus
938 2548 1080 2585 ossibus
1122 2548 1359 2584 indesinenter
1398 2549 1509 2585 oleum
1551 2552 1684 2583 emanat

380 2696 405 2719 ll
428 2695 478 2723 lid.
502 2699 545 2724 l'r.
566 2696 696 2732 pessinu-
714 2696 861 2731 'pr-wlert.
882 2694 1101 2730 respueris.
1123 2693 1249 2730 patria
1271 2693 1303 2719 in
1325 2696 1378 2719 ele.
