1742 3005
289 116 370 155 592
430 116 526 164 Cap.
557 111 729 149 cxxxi.
797 111 855 148 De
887 112 1078 149 nativitate
1108 113 1241 151 beatae
1270 113 1412 150 Mariae
1441 112 1608 161 virginis.

291 231 372 256 ecee
398 217 560 263 sequenti
585 219 687 249 nocte
714 213 820 249 beata
846 216 945 261 virgo
969 216 1089 260 juveni
1114 219 1279 261 apparuit
1303 221 1338 253 et
1359 218 1502 264 Januam
1525 219 1677 252 carceris

288 286 470 330 aperiens,
507 281 589 316 inde
624 284 662 315 ut
695 284 818 322 exeat,
853 282 1037 326 praecepit
1070 282 1172 326 eique
1195 282 1310 317 'dixitz
1346 285 1447 318 matri
1477 287 1580 326 tuae,
1615 281 1676 325 tili,

289 350 407 391 dices,
441 351 479 382 ut
515 357 624 381 meum
662 345 789 381 reddat
825 345 949 387 tilium,
996 357 1038 381 ex
1072 356 1139 392 quo
1175 347 1312 382 reddidi
1351 348 1419 382 sibi
1451 360 1561 385 suum.
1611 348 1677 389 Qui

286 417 408 450 exiens
442 413 486 447 ad
512 416 654 447 matrem
688 413 781 446 venit
805 416 852 455 et,
891 412 1042 457 qualiter
1076 413 1180 447 beata
1219 414 1320 459 virgo
1357 424 1432 448 eum
1457 414 1675 455 liberaverit,

288 481 478 516 enarravit.
524 478 589 512 Illa
621 482 733 511 autem
769 477 949 522 plurimum
984 478 1163 513 exsultans
1200 479 1384 524 imaginem
1412 480 1511 524 pueri
1539 481 1677 524 accepit

287 550 321 581 et
347 545 391 579 ad
418 544 600 579 ecelesiam
633 543 764 577 vadens
798 543 925 579 beatae
950 543 1087 579 Mariae
1118 544 1271 579 reddidit
1294 544 1398 578 silium
1425 544 1560 579 dicens:
1591 554 1675 589 gra-

285 613 354 646 tias
382 610 504 651 vobis,
541 609 702 651 domina⁷
738 609 873 651 resero,
909 611 991 654 quia
1016 609 1099 643 mihi
1126 621 1234 644 meum
1264 611 1397 644 unicum
1425 609 1530 644 illium
1557 609 1675 644 reddi-

286 677 388 711 distis
404 704 412 718 ‚
440 680 474 710 et
499 685 588 709 nunc
614 674 713 708 vobis
741 674 845 708 silium
871 679 1022 709 vestrum
1044 675 1167 717 reddo,
1196 677 1278 721 qnia
1298 686 1406 727 meum
1425 686 1476 710 me
1496 677 1676 720 recepisse

285 741 462 786 profiteor.
490 761 531 766 --
558 760 596 767 --
624 760 669 764 --
692 742 740 776 5.
767 739 853 773 Erat
878 741 1017 784 quidam
1044 741 1117 782 fur,
1145 742 1203 785 qui
1230 751 1336 785 saepe
1363 741 1551 775 latrocinia
1573 751 1674 775 exer-

286 806 408 847 cebat,
444 805 505 839 sed
534 805 674 840 beatam
699 803 847 838 Mariam
874 804 1054 848 plurimum
1082 807 1115 838 in
1143 805 1329 840 devotione
1358 806 1514 841 habebat
1541 811 1575 840 et
1599 816 1674 840 eam

284 872 442 906 erebrius
469 871 657 905 salutabat.
708 869 864 909 Quadam
891 871 998 915 igitur
1019 871 1091 904 viee
1113 870 1168 903 sur
1186 870 1355 915 quaedam
1378 872 1519 914 rapiens
1539 873 1677 916 capitur

285 941 319 972 et
346 936 538 981 suspendio
556 935 791 980 adjudicatur.
842 934 923 969 Cum
944 939 1057 970 autem
1077 936 1364 981 suspemleretur,
1392 938 1554 970 continuo
1570 936 1676 971 beata

285 1004 386 1048 virgo
414 1003 445 1036 ei
473 1002 571 1035 affuit
598 1005 631 1036 et
657 1010 861 1043 suspensum
888 1000 999 1034 tribus
1031 1001 1176 1043 diebus,
1202 1005 1239 1035 ut
1264 1001 1332 1035 sibi
1361 1000 1568 1044 videbatur,
1601 1003 1674 1036 suis

286 1068 444 1102 manibus
485 1067 693 1101 sustentavit
735 1067 806 1108 ita,
846 1065 938 1110 quod
985 1066 1112 1100 nullam
1146 1067 1339 1101 laesionem
1375 1068 1561 1111 persensit.
1619 1067 1673 1101 Illi

286 1144 390 1175 vero,
427 1134 483 1177 qui
517 1143 591 1167 eum
619 1131 895 1175 suspenderunt,
934 1141 1018 1165 casu
1046 1131 1126 1166 inde
1152 1136 1376 1167 transeuntes
1402 1143 1476 1167 eum
1502 1134 1673 1167 viventem

285 1203 320 1233 et
353 1198 448 1232 vultu
481 1197 589 1231 hilari
624 1202 832 1241 repererunt
866 1200 901 1231 et
933 1197 1167 1239 arbitrantes,
1203 1197 1297 1242 quod
1330 1208 1399 1231 non
1433 1197 1522 1232 bene
1548 1198 1675 1232 fuisset

284 1264 411 1309 laqueo
439 1263 641 1304 adstrictus,
667 1262 787 1307 gladio
814 1263 925 1307 ipsum
948 1262 1115 1307 jugulare
1141 1262 1318 1304 volebant,
1345 1263 1407 1297 sed
1434 1263 1539 1298 beata
1557 1263 1675 1298 Maria

284 1330 480 1365 ferientium
506 1328 626 1374 gladio
653 1338 788 1362 manum
813 1327 1016 1372 opponebat
1041 1332 1074 1362 et
1101 1327 1151 1361 illi
1180 1327 1248 1361 sibi
1274 1328 1321 1361 nil
1347 1339 1472 1363 nocere
1498 1333 1672 1373 poterant.

284 1395 548 1441 Cognoseentes
575 1405 661 1440 ergo
686 1395 862 1429 referente
888 1393 970 1435 illo,
1010 1393 1100 1438 quod
1128 1393 1235 1428 beata
1258 1393 1373 1427 Maria
1399 1396 1447 1428 sic
1473 1405 1547 1428 eum
1567 1396 1673 1439 juva-

283 1462 362 1505 bat,
401 1463 565 1496 mirantes
601 1471 676 1494 eum
716 1459 954 1504 deposuerunt
990 1463 1023 1494 et
1057 1469 1174 1494 amore
1210 1460 1358 1505 virginis
1396 1459 1494 1494 abire
1527 1460 1671 1494 liberum

284 1528 500 1562 dimiserunt.
551 1526 615 1565 Qui
649 1526 772 1560 abiens
809 1527 1056 1559 monasterium
1086 1526 1229 1560 intravit
1255 1528 1307 1567 et,
1345 1525 1461 1570 quoad
1496 1527 1600 1569 vixit,
1638 1528 1672 1560 in

284 1595 428 1628 servitio
454 1593 517 1626 liei
542 1593 723 1635 genitricis
750 1592 950 1636 permansit.
969 1608 1012 1616 -ν
1031 1611 1072 1616 —
1093 1612 1135 1616 —
1162 1595 1213 1628 (5.
1238 1590 1318 1625 Fuit
1343 1591 1481 1635 quidam
1511 1591 1670 1633 clericus⁷

283 1661 341 1705 qui
374 1659 510 1693 beatam
545 1656 693 1691 Mariam
727 1657 828 1691 valde
864 1657 1016 1702 diligens
1048 1656 1154 1691 horas
1189 1657 1264 1701 ejus
1298 1656 1420 1690 sedulo
1446 1656 1671 1694 decantabat.

284 1725 365 1759 (lum
401 1727 514 1758 autem
548 1727 712 1767 parentes
741 1723 816 1766 ejus
844 1727 1081 1764 morerentur,
1118 1722 1222 1756 alium
1257 1733 1325 1756 non
1361 1722 1534 1757 habentes
1569 1722 1671 1757 here-

282 1790 358 1825 dem
386 1790 496 1825 eidem
523 1788 753 1822 hereditatem
782 1787 995 1822 dimiserunt.
1044 1788 1252 1832 Compulsus
1274 1792 1327 1822 est
1345 1789 1453 1833 igitur
1471 1787 1515 1822 ab
1537 1789 1669 1828 amicis,

281 1860 318 1890 ut
343 1866 483 1890 uxorem
513 1856 690 1898 acciperet
715 1858 748 1888 et
776 1853 1005 1888 hereditatem
1035 1854 1211 1896 propriam
1235 1852 1461 1897 gubernaret.
1512 1851 1667 1891 Quadam

281 1925 394 1955 autem
422 1920 491 1961 die,
527 1930 602 1953 eum
628 1918 672 1951 ad
699 1918 930 1953 celebrandas
957 1919 1097 1961 nuptias
1124 1917 1305 1959 tenderet,
1344 1919 1377 1951 in
1404 1919 1528 1952 itinere
1558 1929 1668 1963 quau—

282 1987 359 2020 ‹lam
378 1986 563 2020 ecclesiam
585 1985 727 2029 reperit,
755 1987 788 2017 et
814 1982 1018 2017 recordatus
1044 1983 1179 2016 servitii
1204 1982 1329 2016 beatae
1350 1981 1486 2016 Mariae
1505 1984 1537 2016 in
1557 1985 1668 2027 ipsam

281 2052 485 2096 ingrediens
508 2050 613 2084 horas
641 2050 716 2093 ejus
744 2048 861 2082 (licere
887 2049 1016 2092 eoepit,
1045 2051 1078 2081 et
1103 2057 1182 2081 ecce
1207 2048 1313 2081 beata
1330 2047 1444 2081 Maria
1464 2047 1574 2082 eidem
1603 2058 1666 2093 ap-

281 2118 396 2161 paruit
421 2121 454 2150 et
480 2116 581 2160 quasi
607 2115 765 2148 severius
793 2114 823 2147 ei
849 2107 955 2146 dixit:
982 2123 1001 2146 o
1028 2112 1132 2147 stulte
1161 2118 1194 2146 et
1220 2112 1390 2155 infidelis,
1417 2123 1478 2146 our
1502 2124 1554 2148 me
1581 2115 1669 2148 ami-

282 2192 354 2216 cam
390 2186 423 2215 et
456 2190 621 2225 sponsam
647 2184 738 2213 tuam
766 2179 933 2223 relinquis
973 2183 1007 2212 et
1032 2178 1114 2211 mihi
1141 2178 1300 2213 seminam
1329 2178 1431 2212 aliam
1458 2181 1670 2223 anteponis?

282 2247 334 2281 Ad
363 2247 429 2281 hoc
457 2247 514 2280 ille
541 2249 766 2289 compuncms
792 2243 836 2277 ad
865 2245 982 2278 socios
1007 2243 1111 2277 rediit
1137 2247 1170 2278 et
1194 2248 1302 2277 totum
1328 2243 1553 2277 dissimulans
1577 2244 1669 2279 cele-

281 2312 393 2346 bratis
435 2312 563 2355 nuptiis
607 2311 721 2345 media
755 2314 856 2343 nocte
891 2310 1051 2343 omnibus
1086 2309 1218 2343 relictis
1252 2309 1295 2344 de
1330 2309 1431 2343 domo
1465 2309 1603 2355 aufugit
1637 2313 1671 2344 et

283 2378 528 2411 nmnasterium
573 2377 706 2409 intrans
747 2374 872 2409 beatae
913 2374 1050 2409 Mariae
1095 2374 1219 2409 devote
1269 2376 1424 2411 servivit.
1470 2394 1509 2399 -
1549 2394 1593 2421 *ss
1625 2394 1669 2399 -

284 2445 325 2480 ἶ.
351 2442 526 2477 Sacerdos
552 2441 731 2486 eujusdam
759 2440 948 2485 parochiae
983 2444 1016 2474 et
1052 2439 1221 2475 honestae
1258 2441 1350 2474 vitae
1376 2440 1503 2474 nullam
1529 2441 1667 2474 missam

283 2510 350 2542 uisi
378 2509 517 2542 missam
543 2507 669 2542 beatae
694 2507 831 2542 Mariae
859 2506 1017 2547 sciebat,
1055 2515 1156 2550 quam
1194 2507 1227 2539 in
1255 2506 1331 2550 ejus
1358 2504 1522 2540 honorem
1547 2503 1668 2539 sedule

284 2573 505 2607 decantabat.
555 2573 657 2617 Apud
694 2574 894 2617 episcopum
930 2573 1038 2617 igitur
1073 2575 1257 2605 accusatur
1282 2574 1316 2605 et
1340 2570 1384 2604 ab
1409 2579 1450 2604 eo
1476 2569 1578 2602 eitius
1606 2580 1666 2604 ae-

286 2639 441 2671 cersitur.
501 2637 581 2671 (lum
623 2648 704 2671 vero
753 2647 869 2671 (oram
912 2638 1081 2681 episeopo
1121 2646 1159 2670 se
1202 2636 1303 2669 aliam
1351 2635 1489 2668 missam
1531 2635 1668 2669 nescire

287 2701 440 2736 diceret.
479 2704 665 2747 episeopus
703 2704 812 2747 ipsum
849 2703 949 2747 quasi
986 2701 1204 2736 seductorem
1241 2699 1325 2732 dure
1362 2697 1542 2743 redarguit
1566 2703 1599 2734 ct
1625 2699 1667 2733 ab
