1742 3005
96 66 192 116 Cap.
214 65 366 102 CXXV,
424 65 482 101 De
517 65 773 101 decollatione
799 65 919 101 saneti
937 65 1123 101 ,lobannis
1147 64 1342 114 baptistae.
1402 65 1481 102 567

99 171 164 205 hoc
176 170 301 205 festum
316 168 407 204 istud
419 168 655 214 aquibusdam
668 169 903 204 diversimode
914 171 1121 212 nominatur,
1139 168 1479 211 scilicctdecollatio,

92 235 273 278 collectio,
299 237 452 270 inventio
480 246 521 269 ac
552 235 738 270 dedicatio.
787 235 901 270 Primo
923 236 1031 281 igitur
1046 235 1246 269 celebratur
1265 235 1329 270 hoe
1355 236 1477 270 festum

89 306 236 346 propter
267 303 377 346 ipsius
411 300 701 341 decollationem,
741 310 831 345 quae
865 300 1002 346 quidem
1040 300 1108 334 hoc
1140 301 1243 334 modo
1280 302 1373 335 saeta
1414 306 1476 337 est.

89 366 268 408 Nam,<ut
299 367 449 401 habetur
484 368 519 400 iu
551 367 708 411 hystoria
745 365 980 407 scholastica,
1014 365 1171 400 Herodes
1204 366 1353 411 Antipas
1386 367 1476 402 lilius

87 433 203 477 magni
228 431 377 466 Herodis
402 432 543 467 Romam
567 430 793 475 proficiscens
827 434 861 463 ct
893 440 956 474 per
986 430 1126 463 fratrem
1155 441 1251 465 suum
1278 431 1474 477 Philippum

85 499 268 532 transitum
301 498 454 538 faciens,
493 507 566 530 cum
600 494 800 529 Herodiadc
829 505 937 528 uxore
963 493 1114 539 Philippi
1142 499 1176 529 et
1200 496 1387 530 secundum
1411 498 1473 532 Jo-

86 562 231 607 sephum
269 573 393 597 sorore
418 560 570 595 Herodis
605 561 789 605 Agrippae
817 564 953 594 secreto
981 561 1146 605 pepegit,
1182 561 1273 606 quod
1303 563 1335 595 in
1362 563 1474 598 reditu

85 638 148 662 suo
172 638 314 662 uxorem
350 626 554 671 repudiaret
579 631 612 661 et
638 628 749 670 ipsam
783 627 817 659 in
842 626 1027 671 conjugem
1056 625 1209 661 duceret.
1260 628 1358 668 Quod
1385 640 1472 663 uxo-

84 702 154 727 rem
180 702 277 726 suam
303 692 440 728 scilieet
466 692 570 727 tiliam
598 691 753 727 Arethae
781 693 876 737 regis
902 691 1194 726 Damascenorum
1214 694 1350 727 minime
1372 694 1474 729 latuit

80 762 116 793 et
140 757 220 792 ideo
245 769 314 792 non
340 763 544 802 exspectato
572 759 638 792 viri
664 757 780 792 reditu
806 757 851 791 ad
879 759 1025 801 patriam
1052 759 1258 802 quantocius
1281 758 1471 795 festinavit.

81 822 233 858 Rediens
261 829 375 858 autem
402 823 560 858 Herodes
585 823 817 857 Herodiadem
843 822 1005 866 Philippo
1039 822 1227 863 ¹)abstulit
1248 827 1281 857 et
1304 825 1469 859 Aretham

80 899 197 934 regem
223 893 256 923 et
281 889 450 924 Herodem
466 889 659 934 Agrippam
676 893 707 922 et
724 888 919 931 Philippum
936 888 969 920 in
989 888 1043 920 sui
1061 888 1275 921 inimicitiam
1301 891 1468 934 incitavit,

78 954 258 989 Johanues
290 960 404 989 autem
438 965 512 989 eum
540 954 582 988 de
610 954 676 987 hoc
701 952 897 997 arguebat,
933 954 1095 997 qnoniam
1129 953 1315 988 seeumlnm
1342 955 1467 1001 legem,

79 1030 181 1065 quam
205 1025 408 1065 receperat,
436 1020 555 1054 fratris
582 1021 634 1054 sui
662 1029 804 1053 uxorem
831 1020 909 1063 ipso
939 1020 1075 1053 vivente
1097 1019 1165 1052 sibi
1183 1021 1320 1054 minime
1338 1020 1468 1057 habere

77 1085 217 1121 licebat.
265 1086 395 1121 Videtis
422 1085 599 1128 Herodes,
634 1084 726 1130 quod
752 1084 930 1119 Johannes
955 1088 1022 1118 tam
1053 1084 1138 1119 dure
1167 1095 1241 1119 eum
1268 1096 1375 1129 super
1402 1086 1468 1121 hoc

76 1149 324 1196 redargueret,
372 1155 406 1186 et
437 1152 520 1196 quia
553 1150 597 1184 ob
631 1151 928 1195 praedicationem
968 1155 1002 1185 et
1031 1150 1239 1195 baptismum
1278 1151 1465 1186 secundum

73 1214 264 1260 Josephum
296 1227 455 1262 magnum
488 1216 653 1261 populum
690 1220 948 1261 congregaret,
983 1217 1092 1261 ipsum
1120 1218 1151 1250 in
1179 1226 1320 1251 earcere
1347 1219 1463 1252 vincu-

75 1280 174 1323 lavit,
208 1284 308 1316 uxori
335 1282 476 1328 placere
504 1284 647 1326 cupiens
675 1286 709 1316 et
733 1282 854 1326 populi
887 1281 1134 1327 subsequentis
1167 1282 1358 1318 Johanncm
1391 1283 1464 1318 dis-

73 1346 236 1390 pendium
270 1349 535 1391 pertimescens,
582 1346 698 1391 Ipsum
724 1351 804 1380 ante
841 1347 1001 1382 occidere
1033 1348 1169 1391 voluit,
1202 1348 1265 1382 sed
1300 1349 1463 1393 populum

73 1413 197 1445 timuit.
245 1412 497 1447 Desiderantes
523 1416 637 1446 autem
663 1412 836 1446 Hei-odias
863 1416 897 1446 et
916 1412 1073 1447 Herodes
1092 1415 1224 1458 pariter
1242 1416 1461 1449 occasionem

72 1477 226 1522 aliquam
253 1479 429 1520 invenire,
456 1482 494 1511 ut
518 1477 712 1513 Johannem
738 1478 899 1512 occidere
926 1483 1090 1522 possent,
1128 1479 1285 1513 videntur
1310 1480 1400 1514 iuter
1424 1491 1462 1514 se

72 1547 210 1577 secreto
250 1543 474 1586 condixisse,
513 1547 550 1577 ut
592 1542 750 1577 Herodes
790 1543 920 1576 natalis
963 1545 1016 1577 sui
1059 1543 1149 1577 diem
1187 1553 1303 1577 coram
1339 1546 1460 1588 primis

75 1609 109 1650 2)
124 1607 304 1643 Galilaeae
329 1610 472 1653 suisque
497 1608 715 1652 principibus
742 1608 940 1642 celebraret
974 1612 1008 1642 et
1032 1608 1173 1652 puellae
1199 1609 1341 1643 saltanti
1368 1610 1460 1646 tiliae

72 1672 302 1717 Herodiadis‚
331 1672 498 1719 quidquid
529 1675 688 1718 petierit,
725 1683 763 1708 se
789 1673 858 1707 sibi
887 1673 1044 1708 daturum
1067 1675 1267 1719 juramento
1295 1675 1458 1717 tii-maret,

71 1742 106 1772 et
131 1740 210 1783 ipsa
234 1744 339 1784 caput
361 1739 534 1775 Johannis
559 1744 699 1784 petente
726 1739 810 1774 illud
836 1740 902 1774 sibi
925 1741 1314 1784 propterjuramentum
1333 1740 1458 1774 sactum

68 1803 223 1839 tribuere
249 1810 449 1849 oporteret,
476 1805 536 1840 sed
563 1805 606 1840 de
627 1807 826 1850 juramento
855 1806 947 1839 sacto
975 1816 1013 1839 se
1038 1807 1239 1839 contristari
1266 1805 1459 1843 simularet.

70 1868 170 1908 Quod
196 1871 284 1905 enim
310 1870 400 1906 hanc
426 1873 612 1906 versutiam
639 1875 674 1905 et
700 1870 956 1905 simulationem
984 1871 1166 1912 habuerit,
1202 1871 1339 1906 videtur
1365 1873 1459 1905 innui

68 1935 105 1967 in
136 1934 295 1979 hystoria
331 1936 564 1979 scholastica,
601 1938 661 1971 ubi
692 1938 744 1971 sic
779 1937 922 1970 dicitnr:
959 1936 1129 1972 credibile
1164 1941 1238 1978 est,
1272 1936 1363 1982 quod
1390 1937 1458 1972 lle-

69 1997 175 2032 rodes
217 2009 292 2034 cum
335 2012 443 2036 uxore
477 2002 521 2036 de
556 2012 640 2036 nece
677 2002 848 2037 Johannis
883 2002 946 2035 sub
981 2003 1046 2036 tali
1077 2004 1262 2036 occasione
1298 2002 1458 2036 facienda

67 2065 166 2108 prius
200 2068 336 2099 secreto
370 2067 584 2099 tractaverit.
633 2065 716 2100 Item
752 2066 978 2110 Hieronymus
1011 2068 1046 2100 in
1081 2066 1227 2100 Glossa:
1259 2067 1339 2100 ideo
1367 2067 1457 2100 sorte

64 2131 218 2175 juravit,
247 2133 285 2163 ut
310 2131 531 2164 occasionem
560 2132 731 2166 inveniret
756 2130 958 2173 occidendi3
1007 2141 1084 2164 nam
1117 2133 1146 2164 si
1175 2131 1236 2165 iila
1261 2133 1370 2176 patris
1398 2137 1457 2165 aut

67 2197 188 2230 matris
228 2197 402 2230 interitum
447 2196 685 2240 postulasset,
735 2196 891 2231 Herodes
935 2207 1003 2230 non
1040 2198 1161 2242 utiquc
1204 2199 1453 2239 consensisset⁴

68 2259 238 2296 Ordinato
264 2263 373 2307 igitur
396 2262 555 2295 convivio
581 2262 701 2307 puella
726 2262 848 2305 adest,
874 2272 989 2296 coram
1008 2262 1166 2296 omnibus
1188 2262 1312 2304 saltat,
1338 2263 1456 2307 plaect

67 2327 224 2368 (unctis,
257 2336 295 2361 se
321 2326 413 2368 sibi,
447 2327 618 2372 quidquid
652 2328 812 2372 petierit,
857 2329 1014 2363 daturum
1048 2329 1145 2374 jurat
1177 2338 1257 2370 rex,
1293 2338 1314 2361 a
1346 2332 1454 2362 matre

66 2392 284 2435 praemonita
327 2396 432 2437 caput
471 2391 641 2427 Johannis
684 2394 905 2439 expostulat,
954 2393 1016 2429 sed
1060 2394 1259 2438 versipellis
1299 2393 1454 2428 Herodes

65 2460 210 2501 propter
229 2457 476 2502 jusjurandum
502 2467 540 2492 se
573 2460 813 2494 contristatum
847 2460 1041 2502 simulavit,
1074 2470 1115 2494 eo
1149 2458 1264 2504 quod,
1299 2463 1337 2494 ut
1371 2459 1455 2494 dicit

62 2520 241 2565 Rabanus,
264 2523 434 2567 jurasset,
461 2522 553 2568 quod
571 2534 646 2558 eum
666 2524 784 2560 facere
805 2530 995 2571 oporteret.
1054 2525 1124 2561 Sed
1148 2527 1326 2560 tristitiam
1349 2535 1453 2571 prae-

81 2591 123 2598 —

130 2621 157 2655 1)
175 2621 228 2650 Ed.
247 2625 291 2650 Pr.
311 2622 419 2649 verba:
441 2622 525 2649 abst
539 2621 611 2649 ulit
631 2638 663 2642 —-
683 2622 738 2650 sni
758 2622 878 2653 omittit,
982 2625 1011 2658 2)
1034 2623 1087 2654 Ed,
1106 2627 1147 2652 ΡΥ.
1176 2623 1355 2651 Gallicae
1375 2623 1452 2650 male

63 2663 158 2691 offert.
