1742 3005
188 103 281 153 Cap.
314 101 445 139 CLIX.
503 100 563 138 De
594 103 736 139 sanctis
767 101 934 148 Syinone
967 107 1004 137 et
1033 98 1132 136 suda
1162 99 1358 149 apostolis.
1419 97 1498 135 709

113 206 174 240 Cui
198 206 376 251 magit-si
409 207 461 240 vis
486 205 624 249 videre,
659 208 741 252 quia
773 203 876 239 nobis
903 205 1149 250 praesentibus
1182 205 1278 250 loqui
1305 214 1371 238 non
1398 208 1497 248 pote-

110 274 206 311 runt,
232 271 373 305 veniant
399 271 467 305 hue
492 272 554 305 viri
583 271 880 317 eloquentissimi,
913 277 946 306 et
971 273 1001 306 si
1031 282 1145 306 coram
1171 270 1273 304 nobis
1299 270 1376 303 ausi
1402 268 1498 313 loqui

110 336 254 378 suerint,
290 346 354 370 nos
387 347 449 381 per
481 339 596 372 omnia.
627 338 807 382 imperitos
851 337 1031 381 probabis.
1084 338 1166 370 Cum
1213 340 1327 370 autem
1358 335 1496 379 plurimi

108 401 274 436 advocati
299 401 440 437 adducti
467 402 626 445 fuissent,
654 404 818 437 continuo
842 412 958 435 coram
984 404 1097 447 magis
1124 404 1172 435 ita
1197 403 1280 435 muti
1302 401 1387 434 sacti
1403 404 1494 441 sunt,

107 472 144 502 ut
178 477 242 502 nee
278 467 437 511 nutibus,
474 469 566 514 qnod
604 469 697 512 loqui
733 478 800 500 non
832 470 1015 511 poterant,
1053 466 1259 500 indicarent.
1308 466 1495 499 Dixerunt-

107 544 173 579 que
201 535 292 580 magi
320 533 364 568 ad
391 544 520 579 regem:
545 536 582 566 ut
606 534 698 566 scias
725 542 788 566 nos
808 531 902 566 Deos
930 542 1021 574 esse,
1048 533 1282 577 permittemus
1305 540 1365 565 eos
1386 530 1493 574 loqui„

106 599 169 635 sed
203 599 381 633 ambulare
415 609 482 632 non
517 607 645 642 pesse,
691 598 886 642 iterumque
920 598 1103 632 reddemus
1138 599 1182 631 iis
1215 607 1396 643 gressum,
1429 594 1493 629 sed

106 666 273 700 faciemus
308 674 370 698 eos
404 664 537 708 apertis
574 663 684 698 oeulis
718 674 786 697 non
813 663 941 698 videre.
991 663 1054 703 Qui
1082 673 1156 697 eum
1183 663 1272 697 haee
1298 662 1413 696 omnia
1440 661 1491 695 fe-

103 731 253 772 cissent,
291 728 359 763 dux
390 728 583 764 advocatos
619 728 699 763 ilios
730 730 880 773 turpiter
905 728 1071 764 confusos
1103 728 1147 762 ad
1174 728 1356 773 apostolos
1382 727 1490 761 duxit.

104 796 198 835 Quos
231 805 305 830 eum
331 794 494 829 advocati
520 805 698 839 pannosos
725 794 907 836 vidissent,
934 805 994 829 eos
1021 796 1056 829 in
1083 796 1196 828 animo
1221 796 1489 828 contemserunt.

103 860 235 901 Quibus
269 860 416 905 Ssmon:
449 870 556 904 saepe
591 861 726 901 evenit,
760 864 797 894 ut
828 852 920 894 intra
953 862 1085 894 scrinia
1118 870 1226 895 aurea
1259 863 1293 894 et
1317 861 1491 904 gennnata

102 927 185 961 vilia
226 936 388 971 quaeque
432 925 629 960 habeantur
676 925 811 959 inclusa
855 929 889 959 et
923 926 1014 959 intra
1050 926 1240 960 vilissimas
1282 928 1315 958 et
1350 924 1489 969 ligneas

102 1002 228 1038 capsas
270 993 340 1026 sint
379 1000 589 1037 gemmarum
635 991 779 1025 monilia
815 992 972 1035 pretiosa
1009 993 1217 1036 composita.
1275 990 1487 1033 Quicumque

101 1069 186 1104 ergo
207 1058 355 1103 alicujus
371 1059 422 1092 rei
443 1059 537 1101 eupit
556 1066 633 1091 esse
656 1067 856 1101 possessor,
879 1067 945 1090 non
964 1066 1177 1101 magnopere
1201 1057 1229 1101 ¹)
1243 1057 1486 1102 gestatorium,

98 1124 160 1160 sed
195 1125 325 1168 ipsum,
361 1122 452 1167 quod
486 1126 667 1168 gestatur,
708 1126 901 1166 exspectat.
952 1122 1147 1157 Promittite
1183 1124 1307 1168 igitur,
1347 1131 1408 1156 vos
1441 1120 1484 1154 ab

96 1189 276 1235 ydolorum
300 1188 436 1223 cultura
460 1187 643 1223 discedere
671 1192 706 1222 et
734 1188 845 1222 solum
873 1187 979 1223 Deum
1006 1188 1215 1223 invisibilem
1249 1187 1417 1227 adorare,
1451 1191 1485 1220 et

96 1265 160 1289 nos
187 1256 324 1300 signum
349 1256 462 1289 crucis
491 1256 525 1289 in
552 1254 725 1289 frontibus
755 1256 882 1289 vestris
909 1255 1075 1288 faciemus
1103 1258 1138 1288 et
1160 1264 1282 1299 magos
1301 1253 1484 1287 confutare

97 1321 272 1365 poteritis.
321 1320 419 1361 Quod
448 1330 520 1355 cum
549 1320 714 1355 fecissent
741 1324 775 1354 et
799 1322 831 1354 in
859 1320 1031 1353 frontibus
1058 1321 1257 1365 consignati
1283 1323 1412 1359 essent,
1440 1317 1485 1351 ad

98 1396 215 1431 regem
241 1395 357 1420 coram
384 1388 497 1431 magis
527 1387 648 1420 iterum
675 1387 828 1431 ingressi
856 1389 954 1427 sunt,
981 1390 1015 1420 et
1039 1396 1112 1419 cum
1139 1395 1159 1419 a
1184 1386 1296 1431 magis
1323 1385 1486 1429 superari

97 1462 164 1485 non
180 1454 336 1495 possent,
364 1452 429 1484 imo
457 1452 543 1495 ipsis
568 1460 685 1484 coram
711 1451 870 1485 omnibus
899 1451 1116 1493 insultarent,
1145 1452 1224 1485 irati
1250 1451 1343 1496 magi
1368 1450 1483 1483 multi-

96 1516 247 1552 tudinem
275 1518 486 1561 serpentium
513 1516 680 1551 advenire
707 1516 885 1558 fecerunt,
919 1518 1107 1561 statimque
1142 1516 1184 1551 ad
1222 1517 1359 1561 jussum
1387 1516 1482 1560 regis

96 1584 275 1618 venientes
301 1582 451 1627 apostoli
478 1582 586 1627 pallia
613 1592 678 1616 sua
710 1582 751 1618 de
785 1581 1006 1626 serpentibus
1035 1582 1265 1626 impleverunt
1292 1585 1325 1615 et
1350 1583 1383 1614 in
1410 1590 1481 1613 ma-

96 1658 162 1694 gos
189 1651 416 1693 projecerunt
442 1648 619 1683 dicentes:
646 1648 680 1682 in
708 1649 846 1682 nomine
873 1647 1002 1681 domini
1029 1659 1097 1681 non
1123 1648 1335 1687 moriemini,
1372 1645 1432 1680 sed
1462 1656 1483 1679 a

96 1713 319 1758 serpentibus
347 1713 492 1749 lacerati
516 1713 672 1748 dolorum
699 1717 890 1748 vestrorum
916 1714 1068 1758 mugitus
1095 1713 1240 1750 dabitis.
1288 1712 1368 1747 Cum
1396 1722 1480 1757 ergo

96 1783 279 1824 serpentes
306 1789 430 1814 earnes
457 1789 574 1814 eorum
602 1778 825 1813 comederent
849 1783 884 1814 et
912 1780 979 1824 ipsi
1003 1782 1177 1824 tamquam
1204 1779 1275 1823 lupi
1294 1778 1480 1815 ulularent,

96 1855 156 1880 rex
182 1848 217 1880 et
241 1845 371 1880 caeteri
396 1845 572 1890 rogabant
596 1844 799 1890 apostolos,
825 1848 862 1878 ut
888 1854 949 1879 eos
975 1854 996 1879 a
1021 1844 1243 1889 serpentibus
1269 1843 1383 1878 occidi
1401 1853 1479 1887 per-

94 1911 280 1946 mitterent.
330 1910 462 1950 Quibus
489 1910 643 1955 apostoli
668 1909 945 1955 responderunt:
972 1921 1035 1944 nos
1062 1912 1159 1944 missi
1180 1920 1297 1944 snmus
1314 1909 1482 1944 reducere

96 1974 139 2010 de
171 1979 280 2010 morte
315 1975 360 2010 ad
396 1977 521 2019 vitam,
555 1987 621 2010 non
656 1985 679 2010 a
710 1977 782 2009 vita
807 1977 1041 2020 praecipitare
1066 1978 1100 2010 in
1128 1980 1292 2017 mortem,
1329 1979 1363 2010 et
1390 1974 1482 2008 sucta

96 2041 256 2074 oratione
276 2041 461 2085 jusserunt
484 2041 726 2086 serpentibus,
753 2045 790 2074 ut
815 2051 913 2075 omne
941 2052 1121 2083 venenum,
1148 2043 1241 2087 quod
1268 2042 1480 2077 infuderant.

95 2110 301 2140 revocarent
333 2109 367 2140 et
399 2105 617 2150 postmodum
652 2105 694 2139 ad
731 2105 810 2138 loca
843 2115 907 2138 sua
948 2106 1113 2140 redirent.
1166 2106 1326 2151 Major-es
1369 2109 1483 2139 autem

96 2173 270 2206 cruciatus
297 2172 389 2215 magi
416 2175 620 2211 senserunt,
651 2180 724 2204 eum
752 2180 884 2204 venena
909 2175 1090 2215 serpentes
1116 2171 1354 2212 retraherent,
1381 2180 1482 2215 quam

95 2248 168 2271 eum
186 2240 266 2272 ante
285 2246 409 2271 earnes
431 2235 664 2270 comederent.
693 2235 826 2276 Quibus
846 2237 999 2280 apostoli
1018 2236 1198 2271 dixerunt:
1222 2236 1334 2270 tribus
1357 2235 1481 2270 diebus

96 2302 238 2337 dolores
266 2303 449 2344 sentietis,
481 2303 587 2337 tertia
621 2313 705 2336 vero
740 2302 797 2337 die
833 2303 911 2336 sani
944 2304 1061 2342 eritis,
1096 2307 1133 2337 ut
1166 2302 1219 2338 vel
1247 2304 1296 2336 sic
1322 2311 1343 2335 a
1368 2305 1484 2335 vestra

95 2367 229 2402 malitia
264 2366 448 2403 recedatis.
497 2368 579 2403 Cum
618 2379 704 2415 ergo
742 2369 856 2402 tribus
888 2367 1012 2403 diebus
1045 2370 1121 2403 sine
1155 2368 1232 2402 cibo
1269 2373 1303 2402 et
1333 2371 1414 2412 potu
1442 2376 1483 2399 ae

96 2443 216 2468 somno
242 2430 424 2466 doloribus
448 2434 585 2467 nimium
613 2435 756 2468 cruciati
783 2435 1010 2476 mansissent,
1043 2434 1197 2479 apostoli
1234 2434 1411 2467 venientes
1438 2423 1482 2464 ad

97 2509 158 2534 eos
184 2498 366 2532 dixerunt:
393 2508 460 2532 nen
488 2497 654 2543 dignatur
674 2499 834 2533 dominus
853 2498 983 2534 habere
1003 2504 1126 2533 coacta
1143 2500 1303 2539 servitia,
1333 2497 1482 2543 ideoque

97 2565 230 2610 surgite
261 2564 339 2598 sani
371 2565 405 2597 et
439 2562 533 2597 abite
567 2561 736 2598 habentes
772 2564 917 2598 liberam
952 2563 1151 2598 facultatem
1186 2564 1357 2604 faciendi,
1393 2573 1482 2609 quae

98 2629 215 2664 vultis.
261 2627 314 2662 lili
342 2631 455 2662 autem
482 2629 515 2662 in
542 2628 673 2662 malitia
698 2629 929 2673 perdurantes
957 2629 999 2664 ab
1027 2631 1069 2663 iis
1107 2629 1272 2675 sugerunt
1305 2635 1337 2664 et
1371 2639 1481 2675 paene

166 2710 194 2740 l)
215 2707 266 2737 Ed.
286 2711 331 2737 Pr.
350 2711 593 2739 gestatorum
614 2706 694 2738 legit.
