1742 3005
316 80 397 118 790
582 83 676 128 (jap.
713 80 903 115 CLXXll.
964 80 1021 115 De
1053 85 1183 115 sancta
1216 79 1434 116 Catlierina.

318 192 419 228 quam
441 191 615 226 pauperes
636 181 680 215 ad
697 180 946 216 Alexandriam
968 188 1195 223 convocaret,
1222 186 1259 216 ut
1276 181 1390 226 ydolis
1409 182 1644 223 immolarent,
1671 185 1705 216 et

319 247 530 281 christianos
551 247 730 282 immolare
746 247 905 283 nolentes
932 250 1082 293 puniret,
1110 247 1310 289 Gallici-ina,
1336 257 1409 281 cum
1430 252 1523 282 esset
1539 256 1704 281 annorum

320 311 438 346 decem
465 316 499 346 et
516 317 594 347 octo
617 317 650 348 et
671 314 703 347 in
721 313 852 358 palatio
875 314 1006 348 divitiis
1032 318 1066 349 et
1090 315 1208 360 pueris
1235 313 1338 359 pleno
1365 313 1444 347 sola
1470 315 1706 354 remansisset,

318 377 467 413 audiens
492 380 689 413 animalium
718 379 937 414 diversorum
965 382 1119 427 mugitus
1147 386 1180 415 et
1204 381 1413 414 cantantium
1435 379 1579 424 plausus
1600 380 1706 413 misso

319 443 403 479 illuc
434 447 554 479 nuntio
588 447 715 491 inquiri
746 447 855 491 jussit
893 446 1077 489 celeriter,
1120 445 1201 492 quid
1237 446 1303 480 hoc
1337 449 1443 480 esset.
1501 444 1600 484 Quod
1635 455 1707 479 cum

319 510 522 553 didicisset,
557 513 721 546 assumtis
753 512 930 558 aliquibus
965 512 1007 547 de
1039 513 1174 558 palatio
1207 514 1309 559 signo
1339 512 1452 546 erucis
1488 521 1526 546 se
1554 512 1709 545 muniens

319 576 403 611 illuc
431 578 583 611 accessit
606 578 724 623 ibique
749 578 874 612 multos
896 577 1109 612 christianos
1132 583 1221 614 metu
1238 580 1357 613 mortis
1378 577 1421 612 ad
1439 578 1611 612 sacrilieia
1632 576 1710 610 ‹lm-i

321 644 515 686 conspexit.
569 643 665 682 Quae
695 643 889 678 vehementi
917 644 1039 679 dolore
1062 644 1180 679 cordis
1211 646 1369 679 sauciata.
1394 644 1438 678 ad
1466 646 1710 689 imperatorem

320 706 492 742 audacter
508 718 545 742 se
565 709 717 754 ingessit
736 713 769 743 et
790 710 839 742 sic
855 712 921 743 ait:
949 710 1196 746 salutationem
1224 711 1286 745 tibi
1307 710 1478 755 prolerre,
1507 712 1710 754 imperator,

321 777 355 807 et
380 773 515 807 ordinis
543 773 698 820 dignitas
726 777 758 808 et
786 775 934 809 rationis
961 777 1017 809 via
1045 776 1315 820 praemonebat,
1349 778 1377 810 si
1409 780 1601 810 creatorem
1630 785 1711 809 coe-

323 838 433 873 lorum
456 849 671 885 agnosceres
691 843 723 874 et
744 849 764 873 a
784 839 859 874 Diis
881 842 1030 874 animum
1048 851 1245 875 revocares.
1279 841 1454 886 Stansque
1475 845 1554 875 ante
1570 843 1711 886 januam

317 905 436 949 templi
472 916 534 950 per
559 907 676 940 varias
703 906 946 941 conclusiones
973 907 1254 953 syllogismorum
1280 907 1472 953 allegorice
1499 910 1533 941 et
1562 907 1591 951 ¹)
1605 910 1713 940 meta-

323 971 495 1016 phorice,
530 971 661 1006 diserte
690 976 723 1007 et
748 974 891 1017 mystice
916 973 1024 1007 multa
1050 983 1124 1007 cum
1152 973 1305 1008 Caesare
1331 973 1534 1018 disputavit.
1581 971 1715 1007 Deinde

321 1036 467 1075 rediens
493 1037 538 1071 ad
565 1048 742 1072 commune
769 1037 979 1084 colloquium
1016 1039 1122 1073 dixit:
1159 1040 1249 1074 haee
1279 1038 1342 1073 tibi
1374 1043 1537 1083 tanquam
1564 1039 1715 1083 sapienti

321 1102 484 1147 proferre
520 1104 661 1145 curavi,
703 1113 793 1137 nunc
838 1109 951 1139 autem
995 1115 1102 1150 quare
1147 1106 1320 1139 incassum
1357 1105 1588 1150 congregasti
1627 1103 1716 1138 hanc

320 1167 575 1204 multitudinem
603 1168 647 1202 ad
676 1166 860 1204 colendam
888 1170 1069 1204 stultitiam
1095 1171 1302 1215 ydolorum?
1350 1171 1495 1206 Miraris
1528 1170 1594 1204 lioc
1629 1173 1715 1204 tem-

322 1234 415 1279 plum
445 1245 545 1269 manu
573 1234 741 1269 artificum
769 1240 972 1280 operatum,
1006 1237 1145 1270 miraris
1183 1239 1386 1270 ornamenta
1414 1237 1590 1281 pretiosa,
1627 1245 1716 1281 quae

320 1300 417 1335 velut
459 1300 572 1345 pulvis
611 1305 692 1335 ante
738 1301 859 1336 faciem
907 1303 998 1336 venti
1032 1305 1145 1337 erunt.
1202 1301 1334 1336 Mirare
1367 1303 1483 1346 potius
1514 1301 1646 1336 coelum
1683 1305 1717 1336 et

321 1372 449 1401 terram
467 1394 474 1408 ,
511 1377 606 1402 mare
644 1371 677 1402 et
703 1369 837 1409 omnia,
871 1378 959 1413 quae
987 1369 1019 1401 in
1047 1369 1089 1401 iis
1116 1371 1217 1408 snnt3
1249 1369 1377 1402 mirare
1407 1372 1610 1402 ornamenta
1635 1377 1716 1402 coe-

320 1431 455 1475 lorum,
484 1432 593 1467 solem
621 1433 787 1473 videlieet
809 1438 842 1468 et
860 1433 975 1468 lunam
997 1437 1030 1468 et
1052 1433 1194 1476 stellas;
1221 1435 1348 1468 mirare
1367 1433 1567 1467 famulatum
1586 1443 1715 1476 eorum,

322 1499 473 1544 qualiter
500 1509 519 1533 a
542 1499 658 1534 mundi
688 1501 787 1534 initio
810 1511 920 1545 usque
937 1499 981 1534 ad
1005 1499 1103 1534 linem
1125 1504 1227 1534 nocte
1249 1503 1281 1534 et
1302 1499 1358 1534 die
1391 1503 1532 1533 currunt
1558 1499 1602 1533 ad
1625 1501 1717 1533 occi-

325 1563 461 1599 dentem
488 1569 522 1599 et
548 1564 696 1600 redeunt
716 1564 758 1599 ad
782 1567 950 1600 orientem
969 1576 1199 1610 necunquam
1227 1566 1440 1611 fatigantur,
1468 1569 1502 1599 et
1530 1576 1604 1599 cum
1629 1565 1717 1601 liaeo

323 1629 635 1672 animadverteris,
671 1632 852 1678 interroga
880 1637 913 1667 et
938 1632 1057 1672 disee,
1097 1633 1174 1677 quis
1201 1633 1246 1666 sit
1271 1642 1387 1666 eorum
1414 1633 1609 1676 potentior3
1643 1642 1716 1666 cum

322 1700 434 1731 autem
464 1697 575 1741 ipsum
604 1698 681 1742 ipso
708 1697 861 1732 donante
890 1698 1107 1732 intellexeris
1135 1708 1198 1732 nee
1223 1698 1368 1732 similem
1397 1697 1447 1731 illi
1474 1699 1628 1733 invenire
1654 1707 1716 1731 va-

322 1762 450 1803 tueris,
487 1764 598 1807 ipsum
627 1763 758 1805 adora,
792 1764 902 1808 ipsum
931 1763 1112 1809 glor-ilica7
1147 1765 1225 1808 ipse
1257 1765 1344 1798 enim
1371 1767 1424 1796 est
1448 1763 1541 1798 Deus
1568 1763 1715 1797 Deorum

324 1832 358 1861 et
375 1827 534 1861 domiuus
554 1827 814 1862 dominantium.
866 1829 1018 1874 Cumque
1037 1829 1079 1863 de
1099 1829 1158 1862 lilii
1178 1828 1614 1872 incarnatione?sapienter
1638 1828 1715 1872 plu-

326 1893 412 1925 rima
439 1892 680 1936 disputasset,
708 1894 925 1937 stupefactus
953 1894 1085 1927 Caesar
1109 1904 1176 1926 non
1204 1893 1312 1926 valuit
1339 1892 1383 1926 ad
1407 1892 1472 1926 boc
1490 1894 1716 1938 respondere,

324 1956 462 1991 tandem
501 1956 544 1990 ad
581 1968 619 1992 se
654 1969 815 1993 reversus
851 1958 939 1992 «lixit
973 1958 1015 1991 ad
1054 1969 1146 1992 eam:
1185 1960 1280 1999 sine,
1318 1969 1337 1991 o
1373 1958 1513 2001 mulier,
1551 1960 1627 1993 sine
1653 1969 1716 1992 nos

325 2023 424 2057 linire
457 2023 664 2056 sacrilieinm
703 2028 736 2057 et
772 2028 852 2068 post
892 2023 958 2057 boc
992 2024 1056 2057 tibi
1091 2033 1262 2068 responsa
1291 2023 1490 2059 reddemuS.
1534 2023 1720 2068 Praecepit

326 2090 456 2133 igitur,
485 2098 558 2122 eam
586 2088 630 2122 ad
660 2088 829 2133 palatium
857 2086 932 2122 duci
960 2093 994 2122 et
1023 2099 1095 2122 cum
1124 2088 1310 2134 dilIgentia
1336 2088 1517 2131 custodiri,
1542 2089 1718 2124 admirans

324 2155 462 2188 nimium
480 2156 555 2199 ejus
573 2154 791 2199 prudentiam
810 2159 842 2189 et
858 2156 1016 2200 eorporis
1029 2154 1332 2199 pulcluitudinem.
1358 2154 1442 2190 Erat
1459 2156 1545 2189 enim
1559 2157 1719 2200 speciosa

325 2220 428 2254 valde
445 2225 479 2255 ot
499 2220 698 2255 incredibili
726 2220 986 2265 pulchritudine
1013 2221 1160 2254 omnium
1189 2220 1299 2255 oculis
1325 2221 1545 2255 admirabilis
1573 2219 1717 2256 videba-

324 2292 380 2319 tur
402 2289 434 2320 et
455 2287 626 2331 gratiosa.
678 2286 829 2321 Veniens
856 2287 964 2332 igitur
980 2285 1111 2320 Caesar
1133 2286 1175 2320 ad
1196 2287 1361 2331 palatium
1384 2287 1472 2321 dixit
1492 2286 1716 2321 Callierinae:

322 2351 521 2385 audivimus
548 2356 638 2385 tuam
668 2352 903 2397 eloquentiam
932 2356 965 2386 et
993 2354 1105 2386 mirati
1131 2363 1248 2387 sumus
1274 2345 1365 2387 tuam
1395 2352 1629 2398 prudentiam,
1654 2350 1714 2386 sed

323 2418 357 2450 111
394 2416 546 2451 Deorum
582 2418 767 2452 sacrifieiis
802 2419 963 2463 occupati
991 2419 1107 2452 ‹minia
1132 2419 1233 2462 plene
1261 2419 1460 2465 intelligere
1486 2418 1714 2463 nequivimus,

324 2493 412 2516 nunc
449 2487 561 2517 antem
599 2484 642 2517 ab
683 2485 781 2517 initio
818 2485 1022 2529 progeniem
1049 2489 1139 2518 tuam
1168 2485 1386 2530 requirimus.
1436 2484 1476 2519 Et
1498 2488 1620 2520 sancta
1646 2483 1712 2517 Ca—

323 2546 461 2581 tlierina
495 2547 539 2581 ad
579 2548 662 2582 lior:
697 2550 862 2594 scriptum
890 2554 964 2592 est,
998 2561 1061 2585 nec
1089 2554 1121 2585 le
1147 2550 1329 2585 collaudes
1363 2562 1426 2587 nee
1459 2554 1491 2586 te
1517 2550 1713 2595 culpaveris

391 2691 416 2722 1)
444 2691 914 2726 11111,1111111111)1111Γ1’ΙινὲιηιΙ.
