<?xml version="1.0" encoding="UTF-8"?>
<!DOCTYPE html PUBLIC "-//W3C//DTD XHTML 1.0 Transitional//EN"
    "http://www.w3.org/TR/xhtml1/DTD/xhtml1-transitional.dtd">
<html xmlns="http://www.w3.org/1999/xhtml" xml:lang="en" lang="en">
 <head>
  <title>
</title>
<meta http-equiv="Content-Type" content="text/html;charset=utf-8" />
  <meta name='ocr-system' content='tesseract 3.04.00' />
  <meta name='ocr-capabilities' content='ocr_page ocr_carea ocr_par ocr_line ocrx_word'/>
</head>
<body>
  <div class='ocr_page' id='page_1' title='image "./legendaaureavulg00jacouoft_0442.png"; bbox 0 0 1742 3005; ppageno 0'>
   <div class='ocr_carea' id='block_1_1' title="bbox 267 73 1443 130">
    <p class='ocr_par' dir='ltr' id='par_1_1' title="bbox 267 73 1443 130">
     <span class='ocr_line' id='line_1_1' title="bbox 267 73 1443 130; baseline -0.01 -9"><span class='ocrx_word' id='word_1_1' title='bbox 267 81 350 121; x_wconf 80' lang='lat'>408</span> <span class='ocrx_word' id='word_1_2' title='bbox 478 81 574 130; x_wconf 82' lang='lat' dir='ltr'>Cap.</span> <span class='ocrx_word' id='word_1_3' title='bbox 604 78 740 116; x_wconf 79' lang='lat' dir='ltr'>XCVl.</span> <span class='ocrx_word' id='word_1_4' title='bbox 801 77 861 115; x_wconf 86' lang='lat' dir='ltr'>De</span> <span class='ocrx_word' id='word_1_5' title='bbox 891 83 1027 115; x_wconf 84' lang='lat' dir='ltr'>sancta·</span> <span class='ocrx_word' id='word_1_6' title='bbox 1049 75 1170 114; x_wconf 83' lang='lat' dir='ltr'>Maria</span> <span class='ocrx_word' id='word_1_7' title='bbox 1200 73 1443 124; x_wconf 73' lang='lat' dir='ltr'>Magdalena,</span> 
     </span>
    </p>
   </div>
   <div class='ocr_carea' id='block_1_2' title="bbox 268 178 1678 2724">
    <p class='ocr_par' dir='ltr' id='par_1_2' title="bbox 268 178 1658 491">
     <span class='ocr_line' id='line_1_2' title="bbox 268 178 1658 227; baseline -0.007 -6"><span class='ocrx_word' id='word_1_8' title='bbox 268 188 367 221; x_wconf 83' lang='lat' dir='ltr'>sione</span> <span class='ocrx_word' id='word_1_9' title='bbox 399 184 453 219; x_wconf 74' lang='lat' dir='ltr'>vel</span> <span class='ocrx_word' id='word_1_10' title='bbox 491 184 623 217; x_wconf 86' lang='lat' dir='ltr'>munita</span> <span class='ocrx_word' id='word_1_11' title='bbox 649 181 704 216; x_wconf 82' lang='lat' dir='ltr'>vel</span> <span class='ocrx_word' id='word_1_12' title='bbox 742 182 872 217; x_wconf 81' lang='lat' dir='ltr'>invicta</span> <span class='ocrx_word' id='word_1_13' title='bbox 905 192 968 227; x_wconf 88' lang='lat' dir='ltr'>per</span> <span class='ocrx_word' id='word_1_14' title='bbox 994 183 1232 227; x_wconf 83' lang='lat' dir='ltr'>poenitentiae</span> <span class='ocrx_word' id='word_1_15' title='bbox 1259 184 1491 221; x_wconf 85' lang='lat' dir='ltr'>armaturam,</span> <span class='ocrx_word' id='word_1_16' title='bbox 1528 178 1658 222; x_wconf 79' lang='lat' dir='ltr'>optimc</span> 
     </span>
     <span class='ocr_line' id='line_1_3' title="bbox 270 242 1657 292; baseline -0.006 -7"><span class='ocrx_word' id='word_1_17' title='bbox 270 253 358 286; x_wconf 91' lang='lat' dir='ltr'>enim</span> <span class='ocrx_word' id='word_1_18' title='bbox 385 248 544 284; x_wconf 87' lang='lat' dir='ltr'>omnibus</span> <span class='ocrx_word' id='word_1_19' title='bbox 572 248 677 282; x_wconf 88' lang='lat' dir='ltr'>armis</span> <span class='ocrx_word' id='word_1_20' title='bbox 704 249 946 292; x_wconf 83' lang='lat' dir='ltr'>poenitentiae·</span> <span class='ocrx_word' id='word_1_21' title='bbox 971 257 1011 282; x_wconf 91' lang='lat' dir='ltr'>se</span> <span class='ocrx_word' id='word_1_22' title='bbox 1038 248 1201 288; x_wconf 85' lang='lat' dir='ltr'>munivit,</span> <span class='ocrx_word' id='word_1_23' title='bbox 1236 248 1319 292; x_wconf 83' lang='lat' dir='ltr'>quia</span> <span class='ocrx_word' id='word_1_24' title='bbox 1351 244 1435 292; x_wconf 85' lang='lat' dir='ltr'>quot</span> <span class='ocrx_word' id='word_1_25' title='bbox 1464 246 1499 278; x_wconf 93' lang='lat' dir='ltr'>in</span> <span class='ocrx_word' id='word_1_26' title='bbox 1530 254 1569 278; x_wconf 84' lang='lat' dir='ltr'>se</span> <span class='ocrx_word' id='word_1_27' title='bbox 1594 242 1657 277; x_wconf 86' lang='lat' dir='ltr'>ha-</span> 
     </span>
     <span class='ocr_line' id='line_1_4' title="bbox 268 311 1658 359; baseline -0.006 -9"><span class='ocrx_word' id='word_1_28' title='bbox 268 316 343 350; x_wconf 85' lang='lat' dir='ltr'>buit</span> <span class='ocrx_word' id='word_1_29' title='bbox 367 314 641 356; x_wconf 84' lang='lat' dir='ltr'>oblectamenta,</span> <span class='ocrx_word' id='word_1_30' title='bbox 669 317 722 347; x_wconf 88' lang='lat' dir='ltr'>tot</span> <span class='ocrx_word' id='word_1_31' title='bbox 746 313 788 348; x_wconf 92' lang='lat' dir='ltr'>de</span> <span class='ocrx_word' id='word_1_32' title='bbox 814 324 853 348; x_wconf 87' lang='lat' dir='ltr'>se</span> <span class='ocrx_word' id='word_1_33' title='bbox 880 314 1013 359; x_wconf 90' lang='lat' dir='ltr'>reperit</span> <span class='ocrx_word' id='word_1_34' title='bbox 1039 312 1268 354; x_wconf 83' lang='lat' dir='ltr'>holocausta3</span> <span class='ocrx_word' id='word_1_35' title='bbox 1294 315 1376 356; x_wconf 92' lang='lat' dir='ltr'>post</span> <span class='ocrx_word' id='word_1_36' title='bbox 1395 311 1658 345; x_wconf 87' lang='lat' dir='ltr'>conversionem</span> 
     </span>
     <span class='ocr_line' id='line_1_5' title="bbox 268 363 1656 425; baseline -0.004 -11"><span class='ocrx_word' id='word_1_37' title='bbox 268 378 455 425; x_wconf 80' lang='lat' dir='ltr'>magnilica</span> <span class='ocrx_word' id='word_1_38' title='bbox 485 390 549 424; x_wconf 86' lang='lat' dir='ltr'>per</span> <span class='ocrx_word' id='word_1_39' title='bbox 583 381 722 425; x_wconf 80' lang='lat' dir='ltr'>gratiae</span> <span class='ocrx_word' id='word_1_40' title='bbox 756 363 1135 425; x_wconf 79' lang='lat' dir='ltr'>superabundantiam,</span> <span class='ocrx_word' id='word_1_41' title='bbox 1171 378 1253 423; x_wconf 83' lang='lat' dir='ltr'>quia</span> <span class='ocrx_word' id='word_1_42' title='bbox 1285 376 1347 412; x_wconf 88' lang='lat' dir='ltr'>ubi</span> <span class='ocrx_word' id='word_1_43' title='bbox 1370 376 1560 410; x_wconf 81' lang='lat' dir='ltr'>abundavit</span> <span class='ocrx_word' id='word_1_44' title='bbox 1598 374 1656 408; x_wconf 76' lang='lat' dir='ltr'>de‹</span> 
     </span>
     <span class='ocr_line' id='line_1_6' title="bbox 268 444 944 491; baseline -0.001 -11"><span class='ocrx_word' id='word_1_45' title='bbox 268 447 405 489; x_wconf 88' lang='lat' dir='ltr'>lictum,</span> <span class='ocrx_word' id='word_1_46' title='bbox 432 444 733 490; x_wconf 86' lang='lat' dir='ltr'>superabundavit</span> <span class='ocrx_word' id='word_1_47' title='bbox 757 450 792 481; x_wconf 93' lang='lat' dir='ltr'>et</span> <span class='ocrx_word' id='word_1_48' title='bbox 815 448 944 491; x_wconf 79' lang='lat' dir='ltr'>gratia.</span> 
     </span>
    </p>

    <p class='ocr_par' dir='ltr' id='par_1_3' title="bbox 268 506 1678 2724">
     <span class='ocr_line' id='line_1_7' title="bbox 356 506 1661 557; baseline -0.008 -8"><span class='ocrx_word' id='word_1_49' title='bbox 356 515 395 549; x_wconf 92' lang='lat'>1.</span> <span class='ocrx_word' id='word_1_50' title='bbox 421 510 538 546; x_wconf 86' lang='lat' dir='ltr'>Maria</span> <span class='ocrx_word' id='word_1_51' title='bbox 564 511 782 557; x_wconf 84' lang='lat' dir='ltr'>Magdaleua</span> <span class='ocrx_word' id='word_1_52' title='bbox 807 522 829 546; x_wconf 90' lang='lat' dir='ltr'>a</span> <span class='ocrx_word' id='word_1_53' title='bbox 855 511 1026 557; x_wconf 76' lang='lat' dir='ltr'>Magdalo</span> <span class='ocrx_word' id='word_1_54' title='bbox 1046 514 1164 545; x_wconf 86' lang='lat' dir='ltr'>castro</span> <span class='ocrx_word' id='word_1_55' title='bbox 1183 509 1432 555; x_wconf 78' lang='lat' dir='ltr'>cognominata</span> <span class='ocrx_word' id='word_1_56' title='bbox 1455 506 1661 541; x_wconf 74' lang='lat' dir='ltr'>claris&#39;simls</span> 
     </span>
     <span class='ocr_line' id='line_1_8' title="bbox 270 572 1662 625; baseline -0.006 -12"><span class='ocrx_word' id='word_1_57' title='bbox 270 581 324 613; x_wconf 85' lang='lat' dir='ltr'>est</span> <span class='ocrx_word' id='word_1_58' title='bbox 358 581 437 612; x_wconf 85' lang='lat' dir='ltr'>orta</span> <span class='ocrx_word' id='word_1_59' title='bbox 466 576 666 619; x_wconf 82' lang='lat' dir='ltr'>natalibus,</span> <span class='ocrx_word' id='word_1_60' title='bbox 700 582 822 623; x_wconf 82' lang='lat' dir='ltr'>utpote</span> <span class='ocrx_word' id='word_1_61' title='bbox 858 589 901 614; x_wconf 83' lang='lat' dir='ltr'>ex</span> <span class='ocrx_word' id='word_1_62' title='bbox 935 580 1036 625; x_wconf 84' lang='lat' dir='ltr'>regia</span> <span class='ocrx_word' id='word_1_63' title='bbox 1071 578 1181 621; x_wconf 87' lang='lat' dir='ltr'>stirpe</span> <span class='ocrx_word' id='word_1_64' title='bbox 1214 572 1530 609; x_wconf 82' lang='lat' dir='ltr'>descendentibus:</span> <span class='ocrx_word' id='word_1_65' title='bbox 1561 572 1662 616; x_wconf 85' lang='lat' dir='ltr'>cujus</span> 
     </span>
     <span class='ocr_line' id='line_1_9' title="bbox 269 638 1663 690; baseline -0.004 -12"><span class='ocrx_word' id='word_1_66' title='bbox 269 648 371 690; x_wconf 85' lang='lat' dir='ltr'>pater</span> <span class='ocrx_word' id='word_1_67' title='bbox 395 643 520 688; x_wconf 66' lang='lat' dir='ltr'>Syrus,</span> <span class='ocrx_word' id='word_1_68' title='bbox 546 647 658 677; x_wconf 87' lang='lat' dir='ltr'>mater</span> <span class='ocrx_word' id='word_1_69' title='bbox 681 654 764 678; x_wconf 84' lang='lat' dir='ltr'>vero</span> <span class='ocrx_word' id='word_1_70' title='bbox 790 643 968 679; x_wconf 86' lang='lat' dir='ltr'>Eucharia</span> <span class='ocrx_word' id='word_1_71' title='bbox 993 646 1194 687; x_wconf 84' lang='lat' dir='ltr'>nuncupata</span> <span class='ocrx_word' id='word_1_72' title='bbox 1218 645 1282 676; x_wconf 80' lang='lat' dir='ltr'>est.</span> <span class='ocrx_word' id='word_1_73' title='bbox 1330 639 1425 674; x_wconf 84' lang='lat' dir='ltr'>Haec</span> <span class='ocrx_word' id='word_1_74' title='bbox 1451 649 1526 674; x_wconf 89' lang='lat' dir='ltr'>cum</span> <span class='ocrx_word' id='word_1_75' title='bbox 1554 638 1663 673; x_wconf 79' lang='lat' dir='ltr'>fratrc</span> 
     </span>
     <span class='ocr_line' id='line_1_10' title="bbox 269 704 1665 753; baseline -0.005 -9"><span class='ocrx_word' id='word_1_76' title='bbox 269 720 332 744; x_wconf 91' lang='lat' dir='ltr'>suo</span> <span class='ocrx_word' id='word_1_77' title='bbox 358 708 496 742; x_wconf 83' lang='lat' dir='ltr'>Lazaro</span> <span class='ocrx_word' id='word_1_78' title='bbox 531 712 565 742; x_wconf 90' lang='lat' dir='ltr'>et</span> <span class='ocrx_word' id='word_1_79' title='bbox 599 718 723 743; x_wconf 91' lang='lat' dir='ltr'>sorore</span> <span class='ocrx_word' id='word_1_80' title='bbox 757 719 822 744; x_wconf 85' lang='lat' dir='ltr'>sua</span> <span class='ocrx_word' id='word_1_81' title='bbox 854 709 998 744; x_wconf 82' lang='lat' dir='ltr'>Martha</span> <span class='ocrx_word' id='word_1_82' title='bbox 1032 708 1236 753; x_wconf 74' lang='lat' dir='ltr'>magdalum</span> <span class='ocrx_word' id='word_1_83' title='bbox 1270 710 1445 747; x_wconf 78' lang='lat' dir='ltr'>castrum,</span> <span class='ocrx_word' id='word_1_84' title='bbox 1480 704 1573 749; x_wconf 89' lang='lat' dir='ltr'>quod</span> <span class='ocrx_word' id='word_1_85' title='bbox 1611 708 1665 739; x_wconf 88' lang='lat' dir='ltr'>est</span> 
     </span>
     <span class='ocr_line' id='line_1_11' title="bbox 269 770 1664 817; baseline -0.004 -8"><span class='ocrx_word' id='word_1_86' title='bbox 269 773 422 809; x_wconf 88' lang='lat' dir='ltr'>secundo</span> <span class='ocrx_word' id='word_1_87' title='bbox 449 773 613 807; x_wconf 84' lang='lat' dir='ltr'>milliario</span> <span class='ocrx_word' id='word_1_88' title='bbox 640 783 661 807; x_wconf 80' lang='lat' dir='ltr'>a</span> <span class='ocrx_word' id='word_1_89' title='bbox 688 773 927 816; x_wconf 84' lang='lat' dir='ltr'>Genezareth,</span> <span class='ocrx_word' id='word_1_90' title='bbox 960 773 1190 815; x_wconf 86' lang='lat' dir='ltr'>Bethaniam,</span> <span class='ocrx_word' id='word_1_91' title='bbox 1226 782 1315 817; x_wconf 85' lang='lat' dir='ltr'>quae</span> <span class='ocrx_word' id='word_1_92' title='bbox 1343 775 1396 806; x_wconf 89' lang='lat' dir='ltr'>est</span> <span class='ocrx_word' id='word_1_93' title='bbox 1427 772 1530 816; x_wconf 82' lang='lat' dir='ltr'>juxta</span> <span class='ocrx_word' id='word_1_94' title='bbox 1561 770 1664 806; x_wconf 90' lang='lat' dir='ltr'>Jeru-</span> 
     </span>
     <span class='ocr_line' id='line_1_12' title="bbox 270 836 1665 885; baseline -0.004 -11"><span class='ocrx_word' id='word_1_95' title='bbox 270 840 402 882; x_wconf 82' lang='lat' dir='ltr'>salem,</span> <span class='ocrx_word' id='word_1_96' title='bbox 434 843 468 874; x_wconf 89' lang='lat' dir='ltr'>et</span> <span class='ocrx_word' id='word_1_97' title='bbox 493 849 654 885; x_wconf 80' lang='lat' dir='ltr'>magnam</span> <span class='ocrx_word' id='word_1_98' title='bbox 680 839 999 885; x_wconf 73' lang='lat' dir='ltr'>Hierosolymorum</span> <span class='ocrx_word' id='word_1_99' title='bbox 1025 843 1158 884; x_wconf 86' lang='lat' dir='ltr'>partem</span> <span class='ocrx_word' id='word_1_100' title='bbox 1186 836 1406 883; x_wconf 82' lang='lat' dir='ltr'>possidebat.</span> <span class='ocrx_word' id='word_1_101' title='bbox 1458 836 1524 876; x_wconf 80' lang='lat' dir='ltr'>Qui</span> <span class='ocrx_word' id='word_1_102' title='bbox 1548 840 1665 870; x_wconf 87' lang='lat' dir='ltr'>tamen</span> 
     </span>
     <span class='ocr_line' id='line_1_13' title="bbox 269 901 1668 951; baseline -0.004 -11"><span class='ocrx_word' id='word_1_103' title='bbox 269 907 386 940; x_wconf 87' lang='lat' dir='ltr'>omnia</span> <span class='ocrx_word' id='word_1_104' title='bbox 408 906 499 940; x_wconf 85' lang='lat' dir='ltr'>inter</span> <span class='ocrx_word' id='word_1_105' title='bbox 522 915 559 939; x_wconf 88' lang='lat' dir='ltr'>se</span> <span class='ocrx_word' id='word_1_106' title='bbox 584 905 705 940; x_wconf 86' lang='lat' dir='ltr'>taliter</span> <span class='ocrx_word' id='word_1_107' title='bbox 730 905 945 948; x_wconf 86' lang='lat' dir='ltr'>diviserunt,</span> <span class='ocrx_word' id='word_1_108' title='bbox 973 905 1067 951; x_wconf 88' lang='lat' dir='ltr'>quod</span> <span class='ocrx_word' id='word_1_109' title='bbox 1093 904 1209 939; x_wconf 85' lang='lat' dir='ltr'>Maria</span> <span class='ocrx_word' id='word_1_110' title='bbox 1233 901 1457 948; x_wconf 83' lang='lat' dir='ltr'>Magdalum,</span> <span class='ocrx_word' id='word_1_111' title='bbox 1493 911 1514 935; x_wconf 83' lang='lat' dir='ltr'>a</span> <span class='ocrx_word' id='word_1_112' title='bbox 1539 912 1606 947; x_wconf 90' lang='lat' dir='ltr'>quo</span> <span class='ocrx_word' id='word_1_113' title='bbox 1633 905 1668 936; x_wconf 84' lang='lat' dir='ltr'>et</span> 
     </span>
     <span class='ocr_line' id='line_1_14' title="bbox 268 965 1668 1022; baseline -0.001 -18"><span class='ocrx_word' id='word_1_114' title='bbox 268 970 487 1022; x_wconf 81' lang='lat' dir='ltr'>Magdaleua</span> <span class='ocrx_word' id='word_1_115' title='bbox 522 975 721 1015; x_wconf 84' lang='lat' dir='ltr'>nuncupata</span> <span class='ocrx_word' id='word_1_116' title='bbox 752 974 829 1012; x_wconf 86' lang='lat' dir='ltr'>est,</span> <span class='ocrx_word' id='word_1_117' title='bbox 875 970 1035 1006; x_wconf 84' lang='lat' dir='ltr'>Lazarus</span> <span class='ocrx_word' id='word_1_118' title='bbox 1077 974 1212 1016; x_wconf 85' lang='lat' dir='ltr'>partem</span> <span class='ocrx_word' id='word_1_119' title='bbox 1253 967 1351 1003; x_wconf 89' lang='lat' dir='ltr'>urbis</span> <span class='ocrx_word' id='word_1_120' title='bbox 1378 965 1587 1003; x_wconf 68' lang='lat' dir='ltr'>&#39;Jerusalem</span> <span class='ocrx_word' id='word_1_121' title='bbox 1633 972 1668 1003; x_wconf 86' lang='lat' dir='ltr'>et</span> 
     </span>
     <span class='ocr_line' id='line_1_15' title="bbox 269 1033 1667 1082; baseline -0.002 -11"><span class='ocrx_word' id='word_1_122' title='bbox 269 1036 413 1072; x_wconf 83' lang='lat' dir='ltr'>Martha</span> <span class='ocrx_word' id='word_1_123' title='bbox 451 1035 658 1070; x_wconf 84' lang='lat' dir='ltr'>Bethaniam</span> <span class='ocrx_word' id='word_1_124' title='bbox 701 1036 911 1082; x_wconf 82' lang='lat' dir='ltr'>possideret.</span> <span class='ocrx_word' id='word_1_125' title='bbox 982 1037 1065 1071; x_wconf 89' lang='lat' dir='ltr'>Cum</span> <span class='ocrx_word' id='word_1_126' title='bbox 1113 1039 1229 1070; x_wconf 85' lang='lat' dir='ltr'>autem</span> <span class='ocrx_word' id='word_1_127' title='bbox 1271 1033 1489 1079; x_wconf 81' lang='lat' dir='ltr'>Magdalena</span> <span class='ocrx_word' id='word_1_128' title='bbox 1530 1034 1667 1069; x_wconf 84' lang='lat' dir='ltr'>deliciis</span> 
     </span>
     <span class='ocr_line' id='line_1_16' title="bbox 269 1099 1668 1148; baseline -0.003 -11"><span class='ocrx_word' id='word_1_129' title='bbox 269 1103 428 1147; x_wconf 87' lang='lat' dir='ltr'>eorporis</span> <span class='ocrx_word' id='word_1_130' title='bbox 450 1112 488 1136; x_wconf 88' lang='lat' dir='ltr'>se</span> <span class='ocrx_word' id='word_1_131' title='bbox 514 1105 624 1135; x_wconf 82' lang='lat' dir='ltr'>totam</span> <span class='ocrx_word' id='word_1_132' title='bbox 643 1106 837 1146; x_wconf 84' lang='lat' dir='ltr'>exponeret</span> <span class='ocrx_word' id='word_1_133' title='bbox 856 1107 891 1136; x_wconf 90' lang='lat' dir='ltr'>et</span> <span class='ocrx_word' id='word_1_134' title='bbox 908 1102 1066 1137; x_wconf 87' lang='lat' dir='ltr'>Lazarus</span> <span class='ocrx_word' id='word_1_135' title='bbox 1085 1102 1164 1148; x_wconf 90' lang='lat' dir='ltr'>plus</span> <span class='ocrx_word' id='word_1_136' title='bbox 1185 1100 1329 1135; x_wconf 86' lang='lat' dir='ltr'>militiae</span> <span class='ocrx_word' id='word_1_137' title='bbox 1348 1103 1502 1142; x_wconf 84' lang='lat' dir='ltr'>vacaret,</span> <span class='ocrx_word' id='word_1_138' title='bbox 1524 1099 1668 1135; x_wconf 83' lang='lat' dir='ltr'>Martha</span> 
     </span>
     <span class='ocr_line' id='line_1_17' title="bbox 270 1165 1666 1214; baseline -0.003 -11"><span class='ocrx_word' id='word_1_139' title='bbox 270 1168 424 1214; x_wconf 86' lang='lat' dir='ltr'>prudens</span> <span class='ocrx_word' id='word_1_140' title='bbox 449 1171 569 1212; x_wconf 88' lang='lat' dir='ltr'>partes</span> <span class='ocrx_word' id='word_1_141' title='bbox 596 1168 731 1201; x_wconf 90' lang='lat' dir='ltr'>sororis</span> <span class='ocrx_word' id='word_1_142' title='bbox 766 1171 800 1202; x_wconf 88' lang='lat' dir='ltr'>et</span> <span class='ocrx_word' id='word_1_143' title='bbox 824 1167 945 1202; x_wconf 84' lang='lat' dir='ltr'>fratris</span> <span class='ocrx_word' id='word_1_144' title='bbox 980 1170 1035 1202; x_wconf 90' lang='lat' dir='ltr'>sui</span> <span class='ocrx_word' id='word_1_145' title='bbox 1069 1173 1210 1202; x_wconf 87' lang='lat' dir='ltr'>strenue</span> <span class='ocrx_word' id='word_1_146' title='bbox 1237 1165 1462 1212; x_wconf 82' lang='lat' dir='ltr'>gubernabat</span> <span class='ocrx_word' id='word_1_147' title='bbox 1488 1170 1522 1200; x_wconf 88' lang='lat' dir='ltr'>et</span> <span class='ocrx_word' id='word_1_148' title='bbox 1548 1166 1666 1199; x_wconf 86' lang='lat' dir='ltr'>militi-</span> 
     </span>
     <span class='ocr_line' id='line_1_18' title="bbox 269 1232 1669 1278; baseline -0.003 -9"><span class='ocrx_word' id='word_1_149' title='bbox 269 1234 337 1269; x_wconf 91' lang='lat' dir='ltr'>bus</span> <span class='ocrx_word' id='word_1_150' title='bbox 368 1238 403 1270; x_wconf 87' lang='lat' dir='ltr'>et</span> <span class='ocrx_word' id='word_1_151' title='bbox 436 1233 575 1268; x_wconf 82' lang='lat' dir='ltr'>famulis</span> <span class='ocrx_word' id='word_1_152' title='bbox 608 1234 682 1267; x_wconf 88' lang='lat' dir='ltr'>suis</span> <span class='ocrx_word' id='word_1_153' title='bbox 719 1242 762 1267; x_wconf 87' lang='lat' dir='ltr'>ac</span> <span class='ocrx_word' id='word_1_154' title='bbox 793 1233 1008 1278; x_wconf 87' lang='lat' dir='ltr'>pauperihus</span> <span class='ocrx_word' id='word_1_155' title='bbox 1034 1234 1239 1268; x_wconf 85' lang='lat' dir='ltr'>necessaria</span> <span class='ocrx_word' id='word_1_156' title='bbox 1263 1232 1495 1267; x_wconf 84' lang='lat' dir='ltr'>ministrabat.</span> <span class='ocrx_word' id='word_1_157' title='bbox 1545 1232 1669 1267; x_wconf 86' lang='lat' dir='ltr'>Omnia</span> 
     </span>
     <span class='ocr_line' id='line_1_19' title="bbox 270 1297 1668 1344; baseline -0.002 -9"><span class='ocrx_word' id='word_1_158' title='bbox 270 1305 386 1336; x_wconf 86' lang='lat' dir='ltr'>tamen</span> <span class='ocrx_word' id='word_1_159' title='bbox 419 1299 510 1335; x_wconf 89' lang='lat' dir='ltr'>haec</span> <span class='ocrx_word' id='word_1_160' title='bbox 542 1302 625 1344; x_wconf 84' lang='lat' dir='ltr'>post</span> <span class='ocrx_word' id='word_1_161' title='bbox 658 1298 926 1334; x_wconf 87' lang='lat' dir='ltr'>adscensionem</span> <span class='ocrx_word' id='word_1_162' title='bbox 960 1299 1090 1333; x_wconf 88' lang='lat' dir='ltr'>domiui</span> <span class='ocrx_word' id='word_1_163' title='bbox 1124 1298 1355 1333; x_wconf 79' lang='lat' dir='ltr'>vendiderunt</span> <span class='ocrx_word' id='word_1_164' title='bbox 1397 1302 1431 1332; x_wconf 89' lang='lat' dir='ltr'>et</span> <span class='ocrx_word' id='word_1_165' title='bbox 1472 1297 1517 1332; x_wconf 86' lang='lat' dir='ltr'>ad</span> <span class='ocrx_word' id='word_1_166' title='bbox 1558 1298 1668 1342; x_wconf 89' lang='lat' dir='ltr'>pedes</span> 
     </span>
     <span class='ocr_line' id='line_1_20' title="bbox 271 1362 1668 1412; baseline -0.004 -10"><span class='ocrx_word' id='word_1_167' title='bbox 271 1366 514 1412; x_wconf 87' lang='lat' dir='ltr'>apostolorum</span> <span class='ocrx_word' id='word_1_168' title='bbox 548 1366 696 1410; x_wconf 87' lang='lat' dir='ltr'>pretium</span> <span class='ocrx_word' id='word_1_169' title='bbox 738 1370 941 1410; x_wconf 88' lang='lat' dir='ltr'>posueruut.</span> <span class='ocrx_word' id='word_1_170' title='bbox 992 1364 1074 1400; x_wconf 90' lang='lat' dir='ltr'>Cum</span> <span class='ocrx_word' id='word_1_171' title='bbox 1116 1367 1225 1411; x_wconf 83' lang='lat' dir='ltr'>igitur</span> <span class='ocrx_word' id='word_1_172' title='bbox 1269 1363 1486 1409; x_wconf 77' lang='lat' dir='ltr'>Magdalena</span> <span class='ocrx_word' id='word_1_173' title='bbox 1534 1362 1668 1397; x_wconf 84' lang='lat' dir='ltr'>divitiis</span> 
     </span>
     <span class='ocr_line' id='line_1_21' title="bbox 273 1430 1669 1477; baseline -0.004 -10"><span class='ocrx_word' id='word_1_174' title='bbox 273 1431 489 1474; x_wconf 83' lang='lat' dir='ltr'>abundaret,</span> <span class='ocrx_word' id='word_1_175' title='bbox 517 1432 600 1476; x_wconf 87' lang='lat' dir='ltr'>quia</span> <span class='ocrx_word' id='word_1_176' title='bbox 624 1431 978 1466; x_wconf 81' lang='lat' dir='ltr'>rerumaslluentiam</span> <span class='ocrx_word' id='word_1_177' title='bbox 1005 1432 1167 1477; x_wconf 81' lang='lat' dir='ltr'>voluptas</span> <span class='ocrx_word' id='word_1_178' title='bbox 1196 1440 1312 1465; x_wconf 90' lang='lat' dir='ltr'>comes</span> <span class='ocrx_word' id='word_1_179' title='bbox 1337 1430 1516 1474; x_wconf 85' lang='lat' dir='ltr'>sequitur,</span> <span class='ocrx_word' id='word_1_180' title='bbox 1540 1432 1669 1474; x_wconf 89' lang='lat' dir='ltr'>quanto</span> 
     </span>
     <span class='ocr_line' id='line_1_22' title="bbox 273 1494 1670 1542; baseline -0.002 -11"><span class='ocrx_word' id='word_1_181' title='bbox 273 1498 407 1533; x_wconf 89' lang='lat' dir='ltr'>divitiis</span> <span class='ocrx_word' id='word_1_182' title='bbox 434 1502 469 1532; x_wconf 92' lang='lat' dir='ltr'>et</span> <span class='ocrx_word' id='word_1_183' title='bbox 492 1496 751 1542; x_wconf 79' lang='lat' dir='ltr'>pulchritudine</span> <span class='ocrx_word' id='word_1_184' title='bbox 776 1497 966 1542; x_wconf 84' lang='lat' dir='ltr'>splenduit,</span> <span class='ocrx_word' id='word_1_185' title='bbox 992 1501 1089 1532; x_wconf 82' lang='lat' dir='ltr'>tauto</span> <span class='ocrx_word' id='word_1_186' title='bbox 1117 1507 1244 1542; x_wconf 89' lang='lat' dir='ltr'>corpus</span> <span class='ocrx_word' id='word_1_187' title='bbox 1270 1506 1367 1530; x_wconf 89' lang='lat' dir='ltr'>suum</span> <span class='ocrx_word' id='word_1_188' title='bbox 1388 1495 1558 1539; x_wconf 86' lang='lat' dir='ltr'>voluptati</span> <span class='ocrx_word' id='word_1_189' title='bbox 1585 1494 1670 1529; x_wconf 85' lang='lat' dir='ltr'>sub-</span> 
     </span>
     <span class='ocr_line' id='line_1_23' title="bbox 274 1563 1671 1608; baseline -0.002 -11"><span class='ocrx_word' id='word_1_190' title='bbox 274 1565 422 1605; x_wconf 84' lang='lat' dir='ltr'>stravit,</span> <span class='ocrx_word' id='word_1_191' title='bbox 467 1563 560 1597; x_wconf 89' lang='lat' dir='ltr'>unde</span> <span class='ocrx_word' id='word_1_192' title='bbox 592 1564 665 1608; x_wconf 80' lang='lat' dir='ltr'>Jam</span> <span class='ocrx_word' id='word_1_193' title='bbox 702 1565 846 1608; x_wconf 89' lang='lat' dir='ltr'>proprio</span> <span class='ocrx_word' id='word_1_194' title='bbox 882 1565 1019 1598; x_wconf 88' lang='lat' dir='ltr'>nomine</span> <span class='ocrx_word' id='word_1_195' title='bbox 1054 1563 1192 1608; x_wconf 86' lang='lat' dir='ltr'>perdito</span> <span class='ocrx_word' id='word_1_196' title='bbox 1224 1563 1407 1608; x_wconf 79' lang='lat' dir='ltr'>peccatrix</span> <span class='ocrx_word' id='word_1_197' title='bbox 1439 1565 1671 1596; x_wconf 86' lang='lat' dir='ltr'>consueverat</span> 
     </span>
     <span class='ocr_line' id='line_1_24' title="bbox 274 1627 1670 1674; baseline -0.002 -10"><span class='ocrx_word' id='word_1_198' title='bbox 274 1629 460 1674; x_wconf 86' lang='lat' dir='ltr'>appellari.</span> <span class='ocrx_word' id='word_1_199' title='bbox 510 1628 579 1662; x_wconf 90' lang='lat' dir='ltr'>Sed</span> <span class='ocrx_word' id='word_1_200' title='bbox 606 1638 679 1662; x_wconf 89' lang='lat' dir='ltr'>cum</span> <span class='ocrx_word' id='word_1_201' title='bbox 705 1628 865 1663; x_wconf 89' lang='lat' dir='ltr'>Christus</span> <span class='ocrx_word' id='word_1_202' title='bbox 892 1629 965 1663; x_wconf 88' lang='lat' dir='ltr'>illic</span> <span class='ocrx_word' id='word_1_203' title='bbox 985 1634 1019 1664; x_wconf 91' lang='lat' dir='ltr'>et</span> <span class='ocrx_word' id='word_1_204' title='bbox 1043 1629 1128 1663; x_wconf 81' lang='lat' dir='ltr'>alibi</span> <span class='ocrx_word' id='word_1_205' title='bbox 1154 1628 1391 1674; x_wconf 81' lang='lat' dir='ltr'>praedicaret,</span> <span class='ocrx_word' id='word_1_206' title='bbox 1421 1627 1482 1661; x_wconf 88' lang='lat' dir='ltr'>illa</span> <span class='ocrx_word' id='word_1_207' title='bbox 1509 1631 1593 1661; x_wconf 90' lang='lat' dir='ltr'>nutu</span> <span class='ocrx_word' id='word_1_208' title='bbox 1616 1628 1670 1661; x_wconf 89' lang='lat' dir='ltr'>iu-</span> 
     </span>
     <span class='ocr_line' id='line_1_25' title="bbox 274 1693 1670 1740; baseline -0.001 -11"><span class='ocrx_word' id='word_1_209' title='bbox 274 1697 411 1740; x_wconf 80' lang='lat' dir='ltr'>spirata</span> <span class='ocrx_word' id='word_1_210' title='bbox 435 1694 553 1729; x_wconf 85' lang='lat' dir='ltr'>divino</span> <span class='ocrx_word' id='word_1_211' title='bbox 580 1693 625 1728; x_wconf 86' lang='lat' dir='ltr'>ad</span> <span class='ocrx_word' id='word_1_212' title='bbox 651 1693 787 1728; x_wconf 88' lang='lat' dir='ltr'>domum</span> <span class='ocrx_word' id='word_1_213' title='bbox 815 1694 965 1728; x_wconf 87' lang='lat' dir='ltr'>Simonis</span> <span class='ocrx_word' id='word_1_214' title='bbox 990 1695 1145 1739; x_wconf 83' lang='lat' dir='ltr'>leprosi,</span> <span class='ocrx_word' id='word_1_215' title='bbox 1173 1694 1232 1729; x_wconf 89' lang='lat' dir='ltr'>ubi</span> <span class='ocrx_word' id='word_1_216' title='bbox 1259 1694 1393 1729; x_wconf 82' lang='lat' dir='ltr'>audivit</span> <span class='ocrx_word' id='word_1_217' title='bbox 1417 1704 1493 1728; x_wconf 91' lang='lat' dir='ltr'>eum</span> <span class='ocrx_word' id='word_1_218' title='bbox 1520 1693 1670 1728; x_wconf 84' lang='lat' dir='ltr'>discum-</span> 
     </span>
     <span class='ocr_line' id='line_1_26' title="bbox 274 1759 1672 1805; baseline 0.001 -12"><span class='ocrx_word' id='word_1_219' title='bbox 274 1760 372 1803; x_wconf 87' lang='lat' dir='ltr'>hcre,</span> <span class='ocrx_word' id='word_1_220' title='bbox 399 1761 603 1805; x_wconf 80' lang='lat' dir='ltr'>properavit</span> <span class='ocrx_word' id='word_1_221' title='bbox 623 1763 657 1793; x_wconf 84' lang='lat' dir='ltr'>ct</span> <span class='ocrx_word' id='word_1_222' title='bbox 681 1770 750 1793; x_wconf 93' lang='lat' dir='ltr'>non</span> <span class='ocrx_word' id='word_1_223' title='bbox 775 1759 920 1802; x_wconf 85' lang='lat' dir='ltr'>audens,</span> <span class='ocrx_word' id='word_1_224' title='bbox 947 1764 984 1794; x_wconf 91' lang='lat' dir='ltr'>ut</span> <span class='ocrx_word' id='word_1_225' title='bbox 1008 1762 1198 1804; x_wconf 84' lang='lat' dir='ltr'>peccatrix,</span> <span class='ocrx_word' id='word_1_226' title='bbox 1226 1761 1317 1794; x_wconf 87' lang='lat' dir='ltr'>inter</span> <span class='ocrx_word' id='word_1_227' title='bbox 1332 1761 1450 1804; x_wconf 90' lang='lat' dir='ltr'>justos</span> <span class='ocrx_word' id='word_1_228' title='bbox 1468 1769 1672 1803; x_wconf 78' lang='lat' dir='ltr'>comparere</span> 
     </span>
     <span class='ocr_line' id='line_1_27' title="bbox 276 1824 1671 1871; baseline -0.001 -12"><span class='ocrx_word' id='word_1_229' title='bbox 276 1830 370 1860; x_wconf 90' lang='lat' dir='ltr'>retro</span> <span class='ocrx_word' id='word_1_230' title='bbox 407 1836 508 1860; x_wconf 90' lang='lat' dir='ltr'>secus</span> <span class='ocrx_word' id='word_1_231' title='bbox 545 1824 654 1870; x_wconf 87' lang='lat' dir='ltr'>pedes</span> <span class='ocrx_word' id='word_1_232' title='bbox 690 1825 820 1858; x_wconf 90' lang='lat' dir='ltr'>domini</span> <span class='ocrx_word' id='word_1_233' title='bbox 846 1827 997 1867; x_wconf 88' lang='lat' dir='ltr'>mansit,</span> <span class='ocrx_word' id='word_1_234' title='bbox 1031 1825 1091 1859; x_wconf 90' lang='lat' dir='ltr'>uhi</span> <span class='ocrx_word' id='word_1_235' title='bbox 1123 1825 1233 1871; x_wconf 89' lang='lat' dir='ltr'>pedes</span> <span class='ocrx_word' id='word_1_236' title='bbox 1267 1827 1344 1870; x_wconf 86' lang='lat' dir='ltr'>ejus</span> <span class='ocrx_word' id='word_1_237' title='bbox 1376 1824 1537 1869; x_wconf 68' lang='lat' dir='ltr'>lacrymis</span> <span class='ocrx_word' id='word_1_238' title='bbox 1572 1824 1671 1866; x_wconf 85' lang='lat' dir='ltr'>lavit,</span> 
     </span>
     <span class='ocr_line' id='line_1_28' title="bbox 277 1890 1672 1936; baseline -0.001 -11"><span class='ocrx_word' id='word_1_239' title='bbox 277 1891 417 1936; x_wconf 85' lang='lat' dir='ltr'>capillis</span> <span class='ocrx_word' id='word_1_240' title='bbox 442 1893 543 1925; x_wconf 89' lang='lat' dir='ltr'>tersit</span> <span class='ocrx_word' id='word_1_241' title='bbox 569 1894 603 1925; x_wconf 86' lang='lat' dir='ltr'>et</span> <span class='ocrx_word' id='word_1_242' title='bbox 629 1894 807 1936; x_wconf 78' lang='lat' dir='ltr'>unguento</span> <span class='ocrx_word' id='word_1_243' title='bbox 835 1892 992 1935; x_wconf 87' lang='lat' dir='ltr'>pretioso</span> <span class='ocrx_word' id='word_1_244' title='bbox 1019 1893 1202 1936; x_wconf 82' lang='lat' dir='ltr'>perunxit,</span> <span class='ocrx_word' id='word_1_245' title='bbox 1238 1900 1316 1924; x_wconf 79' lang='lat' dir='ltr'>uam</span> <span class='ocrx_word' id='word_1_246' title='bbox 1353 1890 1490 1924; x_wconf 85' lang='lat' dir='ltr'>incolae</span> <span class='ocrx_word' id='word_1_247' title='bbox 1515 1891 1672 1935; x_wconf 79' lang='lat' dir='ltr'>regionis</span> 
     </span>
     <span class='ocr_line' id='line_1_29' title="bbox 276 1955 1672 2001; baseline -0.001 -11"><span class='ocrx_word' id='word_1_248' title='bbox 276 1957 371 1990; x_wconf 89' lang='lat' dir='ltr'>illius</span> <span class='ocrx_word' id='word_1_249' title='bbox 396 1960 542 2001; x_wconf 89' lang='lat' dir='ltr'>propter</span> <span class='ocrx_word' id='word_1_250' title='bbox 566 1955 904 1990; x_wconf 87' lang='lat' dir='ltr'>vehementissimum</span> <span class='ocrx_word' id='word_1_251' title='bbox 938 1955 1025 1990; x_wconf 88' lang='lat' dir='ltr'>solis</span> <span class='ocrx_word' id='word_1_252' title='bbox 1061 1957 1212 1991; x_wconf 84' lang='lat' dir='ltr'>calorem</span> <span class='ocrx_word' id='word_1_253' title='bbox 1245 1957 1432 2001; x_wconf 82' lang='lat' dir='ltr'>unguentis</span> <span class='ocrx_word' id='word_1_254' title='bbox 1467 1959 1501 1990; x_wconf 90' lang='lat' dir='ltr'>ct</span> <span class='ocrx_word' id='word_1_255' title='bbox 1534 1955 1672 1989; x_wconf 84' lang='lat' dir='ltr'>balneis</span> 
     </span>
     <span class='ocr_line' id='line_1_30' title="bbox 276 2021 1672 2067; baseline -0.001 -11"><span class='ocrx_word' id='word_1_256' title='bbox 276 2022 474 2058; x_wconf 70' lang='lat' dir='ltr'>utebantur.</span> <span class='ocrx_word' id='word_1_257' title='bbox 523 2022 676 2067; x_wconf 84' lang='lat' dir='ltr'>Cumque</span> <span class='ocrx_word' id='word_1_258' title='bbox 702 2022 830 2067; x_wconf 61' lang='lat' dir='ltr'>Symen</span> <span class='ocrx_word' id='word_1_259' title='bbox 856 2021 1068 2067; x_wconf 82' lang='lat' dir='ltr'>pharisaeus</span> <span class='ocrx_word' id='word_1_260' title='bbox 1094 2023 1187 2056; x_wconf 85' lang='lat' dir='ltr'>intra</span> <span class='ocrx_word' id='word_1_261' title='bbox 1211 2032 1249 2056; x_wconf 89' lang='lat' dir='ltr'>se</span> <span class='ocrx_word' id='word_1_262' title='bbox 1275 2022 1470 2067; x_wconf 80' lang='lat' dir='ltr'>cogitaret,</span> <span class='ocrx_word' id='word_1_263' title='bbox 1497 2022 1672 2067; x_wconf 86' lang='lat' dir='ltr'>quoniam,</span> 
     </span>
     <span class='ocr_line' id='line_1_31' title="bbox 278 2087 1673 2134; baseline 0 -13"><span class='ocrx_word' id='word_1_264' title='bbox 278 2089 308 2122; x_wconf 88' lang='lat' dir='ltr'>si</span> <span class='ocrx_word' id='word_1_265' title='bbox 334 2087 392 2121; x_wconf 90' lang='lat' dir='ltr'>hic</span> <span class='ocrx_word' id='word_1_266' title='bbox 417 2092 511 2122; x_wconf 84' lang='lat' dir='ltr'>esset</span> <span class='ocrx_word' id='word_1_267' title='bbox 537 2087 732 2132; x_wconf 87' lang='lat' dir='ltr'>propheta,</span> <span class='ocrx_word' id='word_1_268' title='bbox 760 2097 781 2121; x_wconf 89' lang='lat' dir='ltr'>a</span> <span class='ocrx_word' id='word_1_269' title='bbox 805 2089 1002 2132; x_wconf 82' lang='lat' dir='ltr'>peccatrice</span> <span class='ocrx_word' id='word_1_270' title='bbox 1029 2089 1128 2134; x_wconf 80' lang='lat' dir='ltr'>tangi</span> <span class='ocrx_word' id='word_1_271' title='bbox 1151 2099 1189 2123; x_wconf 91' lang='lat' dir='ltr'>se</span> <span class='ocrx_word' id='word_1_272' title='bbox 1211 2097 1428 2133; x_wconf 80' lang='lat' dir='ltr'>nequaquam</span> <span class='ocrx_word' id='word_1_273' title='bbox 1445 2088 1673 2133; x_wconf 81' lang='lat' dir='ltr'>permitteret,</span> 
     </span>
     <span class='ocr_line' id='line_1_32' title="bbox 278 2152 1673 2200; baseline -0.001 -14"><span class='ocrx_word' id='word_1_274' title='bbox 278 2152 438 2187; x_wconf 91' lang='lat' dir='ltr'>dominus</span> <span class='ocrx_word' id='word_1_275' title='bbox 472 2153 566 2188; x_wconf 88' lang='lat' dir='ltr'>illum</span> <span class='ocrx_word' id='word_1_276' title='bbox 601 2153 644 2188; x_wconf 89' lang='lat' dir='ltr'>de</span> <span class='ocrx_word' id='word_1_277' title='bbox 669 2153 824 2198; x_wconf 84' lang='lat' dir='ltr'>superba</span> <span class='ocrx_word' id='word_1_278' title='bbox 843 2154 985 2199; x_wconf 84' lang='lat' dir='ltr'>justitia</span> <span class='ocrx_word' id='word_1_279' title='bbox 1010 2153 1196 2200; x_wconf 80' lang='lat' dir='ltr'>redarguit</span> <span class='ocrx_word' id='word_1_280' title='bbox 1228 2158 1262 2189; x_wconf 91' lang='lat' dir='ltr'>et</span> <span class='ocrx_word' id='word_1_281' title='bbox 1287 2153 1423 2188; x_wconf 86' lang='lat' dir='ltr'>mulieri</span> <span class='ocrx_word' id='word_1_282' title='bbox 1449 2153 1565 2186; x_wconf 84' lang='lat' dir='ltr'>omnia</span> <span class='ocrx_word' id='word_1_283' title='bbox 1592 2162 1673 2197; x_wconf 85' lang='lat' dir='ltr'>pcc-</span> 
     </span>
     <span class='ocr_line' id='line_1_33' title="bbox 277 2217 1674 2266; baseline -0.001 -14"><span class='ocrx_word' id='word_1_284' title='bbox 277 2222 358 2252; x_wconf 80' lang='lat' dir='ltr'>cata</span> <span class='ocrx_word' id='word_1_285' title='bbox 378 2218 519 2253; x_wconf 91' lang='lat' dir='ltr'>dimisit.</span> <span class='ocrx_word' id='word_1_286' title='bbox 568 2218 661 2253; x_wconf 84' lang='lat' dir='ltr'>llaec</span> <span class='ocrx_word' id='word_1_287' title='bbox 678 2222 731 2253; x_wconf 86' lang='lat' dir='ltr'>est</span> <span class='ocrx_word' id='word_1_288' title='bbox 748 2220 856 2265; x_wconf 82' lang='lat' dir='ltr'>igitur</span> <span class='ocrx_word' id='word_1_289' title='bbox 878 2219 939 2254; x_wconf 86' lang='lat' dir='ltr'>illa</span> <span class='ocrx_word' id='word_1_290' title='bbox 955 2218 1072 2254; x_wconf 81' lang='lat' dir='ltr'>Maria</span> <span class='ocrx_word' id='word_1_291' title='bbox 1090 2219 1320 2266; x_wconf 79' lang='lat' dir='ltr'>Magdaleua,</span> <span class='ocrx_word' id='word_1_292' title='bbox 1348 2219 1403 2253; x_wconf 91' lang='lat' dir='ltr'>cui</span> <span class='ocrx_word' id='word_1_293' title='bbox 1423 2217 1582 2252; x_wconf 90' lang='lat' dir='ltr'>domiuus</span> <span class='ocrx_word' id='word_1_294' title='bbox 1605 2222 1674 2252; x_wconf 85' lang='lat' dir='ltr'>tam</span> 
     </span>
     <span class='ocr_line' id='line_1_34' title="bbox 278 2282 1674 2331; baseline 0 -14"><span class='ocrx_word' id='word_1_295' title='bbox 278 2293 407 2330; x_wconf 81' lang='lat' dir='ltr'>magua</span> <span class='ocrx_word' id='word_1_296' title='bbox 440 2282 613 2318; x_wconf 82' lang='lat' dir='ltr'>beneficia</span> <span class='ocrx_word' id='word_1_297' title='bbox 644 2284 791 2318; x_wconf 84' lang='lat' dir='ltr'>contulit</span> <span class='ocrx_word' id='word_1_298' title='bbox 825 2289 859 2319; x_wconf 91' lang='lat' dir='ltr'>et</span> <span class='ocrx_word' id='word_1_299' title='bbox 890 2289 989 2319; x_wconf 88' lang='lat' dir='ltr'>tauta</span> <span class='ocrx_word' id='word_1_300' title='bbox 1023 2286 1127 2331; x_wconf 81' lang='lat' dir='ltr'>signa</span> <span class='ocrx_word' id='word_1_301' title='bbox 1153 2284 1352 2320; x_wconf 85' lang='lat' dir='ltr'>dilectionis</span> <span class='ocrx_word' id='word_1_302' title='bbox 1378 2284 1542 2319; x_wconf 87' lang='lat' dir='ltr'>ostendit.</span> <span class='ocrx_word' id='word_1_303' title='bbox 1589 2283 1674 2318; x_wconf 83' lang='lat' dir='ltr'>Nam</span> 
     </span>
     <span class='ocr_line' id='line_1_35' title="bbox 279 2349 1672 2394; baseline 0 -11"><span class='ocrx_word' id='word_1_304' title='bbox 279 2349 322 2383; x_wconf 87' lang='lat' dir='ltr'>ab</span> <span class='ocrx_word' id='word_1_305' title='bbox 350 2360 393 2384; x_wconf 85' lang='lat' dir='ltr'>ea</span> <span class='ocrx_word' id='word_1_306' title='bbox 417 2353 550 2393; x_wconf 86' lang='lat' dir='ltr'>septem</span> <span class='ocrx_word' id='word_1_307' title='bbox 577 2349 761 2384; x_wconf 81' lang='lat' dir='ltr'>daemonia</span> <span class='ocrx_word' id='word_1_308' title='bbox 787 2350 938 2394; x_wconf 80' lang='lat' dir='ltr'>expulit,</span> <span class='ocrx_word' id='word_1_309' title='bbox 965 2352 999 2384; x_wconf 92' lang='lat' dir='ltr'>in</span> <span class='ocrx_word' id='word_1_310' title='bbox 1026 2362 1089 2385; x_wconf 91' lang='lat' dir='ltr'>suo</span> <span class='ocrx_word' id='word_1_311' title='bbox 1118 2361 1236 2385; x_wconf 87' lang='lat' dir='ltr'>amore</span> <span class='ocrx_word' id='word_1_312' title='bbox 1265 2361 1340 2385; x_wconf 89' lang='lat' dir='ltr'>eam</span> <span class='ocrx_word' id='word_1_313' title='bbox 1365 2350 1524 2385; x_wconf 84' lang='lat' dir='ltr'>totaliter</span> <span class='ocrx_word' id='word_1_314' title='bbox 1547 2359 1672 2384; x_wconf 85' lang='lat' dir='ltr'>acceu-</span> 
     </span>
     <span class='ocr_line' id='line_1_36' title="bbox 281 2415 1674 2462; baseline -0.001 -14"><span class='ocrx_word' id='word_1_315' title='bbox 281 2415 353 2458; x_wconf 87' lang='lat' dir='ltr'>dit,</span> <span class='ocrx_word' id='word_1_316' title='bbox 387 2415 697 2449; x_wconf 81' lang='lat' dir='ltr'>familiarissimam</span> <span class='ocrx_word' id='word_1_317' title='bbox 736 2426 811 2450; x_wconf 83' lang='lat' dir='ltr'>eam</span> <span class='ocrx_word' id='word_1_318' title='bbox 844 2415 912 2449; x_wconf 88' lang='lat' dir='ltr'>sihi</span> <span class='ocrx_word' id='word_1_319' title='bbox 946 2418 1149 2460; x_wconf 88' lang='lat' dir='ltr'>coustituit,</span> <span class='ocrx_word' id='word_1_320' title='bbox 1183 2417 1360 2462; x_wconf 82' lang='lat' dir='ltr'>hospitam</span> <span class='ocrx_word' id='word_1_321' title='bbox 1394 2426 1492 2450; x_wconf 87' lang='lat' dir='ltr'>suam</span> <span class='ocrx_word' id='word_1_322' title='bbox 1525 2415 1608 2450; x_wconf 78' lang='lat' dir='ltr'>fecit</span> <span class='ocrx_word' id='word_1_323' title='bbox 1641 2418 1674 2448; x_wconf 89' lang='lat' dir='ltr'>et</span> 
     </span>
     <span class='ocr_line' id='line_1_37' title="bbox 280 2481 1676 2525; baseline 0 -11"><span class='ocrx_word' id='word_1_324' title='bbox 280 2482 554 2525; x_wconf 81' lang='lat' dir='ltr'>procuratricem</span> <span class='ocrx_word' id='word_1_325' title='bbox 588 2492 685 2516; x_wconf 84' lang='lat' dir='ltr'>suam</span> <span class='ocrx_word' id='word_1_326' title='bbox 724 2492 798 2516; x_wconf 87' lang='lat' dir='ltr'>eam</span> <span class='ocrx_word' id='word_1_327' title='bbox 832 2483 866 2515; x_wconf 92' lang='lat' dir='ltr'>iu</span> <span class='ocrx_word' id='word_1_328' title='bbox 899 2483 1024 2518; x_wconf 87' lang='lat' dir='ltr'>itincre</span> <span class='ocrx_word' id='word_1_329' title='bbox 1058 2482 1191 2518; x_wconf 85' lang='lat' dir='ltr'>habere</span> <span class='ocrx_word' id='word_1_330' title='bbox 1223 2481 1334 2517; x_wconf 80' lang='lat' dir='ltr'>voluit</span> <span class='ocrx_word' id='word_1_331' title='bbox 1368 2485 1403 2516; x_wconf 88' lang='lat' dir='ltr'>et</span> <span class='ocrx_word' id='word_1_332' title='bbox 1437 2491 1510 2516; x_wconf 78' lang='lat' dir='ltr'>cani</span> <span class='ocrx_word' id='word_1_333' title='bbox 1538 2490 1676 2524; x_wconf 84' lang='lat' dir='ltr'>semper</span> 
     </span>
     <span class='ocr_line' id='line_1_38' title="bbox 282 2545 1675 2594; baseline 0 -15"><span class='ocrx_word' id='word_1_334' title='bbox 282 2546 429 2581; x_wconf 86' lang='lat' dir='ltr'>dulciter</span> <span class='ocrx_word' id='word_1_335' title='bbox 454 2548 644 2581; x_wconf 80' lang='lat' dir='ltr'>excusavit.</span> <span class='ocrx_word' id='word_1_336' title='bbox 694 2546 780 2581; x_wconf 85' lang='lat' dir='ltr'>Nam</span> <span class='ocrx_word' id='word_1_337' title='bbox 808 2549 989 2582; x_wconf 81' lang='lat' dir='ltr'>excusavit</span> <span class='ocrx_word' id='word_1_338' title='bbox 1014 2558 1090 2583; x_wconf 83' lang='lat' dir='ltr'>eam</span> <span class='ocrx_word' id='word_1_339' title='bbox 1117 2547 1210 2594; x_wconf 84' lang='lat' dir='ltr'>apud</span> <span class='ocrx_word' id='word_1_340' title='bbox 1240 2547 1492 2588; x_wconf 76' lang='lat' dir='ltr'>pharisaeum,</span> <span class='ocrx_word' id='word_1_341' title='bbox 1527 2547 1586 2590; x_wconf 84' lang='lat' dir='ltr'>qui</span> <span class='ocrx_word' id='word_1_342' title='bbox 1622 2545 1675 2580; x_wconf 89' lang='lat' dir='ltr'>di-</span> 
     </span>
     <span class='ocr_line' id='line_1_39' title="bbox 284 2604 1678 2658; baseline 0.003 -16"><span class='ocrx_word' id='word_1_343' title='bbox 284 2610 386 2643; x_wconf 81' lang='lat' dir='ltr'>cebat</span> <span class='ocrx_word' id='word_1_344' title='bbox 412 2604 522 2655; x_wconf 74' lang='lat' dir='ltr'>ipsam</span> <span class='ocrx_word' id='word_1_345' title='bbox 549 2611 777 2655; x_wconf 80' lang='lat' dir='ltr'>inmmndam,</span> <span class='ocrx_word' id='word_1_346' title='bbox 815 2617 849 2647; x_wconf 88' lang='lat' dir='ltr'>ct</span> <span class='ocrx_word' id='word_1_347' title='bbox 882 2612 974 2658; x_wconf 88' lang='lat' dir='ltr'>apud</span> <span class='ocrx_word' id='word_1_348' title='bbox 1007 2624 1164 2649; x_wconf 85' lang='lat' dir='ltr'>sororem</span> <span class='ocrx_word' id='word_1_349' title='bbox 1188 2623 1285 2649; x_wconf 85' lang='lat' dir='ltr'>suam</span> <span class='ocrx_word' id='word_1_350' title='bbox 1303 2640 1311 2656; x_wconf 92' lang='lat'>,</span> <span class='ocrx_word' id='word_1_351' title='bbox 1345 2621 1434 2656; x_wconf 84' lang='lat' dir='ltr'>quae</span> <span class='ocrx_word' id='word_1_352' title='bbox 1459 2610 1599 2646; x_wconf 78' lang='lat' dir='ltr'>dicebat</span> <span class='ocrx_word' id='word_1_353' title='bbox 1623 2614 1678 2657; x_wconf 90' lang='lat' dir='ltr'>ip-</span> 
     </span>
     <span class='ocr_line' id='line_1_40' title="bbox 285 2676 1676 2724; baseline 0.005 -18"><span class='ocrx_word' id='word_1_354' title='bbox 285 2683 357 2707; x_wconf 80' lang='lat' dir='ltr'>sam</span> <span class='ocrx_word' id='word_1_355' title='bbox 385 2676 533 2709; x_wconf 85' lang='lat' dir='ltr'>otiosam</span> <span class='ocrx_word' id='word_1_356' title='bbox 588 2681 622 2711; x_wconf 86' lang='lat' dir='ltr'>et</span> <span class='ocrx_word' id='word_1_357' title='bbox 654 2677 746 2721; x_wconf 84' lang='lat' dir='ltr'>apud</span> <span class='ocrx_word' id='word_1_358' title='bbox 772 2676 919 2720; x_wconf 85' lang='lat' dir='ltr'>Judam,</span> <span class='ocrx_word' id='word_1_359' title='bbox 953 2680 1010 2723; x_wconf 85' lang='lat' dir='ltr'>qui</span> <span class='ocrx_word' id='word_1_360' title='bbox 1044 2679 1183 2714; x_wconf 74' lang='lat' dir='ltr'>(licebat</span> <span class='ocrx_word' id='word_1_361' title='bbox 1217 2688 1292 2713; x_wconf 84' lang='lat' dir='ltr'>eam</span> <span class='ocrx_word' id='word_1_362' title='bbox 1323 2676 1527 2723; x_wconf 81' lang='lat' dir='ltr'>prodigam,</span> <span class='ocrx_word' id='word_1_363' title='bbox 1560 2678 1676 2724; x_wconf 80' lang='lat' dir='ltr'>lacry-</span> 
     </span>
    </p>
   </div>
  </div>
 </body>
</html>
