1742 3005
278 93 374 143 Cap.
405 90 579 130 CLXIII.
627 93 687 132 De
716 95 1075 133 commemoratione
1105 96 1329 134 animarum.
1414 94 1494 134 733

112 199 206 231 esset
232 195 416 232 defunctus
445 201 479 231 et
507 196 727 233 dalmaticam
752 199 882 234 feretro
909 201 1126 245 suppositam
1147 200 1394 236 daemoniacus
1411 203 1493 236 teti-

56 283 59 285 >
108 263 233 308 gisset,
259 264 375 296 statim
395 267 537 298 sanatus
557 267 621 298 est.
647 263 731 299 Post
750 265 888 299 multum
907 276 988 300 vero
1006 267 1186 311 temperis,
1211 277 1285 301 cum
1305 265 1495 302 Germanus

109 326 294 372 Capuanus
322 330 508 373 episeopus
532 329 691 365 balneum
721 331 764 365 ob
790 333 940 377 gratiam
969 333 1130 366 sanitatis
1155 334 1359 376 petivisset,
1390 343 1493 378 prae-

107 393 234 427 dictum
254 393 480 428 Paschasium
502 394 692 439 dyaconum
715 401 864 431 stantem
885 401 919 431 et
945 396 1195 440 obsequentem
1223 399 1365 432 invenit.
1416 399 1491 439 Quo

108 460 183 492 viso
204 459 428 494 vehementer
447 461 605 494 extimuit
625 465 676 503 et,
704 461 786 506 quid
808 461 878 494 illic
908 465 1023 494 tantus
1051 462 1102 494 vir
1126 461 1271 504 faceret,
1302 464 1490 507 inquisivit.

107 524 172 565 Qui
198 536 260 569 pro
287 525 381 559 nulla
406 525 477 559 alia
503 535 609 559 causa
636 535 674 560 se
700 527 734 559 in
760 526 820 559 illo
846 526 987 570 poenali
1007 526 1084 560 loco
1107 526 1306 571 deputatum
1326 530 1491 571 assernit,

106 591 174 625 nisi
202 593 283 636 quia
315 592 349 625 in
382 591 444 625 illa
467 591 531 625 tali
565 601 672 625 causa
706 591 783 636 plus
812 593 910 636 justo
943 593 1066 627 sensit.
1114 591 1157 626 Et
1192 593 1328 627 addidit
1354 594 1491 628 dicens:

106 667 237 701 quaeso
274 660 330 699 te,
369 667 432 701 pro
464 666 516 690 me
549 656 724 691 dominum
757 657 961 702 deprecare,
989 662 1094 702 atque
1131 659 1163 691 in
1189 657 1255 692 hoc
1279 669 1489 705 cognosces,

104 722 195 768 qnod
229 722 412 757 exauditus
447 724 515 765 sis,
558 723 586 756 si
624 722 690 757 huc
725 722 864 757 rediens
897 734 949 758 me
981 734 1048 757 non
1085 725 1268 758 inveneris.
1319 725 1383 764 Qui
1416 735 1491 759 cum

103 798 165 833 pro
204 799 245 823 eo
285 792 424 823 orasset
461 792 495 823 et
537 788 619 822 illuc
654 792 735 833 post
766 799 896 833 paucos
929 789 1005 824 dies
1046 789 1228 831 rediisset,
1273 790 1490 835 praedictum

101 852 328 888 paschasium
353 856 389 890 in
413 856 492 890 loco
522 855 643 891 eodem
668 856 805 889 minime
841 856 983 889 invenit.
1033 855 1155 889 Petrus
1183 866 1321 899 quoque
1348 856 1489 890 Clunia—

101 920 217 954 censis
241 921 311 962 ait,
342 921 453 966 quod,
490 932 564 956 cum
591 921 730 966 quidam
757 921 925 954 sacerdos
952 920 1109 965 quotidie
1135 931 1197 963 pro
1224 922 1368 954 mortuis
1394 922 1487 957 cele-

101 985 238 1028 braret,
277 997 318 1022 ex
343 986 410 1022 lioc
434 987 527 1033 apud
554 988 757 1032 episcopum
782 990 965 1020 accusatus
992 986 1035 1020 ab
1062 986 1177 1020 officio
1204 991 1257 1021 est
1282 997 1487 1031 suspensus.

101 1051 183 1085 Cum
223 1056 336 1086 autem
380 1054 566 1098 episcopus
610 1055 643 1087 in
677 1062 805 1098 magna
839 1052 1075 1087 sollemnitate
1107 1063 1169 1097 per
1205 1054 1409 1087 cimiterium
1443 1053 1488 1087 ad

100 1118 287 1151 matutinas
314 1122 500 1163 pergeret,
535 1123 657 1153 contra
682 1118 776 1153 illum
806 1120 931 1153 mortni
960 1123 1188 1153 surrexerunt
1211 1118 1384 1152 dicentes:
1418 1120 1487 1154 iste

99 1183 287 1228 episcopus
321 1184 436 1218 nullas
467 1184 569 1219 nobis
603 1187 729 1219 missas
765 1184 844 1226 dat,
892 1186 1036 1228 insuper
1077 1184 1295 1219 sacerdotem
1331 1189 1484 1219 nostrum

99 1248 200 1282 nobis
233 1249 401 1294 abstulit,
436 1250 499 1285 sed
524 1255 638 1293 certe,
675 1253 703 1285 si
743 1262 811 1284 non
846 1250 1106 1287 emendaverit,
1141 1251 1326 1291 morietur,
1363 1252 1420 1297 qui
1452 1256 1486 1286 et

97 1314 316 1350 sacerdotem
346 1316 502 1351 absolvit
528 1321 561 1351 et
582 1317 732 1351 libenter
761 1327 822 1361 pro
853 1318 996 1350 mortuis
1029 1315 1072 1350 de
1107 1321 1246 1350 caetero
1278 1316 1481 1352 celebrarit.

97 1379 206 1420 Quam
231 1384 355 1426 gratae
380 1383 483 1416 etiam
513 1383 582 1416 sint
611 1382 784 1416 defunctis
812 1383 990 1416 orationes
1018 1384 1185 1423 vivorum,
1213 1387 1309 1426 patet
1335 1394 1376 1416 ex
1405 1382 1483 1424 hoc,

96 1446 259 1490 quoniam
286 1445 436 1491 quidam,
462 1452 498 1481 ut
524 1447 633 1482 refert
659 1452 780 1481 cantor
809 1447 1042 1489 Parisiensis‚
1082 1447 1159 1480 dnm
1193 1459 1256 1491 per
1279 1450 1482 1483 cimiterium

94 1513 282 1554 transiret,
326 1522 464 1557 semper
505 1513 673 1558 psalmum
720 1513 762 1548 de
802 1513 975 1547 defunctis
1021 1513 1161 1547 dit-ebat
1196 1524 1259 1557 pro
1297 1514 1481 1548 defunctis.

96 1576 161 1618 Qui
186 1587 260 1612 cum
289 1577 333 1612 ab
359 1579 508 1612 inimicis
535 1590 598 1623 per
621 1579 824 1613 cimiterium
851 1578 991 1624 fugiens
1018 1580 1282 1623 insequeretur,
1317 1580 1481 1613 continuo

95 1645 221 1678 mortui
246 1648 472 1680 surrexerunt
498 1649 532 1679 et
557 1645 796 1689 unusquisqne
825 1645 1084 1678 instrumentum
1112 1645 1164 1678 sui
1191 1644 1298 1678 offleii
1329 1646 1362 1678 in
1380 1655 1482 1680 mann

95 1708 249 1744 habebat
273 1713 307 1745 et
331 1711 383 1746 sic
406 1711 517 1754 ipsum
544 1710 693 1745 viriliter
718 1709 949 1744 defenderunt
974 1714 1008 1744 et
1032 1711 1189 1744 inimicos
1216 1712 1358 1744 territos
1377 1710 1480 1757 fuga-

96 1778 228 1810 verunt.
279 1774 377 1815 Quod
414 1787 496 1810 vero
521 1775 707 1810 secundnm
736 1786 847 1822 genus
880 1776 1146 1821 suffragiorum,
1182 1776 1318 1811 scilicet
1351 1776 1481 1812 elemo-

93 1841 246 1874 sinarum
272 1840 438 1887 elargitio
463 1843 507 1876 iis
534 1843 664 1887 prosit,
701 1840 886 1876 manifeste
924 1841 1047 1876 haberi
1079 1845 1196 1886 potest
1221 1852 1263 1876 ex
1291 1852 1352 1884 ρο,
1388 1841 1482 1887 quod

93 1906 127 1939 in
175 1905 267 1940 libro
302 1905 576 1942 Macabaeorum
617 1908 768 1954 legitur,
815 1908 976 1952 quoniam
1023 1908 1075 1941 vir
1120 1907 1330 1942 fortissimus
1370 1907 1480 1942 Judas

92 1970 281 2005 collatione
315 1971 410 2006 facta
440 1971 504 2006 XII
541 1973 651 2007 millia
683 1972 868 2006 drachmas
902 1975 1039 2018 argenti
1074 1974 1167 2006 misit
1199 1973 1479 2015 Hierosolimam,

93 2034 214 2070 offerri
239 2045 299 2070 eas
328 2036 378 2070 ibi
403 2048 466 2081 pro
503 2039 658 2082 peccatis
694 2041 927 2079 mortuorum,
960 2039 1057 2082 juste
1094 2043 1127 2071 et
1160 2039 1327 2084 religiose
1353 2039 1396 2073 de
1422 2049 1478 2072 re-

93 2101 310 2135 surrectione
335 2102 509 2147 cogitans.
560 2102 729 2142 Quantum
756 2104 858 2138 etiam
885 2103 1097 2137 elemosinae
1125 2103 1298 2137 defunctis
1327 2102 1478 2144 valeant,

91 2165 271 2212 colligitur
285 2177 350 2211 per
368 2166 452 2200 illud
471 2167 674 2212 exemplum,
695 2167 788 2212 quod
809 2172 927 2202 narrat
939 2167 1131 2214 Gregorius
1155 2169 1187 2202 in
1204 2167 1260 2202 IV.
1283 2167 1372 2201 libro
1393 2167 1477 2212 dya-

90 2231 262 2278 logorum.
299 2231 443 2272 Quidam
465 2242 612 2278 namque
631 2233 728 2269 miles
747 2244 789 2268 ex
808 2244 958 2279 corpore
988 2233 1131 2268 eductus
1159 2235 1328 2268 exanimis
1354 2234 1478 2278 „taenia

90 2296 153 2331 sed
187 2298 290 2332 eitius
325 2297 477 2340 rediens,
509 2308 597 2344 qnae
624 2309 697 2333 cum
728 2309 769 2334 eo
795 2303 900 2345 gesta
926 2299 1072 2342 fuerint,
1107 2300 1296 2334 enarravit.
1348 2298 1478 2344 AJebat

89 2362 197 2404 enim,
225 2363 318 2407 quod
343 2373 431 2408 pons
457 2368 552 2406 erat,
579 2364 642 2399 snb
669 2376 737 2410 qno
763 2366 866 2411 niger
891 2369 925 2400 et
949 2365 1165 2410 caliginosus
1190 2365 1314 2399 fluvius
1340 2368 1373 2399 et
1400 2363 1476 2398 foe-

88 2426 182 2461 tidus
222 2426 442 2462 decurrebat.
499 2428 698 2464 Transaeto
744 2435 858 2465 antem
899 2436 1006 2475 ponte
1046 2440 1194 2464 amoena
1230 2433 1329 2465 erant
1362 2434 1477 2475 prata,

89 2491 279 2527 odoriferis
305 2491 491 2526 herbarum
515 2493 660 2529 floribus
686 2499 874 2537 exornata,
909 2497 943 2529 in
975 2495 1100 2540 quibus
1133 2495 1328 2529 albatorum
1363 2495 1474 2529 homi-

89 2567 166 2591 num
206 2557 450 2592 conventicula
493 2567 573 2592 esse
611 2559 840 2602 videbantur,
880 2570 968 2604 quos
1009 2561 1109 2594 varia
1148 2565 1182 2595 et
1225 2562 1312 2595 mira
1353 2561 1474 2595 florum

88 2623 244 2657 suavitas
280 2622 446 2657 satiabat.
494 2622 585 2657 Haec
621 2634 702 2658 vero
739 2628 814 2658 erat
861 2626 893 2658 in
931 2625 1111 2669 praedicto
1154 2630 1258 2670 ponte
1296 2626 1472 2671 probatio,

88 2690 136 2728 nt,
162 2688 319 2733 quisquis
349 2689 555 2734 injustorum
584 2688 689 2724 vellet
713 2691 878 2733 transire,
906 2691 940 2724 in
964 2690 1187 2726 tenebrosum
1215 2691 1472 2737 foetentemque
