1742 3005
317 103 414 152 Cap.
452 102 671 139 CLXXXII.
738 102 796 138 De
828 102 1068 139 dedicatione
1099 101 1296 138 ecclesiae.
1419 99 1497 137 853

114 210 357 251 repraesentat
383 209 542 242 unionem
571 209 603 241 in
630 207 694 242 lide
729 208 848 252 populi
880 207 1021 252 gentilis
1054 210 1088 240 et
1120 206 1244 241 ,Iudaei
1275 216 1337 250 per
1364 216 1497 240 erucem

114 271 244 306 Christi
275 273 411 307 saetam.
472 273 568 308 Unde
604 278 637 308 et
672 273 732 307 illa
765 284 849 307 crux
876 283 917 306 ex
954 276 1156 306 transverso
1190 272 1320 317 angulo
1352 273 1497 305 orientis

113 348 222 383 usque
251 338 293 372 ad
321 340 483 384 angulum
510 339 700 373 occidentis
727 338 874 379 ducitur,
909 338 953 371 ad
980 337 1262 383 significandum,
1303 337 1393 382 quod
1428 337 1498 377 ille,

114 405 172 447 qui
206 406 301 448 prius
336 411 412 440 erat
439 405 584 445 dexter,
621 405 731 438 laetus
765 407 819 437 est
850 405 1010 442 sinister,
1050 406 1084 436 et
1121 405 1177 446 qui
1206 407 1281 436 erat
1308 405 1342 436 in
1369 404 1497 446 eapite,

115 468 226 504 factus
253 474 307 505 est
332 472 364 504 iu
393 470 521 511 cauda,
548 474 581 504 et
608 481 625 503 e
653 480 835 503 converso.
885 467 1044 501 Secundo
1072 471 1313 511 repraesentat
1338 469 1499 512 paginam

112 537 293 581 utriusque
333 537 551 576 testamenti,
595 534 686 579 quod
725 545 788 577 per
826 542 960 566 crucem
1004 532 1133 566 Christi
1176 532 1397 576 adimpletum
1435 538 1498 566 est.

112 600 207 636 Unde
224 602 373 647 moriens
401 601 505 634 dixit:
530 603 798 633 consummatum
829 603 894 633 est.
926 597 967 632 Et
994 608 1077 631 crux
1108 608 1150 632 ex
1175 602 1376 632 transverso
1403 597 1499 631 duci-

110 670 185 708 tur,
222 668 303 711 quia
337 677 438 699 uuum
469 669 712 700 testamentum
746 666 778 698 in
805 665 876 698 alio
908 665 1123 705 continetur,
1156 666 1237 709 quia
1264 668 1340 697 rota
1367 668 1441 698 erat
1467 665 1499 696 in

111 736 200 768 rota.
249 731 371 766 Tertio
399 735 642 776 repraesentat
666 731 835 764 articulos
863 730 963 771 fidei,
1000 729 1170 764 ecelesiae
1204 731 1291 764 euim
1318 731 1498 774 pavimen-

109 802 178 832 tum
217 801 270 832 est
302 802 444 832 nostrae
476 796 555 830 fidei
584 796 860 837 fundamentum,
900 797 1093 836 elementa,
1127 805 1216 840 quae
1250 795 1498 832 inscribuntur,

109 867 189 898 suut
214 864 352 898 articuli
378 862 475 905 fidei,
509 862 633 908 quibus
666 862 770 896 rudes
806 866 839 896 et
867 861 1029 905 neophyti
1062 861 1104 894 de
1132 866 1279 905 utroque
1306 861 1436 904 populo
1465 863 1495 893 in

109 929 259 964 ecelesia.
285 928 504 969 erudiuntur,
543 930 600 973 qui
635 938 672 962 se
709 928 884 972 pulverem
920 931 953 960 et
989 928 1137 959 cinerem
1172 930 1336 969 reputare
1370 926 1497 960 debent

105 997 208 1040 juxta
234 994 336 1035 illud,
365 994 455 1039 quod
482 994 569 1027 dixit
594 992 770 1028 Abraham
799 991 925 1026 Genes.
953 991 1077 1026 XVIII:
1109 991 1234 1036 loquar
1261 991 1303 1024 ad
1324 991 1496 1025 dominum

111 1071 241 1102 meum,
275 1070 347 1094 cum
386 1061 447 1093 siin
475 1059 588 1104 pulvis
619 1063 652 1093 et
676 1060 774 1093 ciniS.
826 1058 952 1098 Quinto
979 1068 1099 1091 cruces
1138 1058 1169 1089 in
1199 1058 1348 1091 eeclesia
1375 1057 1497 1101 depin-

109 1130 256 1172 guntur,
287 1124 378 1170 quod
407 1125 542 1170 quidem
568 1124 605 1158 sn
630 1125 760 1169 triplici
787 1125 934 1158 ratione.
984 1123 1097 1157 Primo
1125 1127 1269 1166 propter
1294 1123 1497 1156 daemonum

108 1193 298 1233 terrorem,
334 1195 371 1225 ut
403 1192 538 1226 scilicet
569 1192 776 1231 daemoneS,
822 1191 880 1234 qui
912 1188 992 1223 inde
1026 1189 1162 1233 expulsi
1195 1192 1295 1229 sunt,
1339 1188 1496 1222 videntes

109 1258 245 1303 signum
271 1258 383 1291 crucis
412 1261 611 1292 terreantur
636 1261 670 1291 et
699 1256 780 1289 illuo
808 1255 946 1300 ingredi
976 1266 1043 1288 non
1076 1257 1309 1298 praesumant.
1361 1253 1499 1287 Timent

108 1324 198 1358 euim
233 1323 336 1357 valde
373 1324 508 1368 signum
545 1324 679 1364 crucis,
716 1321 805 1356 unde
842 1321 1129 1366 Chszostmnus:
1171 1319 1379 1364 ubicumque
1412 1319 1496 1354 dae-

109 1398 228 1423 mones
256 1389 393 1434 signum
420 1388 628 1422 dominicum
654 1387 825 1427 viderint,
860 1387 999 1432 fugiunt
1030 1388 1190 1420 timentes
1210 1385 1393 1425 baculum,
1431 1397 1497 1431 quo

109 1454 248 1499 plagam
276 1458 500 1497 acceperunt.
549 1454 709 1487 Secundo
737 1457 882 1497 propter
907 1452 1070 1496 triumphi
1098 1452 1351 1486 ostensionem:
1377 1462 1498 1485 eruces

109 1520 197 1554 euim
224 1523 304 1553 sunt
331 1519 459 1553 vexilla
486 1520 616 1553 Christi
644 1523 677 1553 et
704 1520 807 1564 sigua
840 1519 916 1563 ejus
949 1517 1135 1561 triumphi,
1170 1516 1277 1557 unde,
1310 1521 1346 1549 ut
1380 1522 1498 1551 osten-

108 1585 230 1627 datur,
257 1585 349 1630 quod
377 1585 474 1619 locus
502 1585 562 1619 ille
590 1585 719 1619 Christi
746 1585 898 1618 dominio
927 1584 1137 1628 subjugatus
1164 1587 1234 1623 est,
1263 1582 1340 1616 ideo
1370 1582 1494 1617 ibidem

107 1662 228 1686 cruces
266 1651 512 1697 depinguntur.
562 1651 646 1685 Nam
680 1655 713 1685 et
744 1649 837 1695 apud
872 1648 1083 1693 imperialem
1120 1648 1408 1694 magnificentiam
1435 1649 1498 1682 ob-

108 1720 288 1759 servatur,
314 1720 371 1759 ut,
404 1717 543 1762 quando
570 1716 688 1761 aliqua
714 1717 836 1750 civitas
863 1716 894 1749 ei
922 1714 1090 1755 traditur,
1125 1714 1303 1758 imperiale
1335 1714 1497 1748 vexillum

108 1784 143 1816 in
170 1792 212 1817 ea
238 1783 398 1828 erigitur.
445 1782 483 1816 In
515 1782 619 1827 huJus
656 1781 865 1827 figuratione
901 1780 1027 1813 dicitur
1054 1778 1178 1814 (ieneS.
1206 1779 1369 1819 XXVIII,
1404 1780 1495 1824 quod

107 1850 216 1885 Jacob
251 1849 424 1894 lapidem,
458 1859 558 1893 quem
596 1850 833 1892 supposuerat
867 1847 973 1890 capiti
1009 1856 1092 1886 suo,
1138 1847 1249 1880 erexit
1282 1847 1314 1879 in
1348 1845 1495 1885 titulum,

109 1915 274 1950 videlicet
305 1916 339 1948 in
382 1914 517 1948 titulum
561 1913 839 1959 praeconialem,
883 1911 1115 1946 memorialem
1164 1915 1197 1945 et
1241 1910 1494 1955 trimnphalem.

108 1980 232 2015 Tertio
260 1984 404 2025 propter
430 1979 669 2024 apostolorum
698 1979 1079 2022 repraesentationem,
1117 1987 1193 2011 nam
1220 1977 1280 2010 illa
1307 1975 1366 2009 ΧΗ
1397 1976 1496 2009 ΙιιιιιίἼ

109 2046 209 2078 naria
238 2048 318 2078 ante
355 2055 475 2078 cruces
511 2046 630 2087 posita
664 2044 861 2087 significant
888 2042 948 2075 XII
976 2042 1177 2085 apostolos,
1213 2043 1270 2086 qui
1302 2052 1363 2084 per
1398 2041 1496 2074 iidem

109 2108 264 2144 crucifixi
298 2112 405 2142 totum
437 2107 596 2141 mundum
633 2107 923 2141 illuminaverunt.
970 2105 1042 2139 Hae
1078 2107 1185 2150 igitur
1218 2115 1339 2139 eriwes
1372 2105 1499 2138 illumi-

110 2179 236 2210 nantur
268 2178 301 2209 et
332 2174 520 2208 chrismate
553 2176 747 2217 unguntur,
782 2172 943 2215 quoniam
970 2174 1004 2205 et
1029 2171 1182 2215 apostoli
1218 2170 1284 2205 lide
1320 2172 1498 2215 passionis

111 2242 242 2276 Christi
277 2244 384 2274 totum
419 2237 579 2272 mundum
613 2237 893 2271 illuminaverunt
924 2236 967 2269 ad
1012 2237 1267 2281 cognitionem,
1308 2235 1479 2269 inflamma

111 2310 234 2342 verunt
258 2305 302 2339 ad
336 2314 507 2345 amorem,
551 2307 720 2337 unxerunt
753 2303 797 2336 ad
833 2303 1070 2336 eonscientiae
1104 2303 1270 2342 nitorem,
1308 2301 1399 2345 quod
1436 2312 1498 2344 per

111 2372 243 2413 oleum,
270 2375 304 2405 et
328 2369 373 2404 ad
399 2369 513 2403 bonae
541 2371 633 2404 vitae
663 2368 817 2411 odorem,
847 2368 938 2413 quod
968 2380 1030 2413 per
1059 2367 1249 2402 balsamum
1278 2367 1495 2411 intelligitur.

112 2437 162 2471 De
197 2438 320 2477 tertio,
363 2435 498 2469 scilicet
533 2446 594 2479 per
627 2445 714 2480 quos
745 2434 971 2479 profanatur,
1018 2433 1218 2474 sciendum,
1257 2432 1348 2476 quod
1388 2433 1498 2475 ipsam

111 2503 247 2536 domum
280 2501 344 2536 Dei
376 2511 438 2545 per
474 2505 546 2535 tres
580 2500 800 2544 prolanatam
836 2500 1006 2544 legimus,
1040 2499 1175 2532 scilieet
1209 2510 1271 2542 per
1298 2497 1496 2537 Jerobeam,

113 2579 175 2613 per
201 2566 445 2602 Nabuzardam
472 2570 505 2600 et
531 2576 593 2610 per
622 2565 841 2600 Antiochum.
888 2565 1074 2600 Jerobeam
1101 2565 1211 2605 enim,
1248 2565 1338 2597 sieut
1369 2563 1497 2607 legitur

111 2633 156 2668 III
193 2633 280 2679 Reg.
306 2632 386 2675 XII,
424 2632 511 2665 duos
547 2631 674 2666 vitulos
712 2632 793 2665 feeit
825 2640 956 2674 ponens
991 2640 1091 2663 unum
1118 2631 1149 2662 iu
1175 2630 1249 2663 Dan
1276 2633 1309 2662 et
1334 2628 1436 2661 alium
1465 2629 1497 2660 in

112 2698 256 2742 Bethel,
293 2709 383 2744 quae
415 2698 542 2732 dicitur
577 2697 697 2732 domus
732 2697 812 2735 Uei3
848 2700 881 2731 et
920 2695 983 2730 hoc
1019 2699 1160 2740 propter
1195 2695 1376 2729 avaritiam
1405 2694 1498 2731 l'eeit,
