1742 3005
427 111 521 160 Cap.
552 110 687 147 XXXI.
747 111 805 148 De
836 113 1126 161 septuagesima.
1406 113 1481 153 147

95 214 253 250 Christus
281 215 315 248 in
349 217 450 249 sexta
476 218 592 249 aetate
627 214 741 248 mundi
768 215 811 249 ab
839 214 904 249 hoc
932 215 1057 250 exsilio
1084 217 1117 250 in
1145 226 1207 261 spe
1233 220 1399 252 aeternae
1426 230 1461 253 rc

93 279 292 314 tributionis
325 278 463 314 reddita
497 281 715 314 innocentiae
753 281 846 315 stola
878 291 941 325 per
977 280 1183 326 baptismum
1219 283 1368 327 eripuit,
1416 285 1477 319 sed

93 348 328 379 consummato
353 348 509 390 tempore
543 346 652 379 nostri
677 345 792 379 exsilii
818 349 964 390 utraque
989 346 1081 380 stola
1105 357 1169 381 nos
1195 347 1349 392 perfecte
1374 347 1477 384 (leco—

93 410 196 444 rabit.
268 410 352 445 Hinc
385 414 439 444 est
469 410 561 456 quod
587 411 621 444 in
645 409 710 444 hoc
732 413 889 455 tempore
911 409 1119 446 deviationis
1146 416 1180 446 et
1204 413 1318 447 exsilii
1344 416 1482 449 cantica

94 476 249 510 laetitiae
280 475 507 521 deponimus,
551 475 612 510 sed
636 478 751 509 tamen
779 475 813 507 in
846 473 996 509 sabbato
1029 475 1182 520 paschae
1207 487 1308 511 uuum
1334 479 1477 525 alleluJa

93 541 336 583 decantamus,
360 543 524 585 tanquam
550 542 582 573 in
609 550 672 584 spe
696 542 861 574 aeternae
887 541 1024 584 patriae
1048 542 1268 587 gratulantes
1294 547 1328 578 et
1352 544 1477 578 stolam

93 607 312 640 innocentiae
336 606 371 638 in
395 608 496 639 sexta
526 603 641 638 mundi
675 607 791 639 aetate
817 615 880 649 per
905 604 1077 640 Christum
1103 612 1372 652 recuperanteS‚
1424 612 1477 644 cui

93 672 196 706 etiam
219 674 351 704 tractus
376 668 578 715 subjicitur,
617 679 680 714 per
706 680 806 715 quem
831 671 1049 716 significatur
1073 670 1195 714 labor,
1239 684 1339 718 quem
1366 674 1479 709 adhuc

92 735 138 770 ad
163 735 396 780 impletionem
425 734 664 769 mandatorum
689 735 753 770 Dei
779 734 910 770 habere
935 734 1111 771 dehemus.
1160 736 1197 771 In
1224 737 1373 774 sabbato
1399 745 1480 785 post

92 799 236 845 pascha,
267 801 302 835 in
328 811 418 846 quo,
442 804 480 834 ut
506 799 632 834 dictum
657 804 731 842 est,
756 801 962 835 terminatur
985 803 1270 847 septuagesima,
1297 803 1365 838 duo
1392 805 1477 840 alle-

91 865 166 911 luja
190 870 381 909 cantamus,
412 867 494 912 quia
518 866 689 911 completo
713 865 816 910 hujus
841 865 956 899 mundi
984 868 1130 901 termino
1154 867 1326 912 duplicem
1353 871 1478 905 stolam

91 931 230 977 gloriae
264 941 526 977 consequemur.
597 930 680 965 Alia
710 933 764 965 est
794 931 884 964 ratio
918 934 1065 976 propter
1105 936 1477 977 repraesentationem‚

92 997 255 1044 quoniam
279 997 541 1042 septuagesima
568 999 811 1041 repraesentat
834 997 1062 1042 septuaginta
1084 1006 1214 1039 annos,
1265 998 1391 1044 quibus
1418 1002 1479 1036 lilii

89 1061 199 1097 Israel
225 1061 288 1096 sub
313 1062 518 1106 captivitate
542 1060 748 1095 Babilonica
773 1061 931 1104 suerunt,
968 1065 1002 1095 et
1026 1062 1310 1107 quemadmodum
1337 1066 1389 1099 illi
1417 1065 1476 1101 de-

93 1130 282 1172 posuerunt
307 1136 444 1173 organa
465 1136 530 1160 sua
556 1125 730 1161 dicentes:
779 1126 952 1172 quomodo
978 1126 1194 1162 cantabimus
1220 1131 1389 1164 canticum
1415 1131 1476 1166 do>

91 1194 173 1227 mini
196 1196 280 1235 etc.‚
328 1193 379 1226 sic
403 1195 438 1227 et
461 1202 525 1226 nos
552 1193 688 1227 cantica
712 1192 826 1227 laudis
853 1192 1068 1237 deponimus.
1126 1192 1255 1229 Postea
1287 1206 1369 1230 vero
1395 1196 1479 1231 data.

89 1258 160 1293 illis
190 1258 333 1293 licentia
361 1257 546 1306 redeundi
565 1266 586 1291 a
621 1257 711 1302 Cyro
743 1259 966 1303 sexagesimo
1002 1267 1093 1292 anno
1130 1264 1320 1304 coeperunt
1352 1261 1477 1297 laetari

90 1327 124 1358 et
148 1334 212 1358 nos
244 1333 383 1368 quoque
417 1324 451 1356 in
486 1321 637 1356 sabbato
669 1322 823 1367 paschae
857 1326 1032 1367 tamquam
1065 1324 1098 1357 iu
1130 1327 1353 1370 sexagesimo
1387 1337 1478 1363 anno

90 1389 235 1434 alleluja
259 1392 436 1422 cantamus
465 1398 583 1423 eorum
609 1388 907 1432 repraesentando
934 1388 1116 1430 laetitiam,
1143 1389 1205 1424 sed
1231 1394 1345 1426 tamen
1372 1393 1423 1426 illi
1444 1395 1476 1428 in

92 1457 267 1499 apparatu
304 1453 437 1488 reditus
465 1456 499 1488 et
532 1454 566 1487 in
593 1453 792 1500 colligendo
825 1453 1019 1487 sarcinulas
1053 1454 1194 1488 multum
1226 1455 1477 1492 laboraverunt

92 1522 127 1554 et
151 1529 215 1553 nos
241 1522 322 1564 post
347 1519 492 1564 alleluja
516 1522 663 1552 tractum
688 1521 804 1552 statim
832 1518 1087 1564 subjungimus,
1115 1521 1172 1564 qui
1186 1520 1343 1556 laborem
1365 1526 1475 1569 signi<

92 1585 191 1627 licat,
229 1583 379 1618 sabbato
405 1587 539 1626 autem,
583 1595 651 1630 quo
676 1586 940 1630 septuagesima
964 1586 1190 1628 terminatur,
1232 1585 1300 1620 duo
1330 1588 1474 1634 alleluja

90 1653 290 1690 cantamus,
336 1659 454 1683 eorum
479 1649 615 1694 plenam
640 1650 832 1692 laetitiam,
877 1660 939 1695 pei·
965 1660 1067 1695 quam
1094 1656 1327 1696 pervenerunt
1353 1655 1387 1687 iu
1413 1665 1475 1699 pa<

90 1717 204 1758 triam,
230 1716 433 1762 figurantes.
502 1715 573 1750 Hoc
598 1717 702 1751 etIam
728 1719 863 1760 tempus
888 1717 1104 1760 captivitatis
1128 1720 1162 1750 et
1188 1717 1303 1751 exsilii
1328 1719 1474 1754 liliorum

89 1781 199 1816 lsrael
227 1784 470 1826 repraesentat
491 1785 627 1827 tempus
661 1784 804 1816 nostrae
828 1782 1145 1827 peregrinationis,
1189 1784 1271 1827 quia
1295 1784 1384 1818 sicut
1407 1786 1474 1829 ipsi

37 1835 51 1840 ’Δ
89 1832 124 1881 in
148 1849 371 1893 sexagesimo
401 1854 492 1883 auno
519 1851 599 1882 sunt
622 1846 783 1889 liberati,
833 1848 883 1881 sic
917 1858 981 1881 nos
1016 1848 1050 1881 in
1076 1851 1177 1883 sexta
1202 1849 1318 1883 mundi
1345 1854 1473 1885 aetate.

88 1911 133 1947 Et
144 1913 194 1947 sic
207 1916 245 1946 ut
258 1912 370 1948 adhuc
385 1915 421 1948 in
435 1912 636 1959 colligendo
661 1912 855 1947 sarcinulas
879 1911 1142 1955 laboraverunt,
1169 1914 1220 1947 sic
1240 1917 1274 1948 et
1290 1924 1354 1948 nos
1370 1916 1473 1949 etIam

88 1976 229 2011 liberati
253 1979 286 2011 in
303 1979 532 2024 completione
557 1977 797 2013 mandatorum
822 1977 1035 2013 laboramus.
1062 1978 1132 2013 Sed
1157 1988 1232 2013 eum
1255 1979 1300 2013 ad
1326 1982 1474 2024 patriam

90 2046 292 2087 perventum
328 2043 452 2091 suerit,
501 2044 604 2079 labor
635 2044 745 2078 omnis
781 2043 936 2078 cessabit
968 2047 1003 2078 et
1026 2044 1144 2090 glorIa
1169 2043 1327 2088 perfecta
1351 2047 1417 2079 erit
1440 2050 1475 2080 et

89 2107 219 2152 duplex
242 2095 386 2155 alleluja
410 2111 446 2143 in
467 2119 616 2154 corpore
642 2113 676 2144 et
700 2109 816 2143 anima
839 2108 1068 2144 cantabimus.
1103 2109 1140 2144 In
1165 2107 1230 2142 hoc
1255 2110 1363 2155 igitur
1386 2114 1473 2145 tem-

89 2161 180 2217 p‘tire
199 2174 315 2208 exsilii
340 2175 490 2210 ecclesia
513 2175 628 2209 multis
652 2174 935 2209 tribulationibus
964 2185 1089 2219 pressa
1115 2179 1149 2210 et
1175 2173 1247 2208 sere
1272 2176 1306 2209 in
1328 2175 1472 2211 baratro

88 2237 345 2282 desperationis
379 2241 496 2285 posita
530 2240 575 2274 ab
608 2241 680 2275 alto
702 2239 856 2275 >trahens
891 2241 1044 2285 suspiria
1077 2240 1205 2275 clamat
1230 2241 1264 2274 in
1295 2241 1412 2275 officio
1439 2246 1473 2276 et

89 2302 191 2336 dicit:
238 2304 535 2340 circumdederunt
559 2317 612 2341 me
638 2307 789 2352 gemitus
813 2307 935 2340 mortis
961 2309 1047 2348 etc.,
1084 2309 1118 2340 et
1142 2304 1295 2339 ostendit
1321 2305 1471 2340 ecclesia

88 2368 310 2413 multiplicem
336 2371 390 2404 sui
416 2370 688 2414 tribulationem,
715 2381 816 2416 quam
844 2371 962 2412 habet,
989 2374 1024 2405 et
1049 2381 1113 2415 pro
1138 2370 1277 2403 miseria
1291 2374 1471 2405 contracta

86 2437 121 2468 et
146 2443 209 2478 pro
235 2433 365 2479 duplici
389 2445 504 2479 poena
528 2437 660 2470 inflicta
683 2440 717 2471 et
744 2447 807 2480 pro
833 2436 937 2480 culpa
961 2445 1029 2480 quo
1057 2434 1100 2468 ad
1117 2434 1254 2478 aliquos
1273 2436 1466 2471 commissa,-

86 2498 157 2533 Sed
188 2503 303 2533 tamen
336 2509 379 2533 ne
412 2499 596 2544 desperet,
641 2502 849 2546 proponitur
873 2502 906 2535 ei
930 2502 965 2533 in
991 2498 1176 2544 evaugelio
1201 2502 1235 2533 et
1258 2500 1294 2533 in
1318 2502 1469 2545 epistola.

83 2564 213 2610 triplex
237 2564 378 2599 salubre
402 2564 590 2600 remedium
614 2569 648 2600 et
671 2566 801 2610 triplex
827 2566 1029 2610 praemium.
1075 2562 1284 2607 Remedium
1308 2569 1379 2606 est,
1416 2571 1464 2605 ut,

85 2631 115 2664 si
138 2630 182 2664 ab
209 2630 279 2665 illis
308 2630 380 2666 vult
404 2630 559 2675 perfecte
584 2630 742 2674 liberari,
770 2632 804 2665 in
830 2633 932 2666 vinea
955 2632 1089 2665 animae
1114 2639 1199 2664 suae
1223 2629 1372 2672 laboret,
1389 2631 1463 2666 'ab-

84 2695 272 2731 scindendo
292 2697 379 2733 vitia
406 2699 440 2731 et
464 2700 629 2742 peccata,
656 2700 782 2742 postea
807 2697 841 2731 in
871 2696 985 2731 stadio
1012 2696 1208 2741 praesentis
1234 2695 1326 2731 vitae
1351 2701 1464 2731 currat

1119 2760 1188 2795 10*
