1742 3005
343 97 436 148 Cap.
470 96 551 133 XC.
611 96 670 133 De
710 102 839 132 saneto
879 95 999 132 Paulo
1031 94 1218 145 apostolo,
1397 92 1479 131 395

86 201 379 236 irrationabiliter
414 201 579 247 nulloque
611 202 708 246 justo
743 202 925 248 flagitante
951 202 1093 247 negotio
1121 200 1329 235 commoveri
1356 200 1478 234 malum

84 271 147 302 cst.
197 267 293 301 Hunc
315 269 408 302 enim-
430 267 588 302 affectum
616 267 782 312 providus
818 267 920 301 nobis
954 270 1092 301 creator
1121 266 1289 307 inseruit,
1327 269 1364 300 ut
1397 266 1478 299 dor-

84 334 228 366 mientes
256 334 390 367 animas
415 337 519 378 atque
548 333 723 368 resolutas
749 333 792 367 ab
821 334 948 367 inertia-
974 336 1078 376 atque
1113 331 1250 366 desidia
1281 334 1479 366 suscitaret.

85 398 191 438 Quasi
219 400 307 433 enim
336 398 457 443 gladio
485 400 616 440 aciem,
644 400 692 433 ita
716 400 821 433 menti
846 402 988 431 nostrae
1016 398 1090 431 irae
1129 407 1271 431 acumen
1305 400 1481 442 imposuit,

86 468 143 504 ut,
173 474 247 511 cum
275 469 433 509 oportet,
462 468 607 498 utamur.
657 463 863 508 Benignitas
889 466 1001 495 autem
1029 472 1166 504 semper
1191 461 1282 495 bona
1307 467 1381 504 est,
1421 463 1482 498 sed

86 540 160 563 cuni
188 530 281 563 illam
306 534 441 573 tempus
470 529 661 572 efflagitat,
691 528 829 572 quando
861 537 943 561 vero
974 526 1005 559 id
1034 536 1101 559 non
1128 526 1250 568 adest,
1293 529 1396 561 etiam
1425 529 1485 562 illa

86 596 215 629 vitiosa
244 599 307 628 est.
354 594 406 627 Ita
430 597 463 627 et
486 592 614 626 Pauius
651 603 757 637 saepe
784 592 850 626 hoc
877 602 960 626 usus
988 595 1042 626 est
1069 592 1195 626 affectu
1222 597 1255 626 et
1282 593 1484 627 immodeste

87 659 311 705 loquentibus
329 658 454 692 melior
478 647 554 692 'erat
580 659 702 693 iratus.
750 657 822 692 Hoc
847 663 960 694 autem
984 660 1016 692 iu
1037 669 1078 693 eo
1105 662 1180 693 erat
1206 657 1376 699 mirabile,
1404 660 1487 703 quia

87 736 161 759 cum
199 723 369 766 vinculis,
406 723 612 758 verberibus
648 729 753 770 atque
789 724 991 759 vulneribus
1024 724 1131 770 longe
1163 723 1385 768 splendidior
1411 729 1485 759 erat

87 790 294 837 dyademate
323 799 548 834 purpuraque
576 789 792 835 fulgentibus
818 800 963 835 (nunque
999 791 1134 823 vinctus
1168 794 1322 833 portam
1351 794 1483 823 vastum

67 857 237 914 pelagus
260 855 472 897 ducebatur,
511 856 561 888 ita
585 855 786 900 gaudebat,
825 860 998 900 tamquam
1035 857 1067 888 in
1094 856 1276 888 maximum
1306 856 1486 898 imperium

89 923 288 957 (timeretur.
338 921 526 966 Postquam
566 930 648 954 vero
694 921 836 955 Romam
877 922 1060 966 ingressus
1098 925 1169 960 est,
1213 930 1277 954 uec
1312 919 1359 953 ibi
1393 924 1488 954 stare

90 992 273 1022 contentus
311 990 384 1029 est,
419 987 483 1021 sed
520 988 554 1020 in
586 985 788 1031 Hispaniam
815 988 988 1031 percurrit
1013 996 1077 1021 nec
1104 997 1204 1020 unum
1233 986 1370 1031 quidem
1397 986 1487 1020 diem

90 1056 123 1087 in
154 1054 226 1087 otio
258 1062 386 1097 passus
422 1056 476 1086 est
511 1056 546 1087 et
572 1053 689 1097 quiete
721 1053 892 1095 transire,
927 1053 988 1087 sed
1026 1054 1060 1086 in
1093 1052 1324 1097 praedicandi
1361 1052 1488 1086 ardore

88 1120 166 1164 ipso
193 1120 274 1165 igne
298 1117 480 1153 ardentior
503 1128 568 1152 nec
600 1118 757 1163 pericula
782 1120 896 1152 timuit
920 1129 982 1152 nec
1008 1119 1190 1152 irrisiones
1217 1117 1367 1152 erubuit.
1416 1117 1488 1151 lloc

88 1195 181 1232 vero*
204 1185 330 1231 maiori
362 1184 593 1219 admiratione
624 1183 765 1230 dignum
801 1188 875 1226 est,
910 1194 1010 1229 quam
1048 1194 1121 1217 cum
1155 1188 1222 1217 tam
1251 1183 1364 1217 audax
1393 1187 1489 1217 esset

88 1261 128 1286 ac
154 1251 249 1296 yelut
274 1250 319 1286 ad
345 1260 494 1295 pugnam
521 1260 660 1294 semper
687 1251 862 1284 accinctus
890 1254 924 1284 et
952 1252 1064 1296 iguem
1091 1249 1261 1294 quendam
1288 1248 1371 1283 belli
1392 1250 1487 1293 aspi-

90 1327 172 1352 rans
207 1327 328 1352 rursus
364 1315 571 1361 placabilem
605 1320 709 1360 atque
747 1316 934 1349 flexibilem
968 1326 1007 1350 se
1044 1315 1248 1361 praebebat.
1298 1314 1382 1348 Nam
1409 1325 1485 1350 sac-

92 1384 200 1417 vieuti
228 1382 283 1416 vel
309 1382 426 1426 potius
458 1381 605 1416 ferventi
634 1385 907 1426 praeceperunt,
939 1386 976 1416 ut
1001 1384 1068 1417 iret
1093 1382 1263 1423 Tarsum,
1291 1392 1358 1415 non
1388 1390 1489 1415 reeu-

92 1450 205 1488 savit,
238 1447 413 1481 -dixerunt
453 1458 515 1491 per
555 1458 686 1481 murum
720 1457 794 1481 eum
831 1452 995 1491 oportere
1031 1448 1159 1492 deponi
1193 1452 1227 1482 et
1260 1457 1387 1492 passus
1422 1451 1487 1481 est.

92 1514 201 1559 Hujus
227 1514 278 1548 rei
304 1515 422 1559 gratia
446 1515 515 1547 ista
540 1513 716 1554 faciebat,
744 1517 781 1546 ut
806 1513 1064 1557 praedicationi
1092 1513 1222 1546 diutius
1257 1514 1437 1546 insisteret
1458 1517 1491 1545 et

92 1590 167 1614 cum
188 1579 304 1614 multis
322 1579 401 1613 hinc
425 1579 648 1614 credentibus
671 1579 737 1613 iret
764 1578 808 1612 ad
831 1578 1017 1613 Christum.
1045 1578 1229 1613 Metuebat
1250 1578 1422 1622 profecto,
1449 1588 1490 1611 ne

93 1646 184 1680 forte
211 1655 346 1690 pauper
371 1644 449 1679 hinc
474 1649 580 1690 atque
605 1646 706 1689 inops
733 1644 857 1678 salutis
877 1645 1058 1679 multorum
1075 1644 1296 1679 abscederet.
1331 1644 1492 1677 Ceterum

93 1721 238 1756 cumque
252 1710 299 1752 hi,
327 1712 384 1755 qui
400 1711 463 1744 sub
478 1721 545 1744 uno
566 1714 722 1755 puguant
744 1711 926 1755 magistro,
954 1710 1103 1745 viderint
1126 1712 1157 1744 iu
1182 1721 1223 1744 eo
1242 1711 1349 1744 infixa
1365 1710 1398 1754 ¹)
1419 1710 1493 1743 vul-

93 1787 190 1819 nera,
220 1776 381 1810 fluentem
399 1777 601 1821 sanguinem
622 1780 657 1810 et
675 1786 738 1811 nec
765 1777 817 1810 sic
836 1777 948 1820 ipsum
971 1776 1132 1811 hostibus
1154 1776 1344 1822 aliquando
1364 1775 1494 1810 ceden-

95 1847 180 1895 tem„
195 1841 257 1877 sed
279 1846 429 1876 stantem
446 1841 585 1876 fortiter
608 1841 815 1888 hastamque
837 1842 1029 1877 vibrantem
1060 1848 1094 1878 et
1119 1843 1253 1878 crebris
1280 1841 1404 1876 ictibus
1432 1840 1495 1875 ad-

97 1909 276 1953 versarios
303 1918 468 1942 corruere
496 1908 678 1942 facientem
704 1918 767 1943 nec
796 1910 934 1943 omniuo
963 1908 1076 1943 dolori
1110 1913 1330 1954 parcentem,
1369 1908 1496 1952 maj0ri

96 1973 229 2018 absque
263 1973 368 2007 dubio
405 1977 503 2007 tanto
538 1973 617 2008 duci
644 1975 828 2010 alacritate
861 1974 1067 2009 subduntur.
1116 1975 1187 2009 Hoc
1215 1976 1264 2009 ita
1289 1974 1417 2008 sactum
1443 1977 1498 2008 est

96 2040 131 2072 in
158 2037 279 2086 Paulo.
327 2037 497 2072 Videntes
524 2040 611 2072 enim
637 2039 732 2074 illum
767 2040 912 2085 ligatum
944 2042 1077 2075 catenis
1104 2041 1328 2074 nihilominus
1362 2041 1397 2072 in
1419 2048 1498 2072 car-

99 2114 178 2139 cere
203 2102 486 2148 praedicantem,
515 2103 673 2138 videntes
700 2106 802 2138 etiam
829 2105 1043 2139 vulneratum
1071 2110 1103 2139 et
1127 2109 1243 2138 tamen
1271 2104 1499 2138 verberantes

99 2171 196 2214 ipsos
248 2179 410 2203 sermone
443 2170 659 2213 capientem,
694 2171 862 2215 maiorem
897 2170 1061 2214 profecto
1081 2169 1242 2204 fiduciam
1268 2169 1498 2215 colligebant.

98 2235 136 2269 ld
154 2234 247 2280 quod
268 2233 469 2280 significans
491 2236 552 2276 ait,
575 2236 622 2269 ita
642 2239 679 2269 ut
697 2235 815 2280 plures
838 2246 855 2270 e
878 2235 1044 2270 fratribus
1066 2235 1281 2270 confidentes
1303 2230 1337 2269 ih
1353 2234 1501 2269 vinculis

100 2302 186 2336 meis
198 2299 417 2335 abundanter
437 2301 616 2343 anderen-t,
638 2303 712 2335 sine
732 2302 857 2336 timore
879 2301 1019 2336 verbum
1036 2302 1099 2337 Dei
1116 2302 1225 2347 loqui.
1255 2301 1354 2336 Tunc
1371 2301 1498 2334 certio«

102 2377 173 2401 rem
189 2366 408 2400 alacritatem
424 2367 499 2411 ipse
517 2366 680 2411 capiebat
696 2371 731 2402 et
747 2367 988 2402 vehementius
1009 2369 1042 2401 in
1064 2367 1290 2402 adversarios
1309 2365 1502 2400 ferebatur.

104 2432 203 2466 Sicut
227 2432 315 2466 enim
342 2432 436 2477 ignis
461 2432 497 2464 in
535 2431 697 2466 diversas
733 2433 936 2479 plerumque
970 2434 1137 2466 materias
1165 2432 1320 2466 incidens
1356 2435 1506 2477 augetur

103 2499 218 2543 magis
257 2501 290 2531 et
318 2499 530 2531 incrementa
555 2499 720 2540 sortitur,
759 2499 811 2531 sic
845 2498 946 2531 etiam
971 2497 1094 2543 lingua
1117 2497 1218 2531 Pauli
1242 2496 1505 2542 quibuscunque

105 2563 232 2598 suisset
261 2563 415 2604 admota,
440 2562 484 2596 ad
518 2573 556 2597 se
596 2572 657 2597 eos
694 2564 856 2596 continuo
887 2563 1138 2598 transferebat.
1190 2561 1505 2608 ²)Impugnat0res

175 2662 202 2694 1)
222 2660 283 2688 Alii
308 2661 344 2688 in
373 2670 417 2687 eo
437 2660 517 2687 fixa
539 2660 650 2692 legunt.
753 2661 782 2693 2)
810 2660 861 2688 Ed.
890 2664 934 2687 l‘r.
962 2660 1049 2692 legit:
1076 2664 1386 2695 Impugnatores
1413 2667 1507 2692 quo-

108 2705 245 2739 quein
273 2707 358 2740 ejus
386 2705 572 2740 pabulum
603 2704 819 2739 spirituale
846 2703 1122 2732 efficiebatur.
