1742 3005
244 79 326 118 844
466 82 561 130 Cap.
591 78 793 116 CLXXXI.
852 78 910 114 De
941 87 1073 114 sancto
1104 79 1262 130 Pelagio
1295 94 1408 132 papa.

245 184 295 218 Eo
332 187 486 226 tempore
520 185 640 215 tantae
676 181 815 225 pluviae
849 192 922 215 eum
959 183 1120 216 tonitruis
1162 187 1196 217 et
1237 183 1435 218 fulminibus
1478 189 1511 219 et
1544 188 1629 219 tem-

245 247 441 292 pestatibus
469 248 584 281 sactae
610 252 709 288 suut,
745 252 893 292 quantas
928 248 1023 281 nulla
1049 249 1201 281 meminit
1227 248 1397 282 hominum
1426 252 1630 295 antiquitas,

247 312 398 356 Lapides
433 314 521 346 enim
551 313 581 345 in
613 315 808 357 quantitate
837 325 976 348 ovorum
1012 314 1245 358 quadranguli
1278 315 1373 347 mixti
1406 326 1478 348 cum
1514 316 1632 359 pluvia

246 378 289 412 de
314 378 413 412 coelo
441 377 607 413 cadentes
634 379 794 421 arbores,
823 382 941 414 vineas
969 384 1002 414 et
1024 384 1165 425 segetes
1185 379 1433 414 destruxerunt
1455 385 1489 414 et
1508 381 1631 414 multos

245 443 402 479 homines
427 444 640 478 occiderunt.
691 445 796 479 Corvi
827 456 964 491 quoque
991 449 1025 479 et
1050 446 1273 490 quamplures
1297 456 1381 480 aves
1407 457 1469 491 per
1493 451 1575 480 aera
1600 447 1633 480 in

244 510 309 544 hac
335 514 542 554 tempestate
569 511 727 545 volantes
754 513 819 545 visi
846 517 924 546 sunt
950 511 1122 546 carbones
1148 513 1246 546 vivos
1281 513 1313 545 in
1342 514 1466 546 rostris
1494 516 1633 557 portare

245 580 279 610 et
305 575 426 610 domos
448 576 643 612 incendere.
695 578 825 612 Contra
846 577 1031 612 Romanam
1054 578 1238 612 eeclesiam
1261 589 1400 623 semper
1419 578 1634 623 t51·annitle111

244 642 427 676 lleinricus
454 645 610 677 exercuit
636 647 668 677 et
693 643 771 678 ideo
800 654 840 677 eo
870 647 1004 676 mortuo
1031 643 1250 678 Innocentius
1279 647 1422 686 tertius,
1457 656 1499 679 ne
1526 644 1634 678 frater

245 710 321 753 ejus
359 708 541 752 Philippus
578 713 860 751 promoveretur,
904 719 942 742 se
985 711 1151 753 opposuit
1194 714 1228 744 et
1268 710 1384 745 Ottoni
1430 711 1500 744 tilio
1536 710 1633 743 ducis

245 777 422 809 Saxoniae
448 774 610 808 adhaesit
636 778 669 807 et
694 784 768 807 eum
795 774 1010 819 Aquisgrani
1039 776 1071 806 in
1091 785 1206 819 regem
1226 775 1451 810 Alemanuiae
1472 779 1632 810 coronari

247 843 338 876 t'ecit.
388 840 437 875 Eo
462 845 640 884 tempore,
677 838 755 873 dum
789 840 906 883 plures
940 839 1091 874 barones
1124 839 1293 875 Franciae
1327 852 1390 885 pro
1425 842 1634 877 liberatione

245 913 360 942 terrae
394 911 538 941 sanetae
576 906 667 940 ultra
701 915 796 939 mare
828 910 1036 950 pergerent,
1081 906 1417 951 Constantinopolim
1457 912 1634 952 ceperunt.

246 974 305 1007 llis
331 972 546 1017 temporibus
573 972 714 1006 ordines
741 971 1019 1016 praedicatorinn
1047 976 1081 1006 et
1107 974 1253 1006 omnium
1282 973 1425 1007 fratrum
1450 976 1517 1007 orti
1544 979 1636 1010 sunt.

245 1040 467 1072 Innocentius
501 1042 645 1082 quartus
677 1037 817 1082 legatos
850 1037 892 1070 ad
919 1036 1112 1082 Philippum
1150 1049 1266 1084 regem
1294 1038 1502 1074 Francorum
1533 1042 1636 1082 misit,

248 1111 283 1139 ut
309 1110 434 1139 terram
464 1103 709 1148 Albigensium
742 1102 924 1136 invaderet
958 1107 991 1136 et
1019 1102 1216 1138 haereticos
1243 1105 1394 1148 deleret,
1431 1108 1489 1151 qui
1516 1117 1635 1140 onmes

246 1174 389 1215 capiens
425 1171 638 1204 concremari
675 1169 771 1205 feeit.
829 1168 986 1213 Denique
1020 1168 1240 1204 lnnoeentius
1282 1171 1441 1205 Ottonem
1485 1174 1637 1217 impera-

247 1242 356 1272 torem
384 1237 566 1270 coronavit
592 1239 644 1277 et,
679 1239 715 1268 ut
735 1235 818 1279 jura
843 1234 1015 1269 ecclesiae
1047 1236 1220 1278 salvaret,
1257 1237 1298 1270 ab
1332 1248 1373 1271 eo
1401 1239 1634 1282 juramentum

247 1305 386 1348 exegit,
420 1303 478 1348 qui
512 1303 628 1335 statim
663 1303 739 1345 ipso
772 1301 828 1335 die
859 1306 981 1335 eontra
1008 1302 1241 1346 juramentum
1269 1302 1350 1336 fecit
1378 1307 1411 1337 et
1435 1303 1635 1348 Romipetas

248 1369 441 1414 exspoliari
455 1369 576 1413 J'ussit.
601 1367 698 1402 Unde
717 1377 809 1412 papa
828 1378 902 1401 eum
923 1369 1231 1402 excommunicavit
1248 1373 1280 1403 et
1299 1368 1341 1402 ab
1360 1370 1506 1413 imperio
1528 1369 1635 1414 depo-

249 1438 328 1470 suit.
378 1434 427 1469 Eo
449 1439 604 1479 tempore
624 1436 688 1469 suit
706 1438 831 1469 sancta
846 1432 1028 1468 Elizabeth
1049 1434 1121 1468 tilia
1143 1436 1238 1479 regis
1256 1433 1444 1480 Ungariae,
1468 1446 1556 1480 quae
1574 1436 1637 1470 suit

248 1514 337 1537 uxor
354 1502 551 1547 landgravii
566 1501 799 1546 Thuringiae,
822 1510 911 1545 quae
932 1501 1022 1533 inter
1039 1500 1108 1533 alia
1128 1501 1304 1535 innumera
1320 1502 1487 1535 miracula
1504 1502 1635 1546 plures,

250 1569 284 1603 id
313 1573 387 1610 est,
413 1567 491 1602 XVI
516 1571 691 1607 mortuos,
721 1571 756 1600 ut
781 1567 959 1608 scribitur,
985 1568 1169 1600 suscitavit
1194 1571 1228 1601 et
1251 1577 1388 1601 caecum
1415 1573 1530 1601 natum
1557 1568 1635 1602 iuu-

251 1636 413 1677 initiavit,
452 1634 495 1668 de
530 1634 629 1678 cujus
664 1643 812 1676 corpore
848 1642 958 1676 usque
988 1632 1092 1667 hodie
1132 1633 1244 1667 oleum
1279 1633 1387 1668 fluere
1419 1632 1635 1678 perhibetur.

249 1703 376 1735 ottone
405 1700 567 1746 deposito
596 1698 818 1739 Fridericus,
851 1697 1000 1731 lleinrici
1028 1698 1139 1741 tilius,
1176 1699 1320 1744 eligitur
1351 1703 1386 1734 et
1412 1699 1454 1733 ab
1483 1699 1636 1734 Honorio

247 1772 446 1801 coronatur.
495 1767 614 1811 Leges
647 1766 796 1809 optimas
833 1775 895 1808 pro
929 1763 1092 1798 libertate
1125 1764 1296 1799 ecclcsiae
1333 1769 1366 1799 et
1399 1770 1519 1799 contra
1550 1765 1635 1801 hae-

249 1835 378 1867 reticos
413 1832 534 1868 edidit,
582 1830 644 1865 llic
677 1840 784 1874 super
816 1840 935 1863 omnes
965 1829 1097 1862 divitiis
1124 1833 1156 1864 et
1182 1830 1298 1874 gloria
1323 1830 1534 1873 abundavit,
1572 1831 1635 1865 sed

249 1900 292 1932 iis
319 1900 351 1931 in
378 1897 545 1942 superbia.
570 1896 701 1929 abusus
727 1895 810 1934 suit,
837 1905 913 1928 nam
939 1894 1153 1939 tyrannidem
1180 1899 1302 1928 eontra
1327 1896 1507 1930 ecclesiam
1535 1907 1634 1931 exer-

248 1966 337 2005 cuit,
382 1963 469 1996 duos
500 1961 699 1996 cardinales
737 1961 945 2002 vinculavit,
990 1960 1188 2004 praelatos,
1231 1971 1318 2005 quos
1352 1960 1544 2007 Gregorius
1576 1962 1635 1998 lx.

249 2030 292 2063 ad
317 2030 499 2063 concilium
527 2030 803 2069 convocaverat,
839 2028 916 2070 capi
951 2027 1032 2060 serit
1064 2031 1097 2059 et
1123 2027 1202 2060 ideo
1230 2027 1273 2060 ab
1302 2029 1377 2071 ipso
1404 2031 1635 2062 excommuni-

247 2100 357 2129 catur.
406 2094 562 2137 Denique
598 2091 791 2135 Gregorius
827 2092 942 2125 multis
984 2092 1269 2126 tribulationibus
1311 2103 1455 2137 pressus
1496 2096 1638 2128 moritur

250 2167 284 2195 et
308 2161 530 2194 lnnocentius
554 2162 699 2202 (piartus
726 2159 866 2192 natione
893 2157 1080 2192 Jauuensis
1106 2159 1287 2192 concilium
1314 2158 1405 2204 apud
1432 2159 1636 2204 Lugdunum

248 2236 446 2261 umvocaus
472 2227 581 2269 ipsum
611 2225 853 2268 imperatorem
882 2223 1055 2268 deposuit.
1106 2226 1180 2264 Quo
1213 2225 1374 2270 deposito
1409 2229 1442 2261 et
1473 2225 1636 2260 defuneto

249 2293 353 2329 sedes
381 2293 515 2337 imperii
543 2301 653 2335 usque
680 2289 785 2325 hodic
813 2294 925 2328 vacat,
