1742 3005
254 128 336 168 620
529 130 625 177 Cap.
656 126 866 163 CXXXlX.
926 127 985 163 De
1016 133 1145 163 sancta
1174 126 1364 163 Eufemia.

255 236 331 265 erat
365 241 454 264 uxor
487 231 626 263 nomine
657 228 838 271 Eudoxia,
883 239 973 274 quae
1013 229 1156 263 heroico
1198 232 1307 263 metro
1340 230 1502 274 poemata
1535 226 1642 260 multa

255 296 426 335 confecit,
461 293 652 339 habuitque
685 293 789 328 liliam
824 295 962 328 nomine
994 292 1209 335 Eudoxiam,
1243 303 1343 338 quam
1379 293 1641 331 Valentiniano,

256 370 355 404 quem
382 361 626 404 imperatorem
652 359 797 401 fecerat,
825 359 923 393 dedit
947 370 1102 393 uxorem.
1152 357 1244 392 Haec
1276 359 1392 391 omnia
1416 357 1458 391 de
1483 357 1643 401 hystoria

255 427 432 469 tripartita
449 428 607 460 extracta
623 430 714 460 sunt.
746 424 907 461 Mortuus
930 428 983 459 est
1000 428 1114 458 autem
1130 425 1224 458 circa
1239 433 1349 457 annos
1370 422 1498 457 domini
1517 422 1640 456 CCCC.

663 746 789 811 cAP.
822 745 1050 806 cxxviii.
1085 746 1235 808 (133.)

480 849 597 891 De
640 844 954 890 saneta
991 843 1424 889 Eufemia.

348 953 508 989 Eut‘emia
533 954 659 987 dicitur
684 953 727 986 ab
755 963 809 994 eu,
838 952 929 997 quod
956 957 1010 987 est
1035 952 1174 995 bonum,
1201 956 1235 987 et
1262 952 1402 994 semina,
1430 954 1532 997 quasi
1557 951 1649 986 bona

260 1022 400 1062 semina,
428 1019 463 1053 id
490 1024 543 1055 est
566 1019 676 1060 utilis,
703 1018 851 1052 honesta
877 1022 911 1052 et
938 1018 1172 1060 delectabilis,
1201 1019 1284 1063 quia
1307 1018 1372 1052 hoc
1396 1018 1526 1063 triplici
1545 1017 1648 1051 modo

259 1087 389 1121 dicitur
412 1085 551 1119 bonum.
600 1084 679 1118 Fuit
704 1085 792 1118 enim
819 1084 914 1117 utilis
943 1083 1023 1117 aliis
1056 1094 1119 1127 per
1142 1085 1465 1125 conversationem,
1502 1083 1651 1118 honesta

260 1152 328 1186 sibi
361 1162 424 1195 per
455 1160 584 1183 morum
627 1150 935 1193 compositionem,
982 1149 1204 1183 delectabilis
1238 1149 1312 1183 Deo
1357 1160 1421 1193 per
1461 1150 1649 1184 coelestem

259 1216 599 1260 contemplationem.
648 1213 712 1248 vel
744 1212 904 1247 Eusemia
935 1213 1061 1247 dicitur
1095 1215 1196 1259 quasi
1234 1214 1430 1259 euphonia,
1471 1214 1563 1259 quod
1598 1219 1651 1249 est

260 1283 380 1317 suavis
407 1281 597 1315 sonoritas,
647 1280 774 1313 Suavis
800 1280 889 1313 enim
916 1289 1024 1313 sonus
1049 1279 1086 1313 tit
1110 1280 1224 1313 tribus
1248 1280 1380 1322 modis,
1405 1280 1540 1314 scilicet
1564 1290 1651 1314 voce

262 1351 299 1381 ut
325 1348 359 1380 iu
386 1350 510 1384 cantu,
542 1345 646 1391 pulsu
677 1348 715 1379 ut
747 1346 783 1378 in
812 1344 977 1390 cythara,
1014 1344 1099 1379 flatu
1131 1349 1168 1379 ut
1201 1346 1235 1379 in
1266 1355 1415 1391 organo.
1463 1346 1521 1380 Sic
1546 1345 1653 1380 beata

261 1413 422 1448 Eusemia
453 1412 534 1446 fecit
570 1411 645 1446 Deo
681 1410 815 1445 dulcem
847 1421 969 1444 sonum
1003 1420 1077 1444 cum
1113 1421 1199 1445 voce
1239 1411 1535 1455 praedicationis,
1576 1421 1651 1445 cum

261 1479 365 1523 pulsu
389 1478 504 1512 bonae
530 1478 746 1521 operationis
772 1480 806 1510 et
831 1486 905 1510 cum
931 1476 1014 1510 ssatu
1040 1478 1199 1511 internae
1224 1476 1438 1513 devotionis.

353 1542 514 1577 Eusemia
545 1542 618 1576 tilia
642 1543 831 1584 senatoris,
868 1543 988 1577 videns
1012 1543 1226 1577 christianos
1256 1547 1414 1587 tempore
1438 1542 1656 1588 Dyocletiani

263 1614 331 1644 tam
351 1608 501 1642 diversis
522 1610 645 1652 poenis
673 1608 811 1649 laniari,
837 1608 881 1642 ad
907 1608 1061 1643 Priscum
1081 1608 1236 1654 judicem
1264 1609 1467 1653 properavit
1491 1612 1526 1643 et
1551 1608 1651 1642 Chri-

263 1680 351 1709 stum
392 1673 530 1718 publice
574 1671 743 1706 confitens
782 1674 941 1717 exemplo
984 1684 1070 1708 suae
1109 1674 1330 1708 constantiae
1367 1676 1470 1708 etiam
1502 1675 1653 1708 virorum

262 1743 397 1775 animos
422 1738 659 1774 confortabat.
708 1736 789 1771 Cum
818 1739 927 1782 igitur
954 1739 1067 1783 judex
1094 1738 1308 1773 christianos
1335 1741 1536 1774 successive
1559 1740 1654 1774 occi-

263 1807 381 1848 deret,
408 1805 500 1839 alios
526 1806 732 1849 praesentes
757 1812 837 1837 esse
857 1803 1027 1847 jubebat,
1059 1807 1096 1837 ut
1128 1804 1251 1837 saltem
1284 1806 1398 1839 territi
1423 1805 1652 1845 immolarent,

264 1872 342 1906 dum
376 1872 623 1914 ¹)constantes
650 1873 718 1902 tam
744 1868 933 1902 crudeliter
957 1868 1084 1902 laniari
1109 1868 1279 1903 viderent.
1329 1869 1410 1903 Cum
1430 1880 1516 1914 ergo
1536 1879 1652 1903 coram

262 1936 423 1971 Eusemia
447 1939 590 1969 sanctos
615 1933 805 1968 crudeliter
836 1933 1075 1976 detruncaret,
1104 1934 1184 1978 ipsa
1209 1944 1326 1968 eorum
1351 1935 1551 1968 constantia
1578 1945 1652 1968 am-

264 2002 357 2047 plius
390 2003 584 2045 provocata
617 2000 779 2043 injuriam
814 2009 836 2032 a
861 1998 983 2042 judice
1013 2009 1051 2033 se
1089 2000 1161 2043 pati
1186 1999 1376 2036 clamabat.
1424 1999 1522 2034 Tunc
1543 1999 1653 2044 judex

264 2069 410 2113 gavisus
438 2070 491 2100 est
517 2070 663 2109 putans,
696 2075 771 2098 eam
797 2065 978 2108 sacrificiis
1011 2064 1102 2098 velle
1127 2066 1340 2100 consentire.
1388 2064 1485 2099 Unde
1509 2075 1583 2099 cum
1609 2064 1653 2099 ab

264 2210 397 2245 genere
426 2197 579 2238 nobilis,
614 2206 675 2230 cur
706 2195 788 2229 mihi
822 2195 962 2240 ignotos
997 2199 1032 2230 et
1065 2196 1219 2230 advenas
1245 2198 1431 2240 anteponis
1458 2199 1492 2230 et
1518 2197 1654 2240 priores

266 2265 355 2299 sacis
388 2264 433 2298 ad
461 2264 633 2297 Christum
662 2263 865 2306 pertingere
901 2264 935 2296 et
967 2260 1010 2295 ad
1036 2263 1243 2306 promissam
1268 2262 1417 2307 gloriam
1444 2263 1655 2306 pervenire?

266 2331 326 2364 Cui
350 2329 480 2374 judex:
514 2328 677 2373 putabam
711 2331 746 2361 te
778 2326 823 2360 ad
856 2331 1001 2361 mentem
1036 2326 1184 2362 rediisse
1218 2331 1253 2362 et
1283 2327 1480 2373 gaudebam
1513 2331 1547 2361 te
1572 2330 1654 2361 tuae

264 2396 460 2430 nobilitatis
493 2393 548 2428 vel
585 2403 691 2428 sexus
724 2392 934 2426 meminisse.
983 2391 1135 2426 Reclusa
1169 2394 1277 2439 igitur
1307 2394 1342 2426 in
1372 2402 1512 2427 carcere
1539 2397 1572 2427 ct
1597 2403 1652 2427 se-

265 2463 383 2506 quenti
408 2461 464 2494 die
490 2470 563 2493 cum
592 2460 716 2493 vinctis
745 2459 820 2492 sine
849 2457 996 2491 vinculis
1022 2461 1075 2492 est
1092 2458 1255 2493 adducta.
1304 2457 1429 2493 lterum
1446 2458 1653 2504 gravissime

266 2531 320 2560 est
351 2529 565 2570 conquesta,
601 2535 661 2558 eur
695 2527 817 2558 eontra
852 2523 966 2569 legem
994 2525 1239 2568 imperatorum
1268 2524 1336 2558 sihi
1362 2524 1428 2558 soli
1455 2533 1476 2557 a
1503 2522 1650 2556 vinculis

266 2595 481 2633 parceretur.
531 2589 630 2624 Tune
657 2590 772 2634 alapis
800 2589 986 2624 durissime
1010 2589 1169 2624 caeditur
1186 2594 1221 2625 et
1239 2590 1273 2623 in
1291 2599 1431 2624 carcere
1449 2587 1652 2623 recluditur.

335 2732 363 2764 1)
383 2731 435 2758 Ed.
455 2735 498 2758 [Ὗ.
519 2732 612 2759 male-2
633 2732 949 2762 circumstantes
965 2750 998 2754 --
1018 2733 1216 2761 lacrimari
1243 2731 1324 2764 tegit.
