1742 3005
297 100 380 139 830
513 98 610 144 Cap.
643 93 850 129 CLXXXI.
920 94 978 130 De
1010 99 1140 129 sancto
1171 94 1327 144 Pelagio
1358 108 1469 146 papa.

299 204 480 238 ordinatas
509 198 774 244 genuflexiones
801 196 959 232 tacerent
984 200 1018 231 et
1043 197 1204 232 ordinate
1230 198 1330 233 valde
1357 203 1515 242 orarent,
1542 203 1575 234 et
1603 202 1685 246 quia

296 268 421 303 ,ludaei
464 273 586 299 versus
627 262 843 297 occidentem
879 266 913 297 et
947 262 1129 297 christiani
1167 273 1288 297 versus
1321 265 1489 300 orientem
1523 266 1683 302 orabant.

299 333 428 372 voluit,
463 334 500 364 ut
532 331 585 362 sui
621 338 743 364 versus
771 327 947 363 meridiem
974 332 1127 362 orarent.
1176 328 1273 368 Quae
1299 330 1414 363 omnia
1438 329 1551 364 adhuc
1575 331 1683 366 Sara<

296 399 373 433 reni
415 396 618 431 observant,
672 393 804 429 Multas
846 398 960 428 autern
1003 393 1103 439 leges
1144 392 1392 438 Magumetlius
1437 395 1684 441 promulgavit.

299 473 386 509 quas
412 460 616 507 praedictus
643 459 790 505 Sergius
819 469 894 494 eum
928 458 1066 500 docuit,
1104 468 1246 503 quarum
1280 459 1405 494 multas
1440 460 1484 495 de
1517 460 1687 506 mosayca

298 530 379 575 lege
412 528 563 571 accepit.
609 525 723 570 Saepe
759 535 906 570 uanique
933 524 1101 559 Saraceni
1134 534 1174 559 se
1209 524 1328 559 lavant
1354 529 1387 559 et
1420 529 1580 568 maxime,
1612 536 1685 561 cum

299 604 402 629 orare
438 592 584 633 debent,
623 590 819 634 ¹)verenda
853 601 934 632 sua,
973 600 1115 631 manus,
1148 589 1316 632 brachia,
1354 589 1478 625 faciem
1511 596 1546 626 et
1579 601 1618 626 os
1653 596 1688 626 ct

299 661 416 694 omnia
441 656 593 692 membra
619 657 778 700 corporis
804 655 960 696 abluunt,
987 659 1023 689 ut
1044 655 1202 689 mundius
1221 665 1322 690 orare
1341 658 1488 700 possint.
1537 656 1687 691 Orantes

299 729 414 759 autem
448 732 550 756 unum
586 720 793 754 confitentur
825 720 950 760 Deum,
990 722 1046 764 qui
1079 720 1206 754 nullum
1243 721 1424 765 aequalem
1460 722 1513 756 vel
1539 723 1686 757 similem

300 790 452 830 habeat,
494 786 721 831 ejusdemque
758 784 1019 829 Magumetlium
1062 784 1284 829 proplietam,
1342 786 1378 819 ln
1419 797 1510 821 anno
1550 798 1687 833 quoque

300 859 473 901 integrum
508 862 657 886 inensem
699 851 881 896 jejunant,
920 852 1123 895 jejunantes
1157 852 1279 884 ‘autem
1325 855 1493 885 nocturno
1531 856 1687 897 tempore

300 921 504 960 comedunt,
537 918 661 951 diurno
698 926 781 950 vero
814 916 995 960 jejiinant,
1031 918 1081 950 ita
1105 920 1142 950 ut
1167 915 1210 949 ab
1239 926 1282 950 ea
1305 915 1394 950 liora
1418 916 1507 956 diei,
1541 927 1609 961 qua
1635 919 1687 951 ni-

302 998 402 1033 grum
428 986 472 1020 ab
501 984 582 1018 albo
611 982 830 1027 distinguere
856 985 1023 1026 possunt,
1058 992 1168 1026 usque
1202 981 1245 1015 ad
1273 982 1359 1016 solis
1389 992 1547 1016 occasum
1573 993 1688 1018 conm-

303 1055 386 1088 dere
421 1052 477 1086 rel
511 1049 634 1083 hibere
671 1051 730 1081 aut
763 1057 800 1081 se
834 1048 954 1081 uxoris
982 1048 1227 1081 conmixtione
1254 1048 1399 1082 foedare
1425 1058 1524 1082 nemo
1550 1048 1688 1083 audeat.

301 1120 387 1155 Post
421 1117 508 1151 solis
544 1108 885 1157 occubiunn‘ustpie
911 1112 954 1146 ad
987 1114 1164 1157 sequentis
1191 1113 1261 1146 diei
1288 1114 1528 1157 crepusculum
1554 1124 1691 1158 semper

303 1186 385 1219 lieet
418 1184 461 1216 iis
495 1180 572 1215 cibo
608 1182 642 1212 et
675 1182 758 1223 potu
795 1182 829 1212 et
855 1180 1008 1223 propriis
1038 1178 1207 1212 uxoribus
1242 1180 1312 1220 uti,
1346 1177 1468 1213 infirmi
1502 1185 1615 1214 autem
1647 1180 1689 1214 ad

304 1251 369 1285 lioc
398 1259 467 1283 non
493 1246 709 1291 obligantur.
757 1245 872 1280 Semel
911 1249 1024 1279 autem
1062 1254 1125 1288 per
1156 1244 1315 1288 singulos
1354 1254 1463 1279 annos
1495 1256 1603 1280 causa
1636 1257 1691 1280 re-

304 1315 518 1360 cognitionis
538 1311 582 1346 ad
603 1312 738 1346 (lonium
765 1311 841 1352 Dei,
874 1321 963 1356 quae
988 1314 1042 1344 est
1070 1311 1103 1343 in
1133 1308 1272 1351 Mecha,
1298 1311 1349 1343 ire
1375 1313 1635 1356 praecipiuntur
1661 1316 1693 1346 et

303 1382 352 1416 ibi
372 1381 521 1415 adorare
542 1388 687 1423 eamque
708 1376 976 1411 inconsutilibus
1003 1376 1215 1421 tegumentis
1241 1376 1390 1408 circuire
1415 1381 1450 1410 et
1473 1376 1609 1421 lapides
1632 1389 1693 1422 per

304 1447 419 1482 media
458 1445 674 1488 ²)soramina
714 1454 777 1487 pro
809 1442 963 1487 dyabolo
998 1439 1186 1485 lapidando
1219 1441 1378 1484 jactare,
1422 1452 1522 1486 quam
1558 1442 1690 1477 domum

305 1514 423 1548 dicunt
456 1511 568 1546 Adam
602 1510 841 1543 construxisse
875 1507 1106 1551 omnibusque
1140 1504 1220 1539 siliis
1265 1507 1341 1550 ejus
1378 1510 1412 1540 et
1441 1507 1617 1542 Abraham
1659 1513 1692 1542 ct

303 1578 444 1619 ismaeli
470 1577 580 1610 locuni
600 1576 769 1609 orationis
790 1575 912 1614 fuisse,
941 1573 1073 1607 denium
1093 1571 1352 1617 Magumetliuni
1374 1582 1447 1606 eam
1468 1573 1602 1611 domum
1625 1574 1691 1608 sibi

306 1646 511 1688 cunctisque
529 1640 694 1687 gentibus
712 1642 784 1674 suis
813 1640 1005 1674 tradidisse.
1025 1638 1209 1673 assu-uiant.
1259 1639 1386 1674 Omnes
1408 1649 1530 1674 carnes
1555 1644 1693 1684 praeter

305 1713 491 1756 porcinas,
534 1708 737 1752 sanguinein
781 1709 815 1740 et
853 1707 1069 1739 morticinum
1114 1704 1296 1740 comedere
1331 1709 1488 1749 possunt.
1539 1706 1694 1745 Quatuor

306 1778 483 1822 legitimas
510 1783 638 1807 uxores
667 1772 804 1806 insimul
833 1772 964 1806 habere
990 1773 1033 1805 iis
1060 1771 1141 1805 licet
1173 1775 1206 1804 et
1239 1771 1431 1815 quamlibet
1454 1781 1564 1815 usque
1587 1772 1691 1804 tertio

306 1842 495 1886 repudiare
521 1844 555 1873 et
582 1848 702 1871 rursus
728 1839 899 1881 recipere,
930 1839 979 1871 ita
1006 1841 1142 1877 tamen,
1168 1840 1206 1870 ut
1231 1837 1489 1880 quaternarium
1518 1847 1691 1871 numerum

305 1918 374 1941 non
400 1901 680 1940 transscendant.
730 1901 890 1936 Emtitias
916 1912 998 1936 vero
1025 1906 1128 1945 atque
1153 1902 1334 1944 captivas,
1362 1906 1446 1945 quot
1473 1901 1604 1943 volunt,
1632 1902 1691 1935 lia-

306 1973 389 2007 here
416 1972 545 2005 licitum
582 1971 636 2002 est
669 1971 702 2001 et
729 1977 788 2001 eas
824 1967 975 2001 vendere
1003 1970 1169 2010 possunt,
1207 1976 1281 2000 cuin
1316 1967 1438 2007 velint,
1476 1968 1542 2000 nisi
1576 1977 1691 2001 earum

307 2038 457 2082 aliquam
487 2037 801 2078 impraegnassent.
854 2031 1063 2066 Conceditur
1088 2032 1131 2064 iis
1158 2032 1201 2065 de
1225 2033 1369 2076 propria
1395 2034 1606 2077 cognatione
1631 2032 1693 2067 lia-

306 2104 389 2137 bere
427 2110 576 2141 uxores,
615 2102 652 2132 nt
686 2099 868 2143 sanguinis
908 2097 1026 2142 proles
1061 2102 1242 2131 accrescat
1283 2102 1316 2131 et
1352 2097 1476 2131 fortius
1512 2099 1601 2132 inter
1633 2108 1693 2133 eos

306 2168 481 2202 amicitiae
508 2164 678 2199 vinculum
705 2165 934 2209 astringatur.
985 2164 1086 2196 Circa
1121 2164 1369 2206 possessiones
1396 2163 1603 2207 repetendas
1629 2164 1692 2198 ob-

306 2236 467 2273 servant,
503 2234 541 2265 ut
574 2234 672 2264 actor
703 2229 852 2264 testibus
889 2229 1014 2273 probet
1040 2233 1073 2262 et
1098 2238 1178 2262 rcus
1201 2229 1401 2273 juramento
1428 2238 1465 2263 se
1491 2230 1695 2273 comprobet

308 2301 537 2332 innocentem.
587 2296 668 2330 Cum
694 2295 855 2329 adultera
881 2294 1121 2339 deprehensus
1156 2305 1229 2328 cnm
1264 2304 1306 2329 ea
1342 2295 1474 2339 pariter
1505 2294 1692 2339 lapidatur,

306 2375 379 2398 rum
413 2364 486 2397 alia
517 2366 629 2396 autem
664 2360 856 2394 fornicatus
893 2361 1076 2405 octoginta
1107 2359 1311 2394 verberibus
1346 2360 1519 2404 plectitur.
1567 2360 1692 2406 Magn>-

308 2429 441 2464 inetlius
468 2432 581 2462 tamen
609 2426 697 2460 (lixit
721 2426 789 2460 sibi
815 2436 836 2459 a
861 2426 999 2460 domino
1027 2426 1155 2470 angelo
1183 2425 1346 2461 Gabriele
1371 2428 1551 2461 nuntiante
1585 2426 1692 2460 fuisse

308 2504 532 2537 concessum,
561 2493 651 2538 quod
677 2493 720 2527 ad
747 2492 892 2526 aliorum
922 2502 1048 2526 uxores
1075 2491 1245 2527 accedere
1273 2495 1410 2536 posset,
1439 2496 1476 2526 ut
1503 2493 1594 2525 viros
1623 2492 1691 2524 vir*

308 2561 390 2593 tntis
437 2564 470 2594 et
513 2559 703 2604 prophetas
737 2562 937 2604 generaret.
989 2557 1134 2597 Quidam
1169 2562 1282 2592 autem
1316 2567 1439 2592 servus
1478 2557 1574 2600 ejus,
1618 2566 1692 2590 cuin

380 2657 404 2687 1)
426 2657 535 2683 vulgo:
565 2658 732 2685 svreiiila.
820 2658 848 2689 ¹2)
870 2655 920 2684 i‘ltl.
943 2660 985 2682 l'r.
1006 2655 1083 2682 malo
1105 2654 1249 2682 seniora
1271 2653 1369 2682 offo-11:
1398 2653 1432 2681 rs.
1456 2653 1566 2679 Poma-l„
1607 2658 1681 2687 Sper

314 2699 399 2726 Amb.
422 2710 449 2733 p.
471 2703 529 2728 ¹510.
