<?xml version="1.0" encoding="UTF-8"?>
<!DOCTYPE html PUBLIC "-//W3C//DTD XHTML 1.0 Transitional//EN"
    "http://www.w3.org/TR/xhtml1/DTD/xhtml1-transitional.dtd">
<html xmlns="http://www.w3.org/1999/xhtml" xml:lang="en" lang="en">
 <head>
  <title>
</title>
<meta http-equiv="Content-Type" content="text/html;charset=utf-8" />
  <meta name='ocr-system' content='tesseract 3.04.00' />
  <meta name='ocr-capabilities' content='ocr_page ocr_carea ocr_par ocr_line ocrx_word'/>
</head>
<body>
  <div class='ocr_page' id='page_1' title='image "./legendaaureavulg00jacouoft_0540.png"; bbox 0 0 1742 3005; ppageno 0'>
   <div class='ocr_carea' id='block_1_1' title="bbox 220 81 1549 136">
    <p class='ocr_par' dir='ltr' id='par_1_1' title="bbox 220 81 1549 136">
     <span class='ocr_line' id='line_1_1' title="bbox 220 81 1549 136; baseline -0.007 -11"><span class='ocrx_word' id='word_1_1' title='bbox 220 85 301 125; x_wconf 67' lang='lat'>50⁴</span> <span class='ocrx_word' id='word_1_2' title='bbox 361 87 456 136; x_wconf 84' lang='lat' dir='ltr'>Cap.</span> <span class='ocrx_word' id='word_1_3' title='bbox 489 85 623 121; x_wconf 80' lang='lat' dir='ltr'>CXlX.</span> <span class='ocrx_word' id='word_1_4' title='bbox 684 85 740 120; x_wconf 85' lang='lat' dir='ltr'>De</span> <span class='ocrx_word' id='word_1_5' title='bbox 780 83 1013 120; x_wconf 79' lang='lat' dir='ltr'>assumtione</span> <span class='ocrx_word' id='word_1_6' title='bbox 1044 84 1179 121; x_wconf 80' lang='lat' dir='ltr'>beatae</span> <span class='ocrx_word' id='word_1_7' title='bbox 1209 82 1352 120; x_wconf 82' lang='lat' dir='ltr'>Mariae</span> <span class='ocrx_word' id='word_1_8' title='bbox 1383 81 1549 131; x_wconf 69' lang='lat' dir='ltr'>virginis.</span> 
     </span>
    </p>
   </div>
   <div class='ocr_carea' id='block_1_2' title="bbox 223 186 1628 1673">
    <p class='ocr_par' dir='ltr' id='par_1_2' title="bbox 223 186 1628 1673">
     <span class='ocr_line' id='line_1_2' title="bbox 224 186 1607 238; baseline -0.006 -13"><span class='ocrx_word' id='word_1_9' title='bbox 224 193 391 238; x_wconf 79' lang='lat' dir='ltr'>virginem</span> <span class='ocrx_word' id='word_1_10' title='bbox 417 190 577 234; x_wconf 64' lang='lat' dir='ltr'>lacrymis</span> <span class='ocrx_word' id='word_1_11' title='bbox 610 194 643 224; x_wconf 89' lang='lat' dir='ltr'>et</span> <span class='ocrx_word' id='word_1_12' title='bbox 676 187 839 234; x_wconf 85' lang='lat' dir='ltr'>precibus</span> <span class='ocrx_word' id='word_1_13' title='bbox 877 199 939 233; x_wconf 90' lang='lat' dir='ltr'>pro</span> <span class='ocrx_word' id='word_1_14' title='bbox 967 198 1031 223; x_wconf 89' lang='lat' dir='ltr'>sua</span> <span class='ocrx_word' id='word_1_15' title='bbox 1065 186 1274 221; x_wconf 86' lang='lat' dir='ltr'>liberatione</span> <span class='ocrx_word' id='word_1_16' title='bbox 1301 187 1439 231; x_wconf 80' lang='lat' dir='ltr'>rogavit</span> <span class='ocrx_word' id='word_1_17' title='bbox 1464 188 1498 219; x_wconf 88' lang='lat' dir='ltr'>et</span> <span class='ocrx_word' id='word_1_18' title='bbox 1525 195 1607 219; x_wconf 80' lang='lat' dir='ltr'>ecce</span> 
     </span>
     <span class='ocr_line' id='line_1_3' title="bbox 223 251 1607 300; baseline -0.007 -8"><span class='ocrx_word' id='word_1_19' title='bbox 223 260 325 291; x_wconf 83' lang='lat' dir='ltr'>nocte</span> <span class='ocrx_word' id='word_1_20' title='bbox 353 254 501 300; x_wconf 85' lang='lat' dir='ltr'>quadam</span> <span class='ocrx_word' id='word_1_21' title='bbox 528 253 634 288; x_wconf 88' lang='lat' dir='ltr'>beata</span> <span class='ocrx_word' id='word_1_22' title='bbox 659 254 759 299; x_wconf 82' lang='lat' dir='ltr'>virgo</span> <span class='ocrx_word' id='word_1_23' title='bbox 785 264 859 288; x_wconf 86' lang='lat' dir='ltr'>cum</span> <span class='ocrx_word' id='word_1_24' title='bbox 887 253 991 288; x_wconf 84' lang='lat' dir='ltr'>beato</span> <span class='ocrx_word' id='word_1_25' title='bbox 1017 251 1226 297; x_wconf 67' lang='lat' dir='ltr'>Hyppolito,</span> <span class='ocrx_word' id='word_1_26' title='bbox 1261 255 1299 285; x_wconf 92' lang='lat' dir='ltr'>ut</span> <span class='ocrx_word' id='word_1_27' title='bbox 1324 251 1460 286; x_wconf 86' lang='lat' dir='ltr'>Petrum</span> <span class='ocrx_word' id='word_1_28' title='bbox 1486 251 1607 296; x_wconf 88' lang='lat' dir='ltr'>pristi-</span> 
     </span>
     <span class='ocr_line' id='line_1_4' title="bbox 224 315 1610 365; baseline -0.004 -10"><span class='ocrx_word' id='word_1_29' title='bbox 224 331 290 355; x_wconf 86' lang='lat' dir='ltr'>nae</span> <span class='ocrx_word' id='word_1_30' title='bbox 324 321 466 354; x_wconf 84' lang='lat' dir='ltr'>sanitati</span> <span class='ocrx_word' id='word_1_31' title='bbox 498 322 721 362; x_wconf 82' lang='lat' dir='ltr'>restitueret,</span> <span class='ocrx_word' id='word_1_32' title='bbox 757 321 959 365; x_wconf 85' lang='lat' dir='ltr'>impetravit</span> <span class='ocrx_word' id='word_1_33' title='bbox 992 318 1179 361; x_wconf 81' lang='lat' dir='ltr'>statimque</span> <span class='ocrx_word' id='word_1_34' title='bbox 1224 319 1363 349; x_wconf 81' lang='lat' dir='ltr'>sanctus</span> <span class='ocrx_word' id='word_1_35' title='bbox 1401 315 1610 360; x_wconf 59' lang='lat' dir='ltr'>Hyppoluus</span> 
     </span>
     <span class='ocr_line' id='line_1_5' title="bbox 223 380 1610 431; baseline -0.004 -12"><span class='ocrx_word' id='word_1_36' title='bbox 223 385 342 419; x_wconf 87' lang='lat' dir='ltr'>tibiam</span> <span class='ocrx_word' id='word_1_37' title='bbox 378 384 421 419; x_wconf 89' lang='lat' dir='ltr'>de</span> <span class='ocrx_word' id='word_1_38' title='bbox 454 385 623 420; x_wconf 77' lang='lat' dir='ltr'>foramine</span> <span class='ocrx_word' id='word_1_39' title='bbox 659 387 834 431; x_wconf 81' lang='lat' dir='ltr'>accipiens</span> <span class='ocrx_word' id='word_1_40' title='bbox 868 385 946 419; x_wconf 90' lang='lat' dir='ltr'>loco</span> <span class='ocrx_word' id='word_1_41' title='bbox 984 394 1048 418; x_wconf 91' lang='lat' dir='ltr'>suo</span> <span class='ocrx_word' id='word_1_42' title='bbox 1084 382 1186 427; x_wconf 84' lang='lat' dir='ltr'>quasi</span> <span class='ocrx_word' id='word_1_43' title='bbox 1220 381 1396 415; x_wconf 86' lang='lat' dir='ltr'>surculum</span> <span class='ocrx_word' id='word_1_44' title='bbox 1429 380 1549 414; x_wconf 86' lang='lat' dir='ltr'>arbori</span> <span class='ocrx_word' id='word_1_45' title='bbox 1577 382 1610 414; x_wconf 91' lang='lat' dir='ltr'>in</span> 
     </span>
     <span class='ocr_line' id='line_1_6' title="bbox 224 447 1613 497; baseline -0.004 -13"><span class='ocrx_word' id='word_1_46' title='bbox 224 454 396 485; x_wconf 86' lang='lat' dir='ltr'>momento</span> <span class='ocrx_word' id='word_1_47' title='bbox 422 452 580 485; x_wconf 85' lang='lat' dir='ltr'>inseruit.</span> <span class='ocrx_word' id='word_1_48' title='bbox 628 450 664 484; x_wconf 90' lang='lat' dir='ltr'>Iu</span> <span class='ocrx_word' id='word_1_49' title='bbox 690 461 758 497; x_wconf 86' lang='lat' dir='ltr'>qua</span> <span class='ocrx_word' id='word_1_50' title='bbox 783 452 949 485; x_wconf 80' lang='lat' dir='ltr'>insitione</span> <span class='ocrx_word' id='word_1_51' title='bbox 974 453 1092 484; x_wconf 86' lang='lat' dir='ltr'>tantos</span> <span class='ocrx_word' id='word_1_52' title='bbox 1121 447 1262 481; x_wconf 89' lang='lat' dir='ltr'>dolores</span> <span class='ocrx_word' id='word_1_53' title='bbox 1296 447 1429 489; x_wconf 88' lang='lat' dir='ltr'>sensit,</span> <span class='ocrx_word' id='word_1_54' title='bbox 1465 450 1504 480; x_wconf 86' lang='lat' dir='ltr'>ut</span> <span class='ocrx_word' id='word_1_55' title='bbox 1538 447 1613 480; x_wconf 88' lang='lat' dir='ltr'>suis</span> 
     </span>
     <span class='ocr_line' id='line_1_7' title="bbox 225 512 1612 559; baseline -0.004 -9"><span class='ocrx_word' id='word_1_56' title='bbox 225 515 436 550; x_wconf 86' lang='lat' dir='ltr'>clamoribus</span> <span class='ocrx_word' id='word_1_57' title='bbox 462 519 569 550; x_wconf 86' lang='lat' dir='ltr'>totam</span> <span class='ocrx_word' id='word_1_58' title='bbox 603 516 768 551; x_wconf 81' lang='lat' dir='ltr'>familiam</span> <span class='ocrx_word' id='word_1_59' title='bbox 795 518 988 557; x_wconf 84' lang='lat' dir='ltr'>excitaret,</span> <span class='ocrx_word' id='word_1_60' title='bbox 1027 515 1109 559; x_wconf 86' lang='lat' dir='ltr'>quia</span> <span class='ocrx_word' id='word_1_61' title='bbox 1140 516 1328 559; x_wconf 83' lang='lat' dir='ltr'><strong>surgentes</strong></span> <span class='ocrx_word' id='word_1_62' title='bbox 1354 516 1389 547; x_wconf 86' lang='lat' dir='ltr'>et</span> <span class='ocrx_word' id='word_1_63' title='bbox 1414 512 1528 546; x_wconf 89' lang='lat' dir='ltr'>lumen</span> <span class='ocrx_word' id='word_1_64' title='bbox 1552 521 1612 545; x_wconf 85' lang='lat' dir='ltr'>ac-</span> 
     </span>
     <span class='ocr_line' id='line_1_8' title="bbox 225 576 1615 622; baseline -0.004 -7"><span class='ocrx_word' id='word_1_65' title='bbox 225 581 414 616; x_wconf 87' lang='lat' dir='ltr'>cendentes</span> <span class='ocrx_word' id='word_1_66' title='bbox 440 581 578 617; x_wconf 87' lang='lat' dir='ltr'>Petrum</span> <span class='ocrx_word' id='word_1_67' title='bbox 603 582 671 616; x_wconf 88' lang='lat' dir='ltr'>duo</span> <span class='ocrx_word' id='word_1_68' title='bbox 699 592 801 616; x_wconf 89' lang='lat' dir='ltr'>crura</span> <span class='ocrx_word' id='word_1_69' title='bbox 825 585 858 616; x_wconf 87' lang='lat' dir='ltr'>et</span> <span class='ocrx_word' id='word_1_70' title='bbox 885 581 973 615; x_wconf 88' lang='lat' dir='ltr'>duas</span> <span class='ocrx_word' id='word_1_71' title='bbox 997 580 1105 614; x_wconf 87' lang='lat' dir='ltr'>tibias</span> <span class='ocrx_word' id='word_1_72' title='bbox 1130 578 1262 613; x_wconf 85' lang='lat' dir='ltr'>habere</span> <span class='ocrx_word' id='word_1_73' title='bbox 1288 579 1525 622; x_wconf 83' lang='lat' dir='ltr'>conspiciunt,</span> <span class='ocrx_word' id='word_1_74' title='bbox 1551 576 1615 611; x_wconf 88' lang='lat' dir='ltr'>sed</span> 
     </span>
     <span class='ocr_line' id='line_1_9' title="bbox 227 643 1617 692; baseline -0.002 -12"><span class='ocrx_word' id='word_1_75' title='bbox 227 656 265 680; x_wconf 89' lang='lat' dir='ltr'>se</span> <span class='ocrx_word' id='word_1_76' title='bbox 306 646 425 681; x_wconf 87' lang='lat' dir='ltr'>deludi</span> <span class='ocrx_word' id='word_1_77' title='bbox 465 651 630 691; x_wconf 86' lang='lat' dir='ltr'>putantes</span> <span class='ocrx_word' id='word_1_78' title='bbox 670 649 781 692; x_wconf 90' lang='lat' dir='ltr'>ipsum</span> <span class='ocrx_word' id='word_1_79' title='bbox 824 648 948 681; x_wconf 89' lang='lat' dir='ltr'>iterum</span> <span class='ocrx_word' id='word_1_80' title='bbox 983 650 1088 691; x_wconf 87' lang='lat' dir='ltr'>atque</span> <span class='ocrx_word' id='word_1_81' title='bbox 1124 646 1247 678; x_wconf 83' lang='lat' dir='ltr'>iteruin</span> <span class='ocrx_word' id='word_1_82' title='bbox 1285 643 1549 678; x_wconf 89' lang='lat' dir='ltr'>contrectabant</span> <span class='ocrx_word' id='word_1_83' title='bbox 1583 647 1617 677; x_wconf 88' lang='lat' dir='ltr'>et</span> 
     </span>
     <span class='ocr_line' id='line_1_10' title="bbox 228 710 1616 756; baseline -0.001 -12"><span class='ocrx_word' id='word_1_84' title='bbox 228 712 381 745; x_wconf 87' lang='lat' dir='ltr'>membra</span> <span class='ocrx_word' id='word_1_85' title='bbox 414 721 497 746; x_wconf 85' lang='lat' dir='ltr'>vera</span> <span class='ocrx_word' id='word_1_86' title='bbox 535 713 646 756; x_wconf 88' lang='lat' dir='ltr'>ipsum</span> <span class='ocrx_word' id='word_1_87' title='bbox 672 711 804 746; x_wconf 86' lang='lat' dir='ltr'>habere</span> <span class='ocrx_word' id='word_1_88' title='bbox 832 711 1109 755; x_wconf 87' lang='lat' dir='ltr'>conspiciebant.</span> <span class='ocrx_word' id='word_1_89' title='bbox 1160 710 1224 749; x_wconf 82' lang='lat' dir='ltr'>Qui</span> <span class='ocrx_word' id='word_1_90' title='bbox 1261 711 1317 743; x_wconf 80' lang='lat' dir='ltr'>vix</span> <span class='ocrx_word' id='word_1_91' title='bbox 1350 720 1426 744; x_wconf 90' lang='lat' dir='ltr'>eum</span> <span class='ocrx_word' id='word_1_92' title='bbox 1459 711 1616 744; x_wconf 70' lang='lat' dir='ltr'>excitan-</span> 
     </span>
     <span class='ocr_line' id='line_1_11' title="bbox 226 774 1617 819; baseline 0 -10"><span class='ocrx_word' id='word_1_93' title='bbox 226 779 292 818; x_wconf 87' lang='lat' dir='ltr'>tes,</span> <span class='ocrx_word' id='word_1_94' title='bbox 319 776 411 810; x_wconf 85' lang='lat' dir='ltr'>unde</span> <span class='ocrx_word' id='word_1_95' title='bbox 428 776 498 810; x_wconf 89' lang='lat' dir='ltr'>sibi</span> <span class='ocrx_word' id='word_1_96' title='bbox 525 776 590 810; x_wconf 86' lang='lat' dir='ltr'>hoc</span> <span class='ocrx_word' id='word_1_97' title='bbox 615 776 795 819; x_wconf 82' lang='lat' dir='ltr'>acciderit,</span> <span class='ocrx_word' id='word_1_98' title='bbox 821 777 1056 817; x_wconf 75' lang='lat' dir='ltr'>sciscitantur,</span> <span class='ocrx_word' id='word_1_99' title='bbox 1083 774 1145 809; x_wconf 85' lang='lat' dir='ltr'>sed</span> <span class='ocrx_word' id='word_1_100' title='bbox 1172 775 1230 809; x_wconf 86' lang='lat' dir='ltr'>ille</span> <span class='ocrx_word' id='word_1_101' title='bbox 1257 785 1318 809; x_wconf 89' lang='lat' dir='ltr'>eos</span> <span class='ocrx_word' id='word_1_102' title='bbox 1344 774 1465 810; x_wconf 85' lang='lat' dir='ltr'>ludere</span> <span class='ocrx_word' id='word_1_103' title='bbox 1492 777 1617 810; x_wconf 82' lang='lat' dir='ltr'>existi-</span> 
     </span>
     <span class='ocr_line' id='line_1_12' title="bbox 228 839 1618 885; baseline 0 -10"><span class='ocrx_word' id='word_1_104' title='bbox 228 851 325 875; x_wconf 90' lang='lat' dir='ltr'>mans</span> <span class='ocrx_word' id='word_1_105' title='bbox 350 841 488 876; x_wconf 85' lang='lat' dir='ltr'>tandem</span> <span class='ocrx_word' id='word_1_106' title='bbox 512 843 624 877; x_wconf 82' lang='lat' dir='ltr'>victus</span> <span class='ocrx_word' id='word_1_107' title='bbox 650 853 720 877; x_wconf 89' lang='lat' dir='ltr'>rem</span> <span class='ocrx_word' id='word_1_108' title='bbox 747 841 837 876; x_wconf 84' lang='lat' dir='ltr'>vidit</span> <span class='ocrx_word' id='word_1_109' title='bbox 863 845 897 876; x_wconf 90' lang='lat' dir='ltr'>et</span> <span class='ocrx_word' id='word_1_110' title='bbox 923 841 1121 885; x_wconf 81' lang='lat' dir='ltr'>exstupuit,</span> <span class='ocrx_word' id='word_1_111' title='bbox 1157 839 1221 874; x_wconf 89' lang='lat' dir='ltr'>sed</span> <span class='ocrx_word' id='word_1_112' title='bbox 1255 844 1369 874; x_wconf 87' lang='lat' dir='ltr'>tamen</span> <span class='ocrx_word' id='word_1_113' title='bbox 1404 851 1493 875; x_wconf 86' lang='lat' dir='ltr'>coxa</span> <span class='ocrx_word' id='word_1_114' title='bbox 1526 851 1618 875; x_wconf 77' lang='lat' dir='ltr'>nova</span> 
     </span>
     <span class='ocr_line' id='line_1_13' title="bbox 228 906 1618 953; baseline 0.001 -13"><span class='ocrx_word' id='word_1_115' title='bbox 228 906 368 941; x_wconf 87' lang='lat' dir='ltr'>mollior</span> <span class='ocrx_word' id='word_1_116' title='bbox 402 917 504 953; x_wconf 87' lang='lat' dir='ltr'>quam</span> <span class='ocrx_word' id='word_1_117' title='bbox 547 911 685 942; x_wconf 82' lang='lat' dir='ltr'>vetusta</span> <span class='ocrx_word' id='word_1_118' title='bbox 725 907 769 941; x_wconf 86' lang='lat' dir='ltr'>ad</span> <span class='ocrx_word' id='word_1_119' title='bbox 809 907 1051 941; x_wconf 77' lang='lat' dir='ltr'>sustinentiam</span> <span class='ocrx_word' id='word_1_120' title='bbox 1090 907 1250 951; x_wconf 83' lang='lat' dir='ltr'>corporis</span> <span class='ocrx_word' id='word_1_121' title='bbox 1284 916 1352 940; x_wconf 92' lang='lat' dir='ltr'>non</span> <span class='ocrx_word' id='word_1_122' title='bbox 1385 909 1525 950; x_wconf 87' lang='lat' dir='ltr'>poterat</span> <span class='ocrx_word' id='word_1_123' title='bbox 1558 917 1618 941; x_wconf 85' lang='lat' dir='ltr'>ex-</span> 
     </span>
     <span class='ocr_line' id='line_1_14' title="bbox 229 971 1623 1017; baseline 0.001 -12"><span class='ocrx_word' id='word_1_124' title='bbox 229 974 386 1017; x_wconf 85' lang='lat' dir='ltr'>aequari.</span> <span class='ocrx_word' id='word_1_125' title='bbox 434 972 532 1009; x_wconf 84' lang='lat' dir='ltr'>Unde</span> <span class='ocrx_word' id='word_1_126' title='bbox 557 973 600 1007; x_wconf 85' lang='lat' dir='ltr'>ad</span> <span class='ocrx_word' id='word_1_127' title='bbox 628 972 896 1017; x_wconf 84' lang='lat' dir='ltr'>publicationem</span> <span class='ocrx_word' id='word_1_128' title='bbox 923 971 1080 1005; x_wconf 78' lang='lat' dir='ltr'>miraculi</span> <span class='ocrx_word' id='word_1_129' title='bbox 1106 982 1170 1016; x_wconf 89' lang='lat' dir='ltr'>per</span> <span class='ocrx_word' id='word_1_130' title='bbox 1194 982 1317 1006; x_wconf 89' lang='lat' dir='ltr'>annum</span> <span class='ocrx_word' id='word_1_131' title='bbox 1348 972 1562 1006; x_wconf 79' lang='lat' dir='ltr'>claudicavit</span> <span class='ocrx_word' id='word_1_132' title='bbox 1587 976 1623 1007; x_wconf 86' lang='lat' dir='ltr'>et</span> 
     </span>
     <span class='ocr_line' id='line_1_15' title="bbox 229 1037 1620 1084; baseline 0.001 -13"><span class='ocrx_word' id='word_1_133' title='bbox 229 1042 311 1072; x_wconf 88' lang='lat' dir='ltr'>tunc</span> <span class='ocrx_word' id='word_1_134' title='bbox 345 1040 468 1073; x_wconf 87' lang='lat' dir='ltr'>iterum</span> <span class='ocrx_word' id='word_1_135' title='bbox 502 1038 610 1073; x_wconf 88' lang='lat' dir='ltr'>beata</span> <span class='ocrx_word' id='word_1_136' title='bbox 643 1040 742 1084; x_wconf 83' lang='lat' dir='ltr'>virgo</span> <span class='ocrx_word' id='word_1_137' title='bbox 775 1039 808 1073; x_wconf 89' lang='lat' dir='ltr'>ei</span> <span class='ocrx_word' id='word_1_138' title='bbox 844 1048 1017 1083; x_wconf 88' lang='lat' dir='ltr'>apparens</span> <span class='ocrx_word' id='word_1_139' title='bbox 1051 1041 1174 1071; x_wconf 86' lang='lat' dir='ltr'>sancto</span> <span class='ocrx_word' id='word_1_140' title='bbox 1208 1037 1394 1082; x_wconf 70' lang='lat' dir='ltr'>Hyppolito</span> <span class='ocrx_word' id='word_1_141' title='bbox 1421 1037 1532 1081; x_wconf 79' lang='lat' dir='ltr'>dixit,</span> <span class='ocrx_word' id='word_1_142' title='bbox 1571 1042 1620 1081; x_wconf 76' lang='lat' dir='ltr'>ut⁷</span> 
     </span>
     <span class='ocr_line' id='line_1_16' title="bbox 231 1102 1622 1149; baseline 0.001 -13"><span class='ocrx_word' id='word_1_143' title='bbox 231 1103 399 1148; x_wconf 86' lang='lat' dir='ltr'>quidquid</span> <span class='ocrx_word' id='word_1_144' title='bbox 425 1105 599 1137; x_wconf 86' lang='lat' dir='ltr'>curationi</span> <span class='ocrx_word' id='word_1_145' title='bbox 629 1103 790 1146; x_wconf 80' lang='lat' dir='ltr'>deesset,</span> <span class='ocrx_word' id='word_1_146' title='bbox 826 1103 992 1148; x_wconf 86' lang='lat' dir='ltr'>supplere</span> <span class='ocrx_word' id='word_1_147' title='bbox 1025 1103 1181 1138; x_wconf 80' lang='lat' dir='ltr'>deberet.</span> <span class='ocrx_word' id='word_1_148' title='bbox 1231 1102 1414 1149; x_wconf 83' lang='lat' dir='ltr'>Evigilans</span> <span class='ocrx_word' id='word_1_149' title='bbox 1451 1105 1561 1149; x_wconf 80' lang='lat' dir='ltr'>igitur</span> <span class='ocrx_word' id='word_1_150' title='bbox 1587 1108 1622 1139; x_wconf 89' lang='lat' dir='ltr'>et</span> 
     </span>
     <span class='ocr_line' id='line_1_17' title="bbox 231 1168 1622 1214; baseline 0.001 -12"><span class='ocrx_word' id='word_1_151' title='bbox 231 1179 271 1203; x_wconf 89' lang='lat' dir='ltr'>se</span> <span class='ocrx_word' id='word_1_152' title='bbox 296 1168 399 1213; x_wconf 86' lang='lat' dir='ltr'>plene</span> <span class='ocrx_word' id='word_1_153' title='bbox 426 1172 584 1202; x_wconf 90' lang='lat' dir='ltr'>sanatum</span> <span class='ocrx_word' id='word_1_154' title='bbox 611 1170 790 1203; x_wconf 86' lang='lat' dir='ltr'>inveniens</span> <span class='ocrx_word' id='word_1_155' title='bbox 822 1169 1049 1203; x_wconf 85' lang='lat' dir='ltr'>reclusorium</span> <span class='ocrx_word' id='word_1_156' title='bbox 1081 1169 1254 1211; x_wconf 77' lang='lat' dir='ltr'>introivit,</span> <span class='ocrx_word' id='word_1_157' title='bbox 1281 1170 1347 1213; x_wconf 18' lang='lat' dir='ltr'>*cui</span> <span class='ocrx_word' id='word_1_158' title='bbox 1381 1168 1551 1214; x_wconf 77' lang='lat' dir='ltr'>dyabolus</span> <span class='ocrx_word' id='word_1_159' title='bbox 1588 1171 1622 1203; x_wconf 91' lang='lat' dir='ltr'>in</span> 
     </span>
     <span class='ocr_line' id='line_1_18' title="bbox 231 1233 1619 1279; baseline 0.001 -12"><span class='ocrx_word' id='word_1_160' title='bbox 231 1235 351 1279; x_wconf 87' lang='lat' dir='ltr'>specie</span> <span class='ocrx_word' id='word_1_161' title='bbox 375 1233 491 1268; x_wconf 85' lang='lat' dir='ltr'>nudae</span> <span class='ocrx_word' id='word_1_162' title='bbox 517 1234 672 1268; x_wconf 88' lang='lat' dir='ltr'>mulieris</span> <span class='ocrx_word' id='word_1_163' title='bbox 699 1233 981 1279; x_wconf 76' lang='lat' dir='ltr'>frequentissime</span> <span class='ocrx_word' id='word_1_164' title='bbox 1009 1234 1206 1279; x_wconf 79' lang='lat' dir='ltr'>apparebat</span> <span class='ocrx_word' id='word_1_165' title='bbox 1232 1238 1265 1269; x_wconf 91' lang='lat' dir='ltr'>et</span> <span class='ocrx_word' id='word_1_166' title='bbox 1289 1234 1414 1269; x_wconf 89' lang='lat' dir='ltr'>nudam</span> <span class='ocrx_word' id='word_1_167' title='bbox 1442 1236 1474 1269; x_wconf 86' lang='lat' dir='ltr'>ei</span> <span class='ocrx_word' id='word_1_168' title='bbox 1500 1245 1539 1269; x_wconf 87' lang='lat' dir='ltr'>se</span> <span class='ocrx_word' id='word_1_169' title='bbox 1567 1236 1619 1269; x_wconf 92' lang='lat' dir='ltr'>in-</span> 
     </span>
     <span class='ocr_line' id='line_1_19' title="bbox 231 1299 1622 1345; baseline 0.001 -11"><span class='ocrx_word' id='word_1_170' title='bbox 231 1310 383 1345; x_wconf 82' lang='lat' dir='ltr'>gerens,</span> <span class='ocrx_word' id='word_1_171' title='bbox 419 1303 548 1345; x_wconf 89' lang='lat' dir='ltr'>quanto</span> <span class='ocrx_word' id='word_1_172' title='bbox 580 1299 640 1334; x_wconf 90' lang='lat' dir='ltr'>ille</span> <span class='ocrx_word' id='word_1_173' title='bbox 675 1299 801 1334; x_wconf 78' lang='lat' dir='ltr'>fortius</span> <span class='ocrx_word' id='word_1_174' title='bbox 836 1299 1046 1342; x_wconf 84' lang='lat' dir='ltr'>resistebat,</span> <span class='ocrx_word' id='word_1_175' title='bbox 1090 1303 1186 1334; x_wconf 86' lang='lat' dir='ltr'>tanto</span> <span class='ocrx_word' id='word_1_176' title='bbox 1221 1300 1283 1334; x_wconf 88' lang='lat' dir='ltr'>illa</span> <span class='ocrx_word' id='word_1_177' title='bbox 1325 1301 1358 1335; x_wconf 89' lang='lat' dir='ltr'>ei</span> <span class='ocrx_word' id='word_1_178' title='bbox 1388 1300 1622 1345; x_wconf 89' lang='lat' dir='ltr'>impudentius</span> 
     </span>
     <span class='ocr_line' id='line_1_20' title="bbox 233 1365 1623 1411; baseline 0.001 -13"><span class='ocrx_word' id='word_1_179' title='bbox 233 1365 466 1400; x_wconf 84' lang='lat' dir='ltr'>incumbebat.</span> <span class='ocrx_word' id='word_1_180' title='bbox 517 1365 599 1399; x_wconf 85' lang='lat' dir='ltr'>Cum</span> <span class='ocrx_word' id='word_1_181' title='bbox 636 1376 723 1411; x_wconf 83' lang='lat' dir='ltr'>ergo</span> <span class='ocrx_word' id='word_1_182' title='bbox 761 1366 823 1400; x_wconf 83' lang='lat' dir='ltr'>illa</span> <span class='ocrx_word' id='word_1_183' title='bbox 857 1376 933 1400; x_wconf 90' lang='lat' dir='ltr'>eum</span> <span class='ocrx_word' id='word_1_184' title='bbox 970 1365 1152 1410; x_wconf 86' lang='lat' dir='ltr'>plurimum</span> <span class='ocrx_word' id='word_1_185' title='bbox 1185 1369 1350 1408; x_wconf 83' lang='lat' dir='ltr'>vexaret,</span> <span class='ocrx_word' id='word_1_186' title='bbox 1384 1365 1522 1400; x_wconf 88' lang='lat' dir='ltr'>tandem</span> <span class='ocrx_word' id='word_1_187' title='bbox 1562 1366 1623 1401; x_wconf 93' lang='lat' dir='ltr'>ille</span> 
     </span>
     <span class='ocr_line' id='line_1_21' title="bbox 233 1430 1626 1483; baseline 0.001 -19"><span class='ocrx_word' id='word_1_188' title='bbox 233 1430 359 1465; x_wconf 86' lang='lat' dir='ltr'>stolam</span> <span class='ocrx_word' id='word_1_189' title='bbox 392 1430 650 1466; x_wconf 85' lang='lat' dir='ltr'>sacerdotalem</span> <span class='ocrx_word' id='word_1_190' title='bbox 682 1432 858 1483; x_wconf 83' lang='lat' dir='ltr'>accipiens</span> <span class='ocrx_word' id='word_1_191' title='bbox 894 1431 1019 1466; x_wconf 88' lang='lat' dir='ltr'>collum</span> <span class='ocrx_word' id='word_1_192' title='bbox 1060 1433 1136 1477; x_wconf 82' lang='lat' dir='ltr'>ejus</span> <span class='ocrx_word' id='word_1_193' title='bbox 1173 1433 1282 1466; x_wconf 85' lang='lat' dir='ltr'>cinxit</span> <span class='ocrx_word' id='word_1_194' title='bbox 1306 1435 1340 1466; x_wconf 88' lang='lat' dir='ltr'>et</span> <span class='ocrx_word' id='word_1_195' title='bbox 1366 1441 1443 1465; x_wconf 82' lang='lat' dir='ltr'>mox</span> <span class='ocrx_word' id='word_1_196' title='bbox 1473 1430 1626 1475; x_wconf 78' lang='lat' dir='ltr'>dyabolo</span> 
     </span>
     <span class='ocr_line' id='line_1_22' title="bbox 233 1495 1628 1543; baseline 0.001 -14"><span class='ocrx_word' id='word_1_197' title='bbox 233 1495 447 1531; x_wconf 84' lang='lat' dir='ltr'>abscedente</span> <span class='ocrx_word' id='word_1_198' title='bbox 484 1496 638 1532; x_wconf 86' lang='lat' dir='ltr'>cadaver</span> <span class='ocrx_word' id='word_1_199' title='bbox 671 1497 846 1542; x_wconf 90' lang='lat' dir='ltr'>putridum</span> <span class='ocrx_word' id='word_1_200' title='bbox 882 1498 930 1531; x_wconf 91' lang='lat' dir='ltr'>ibi</span> <span class='ocrx_word' id='word_1_201' title='bbox 966 1498 1132 1532; x_wconf 84' lang='lat' dir='ltr'>remansit</span> <span class='ocrx_word' id='word_1_202' title='bbox 1168 1501 1357 1543; x_wconf 85' lang='lat' dir='ltr'>tantusque</span> <span class='ocrx_word' id='word_1_203' title='bbox 1397 1496 1513 1532; x_wconf 80' lang='lat' dir='ltr'>foetor</span> <span class='ocrx_word' id='word_1_204' title='bbox 1545 1496 1628 1531; x_wconf 87' lang='lat' dir='ltr'>inde</span> 
     </span>
     <span class='ocr_line' id='line_1_23' title="bbox 236 1560 1625 1609; baseline 0.001 -14"><span class='ocrx_word' id='word_1_205' title='bbox 236 1560 435 1604; x_wconf 79' lang='lat' dir='ltr'>exhalavit,</span> <span class='ocrx_word' id='word_1_206' title='bbox 472 1566 508 1595; x_wconf 92' lang='lat' dir='ltr'>ut</span> <span class='ocrx_word' id='word_1_207' title='bbox 541 1562 675 1604; x_wconf 85' lang='lat' dir='ltr'>nullus,</span> <span class='ocrx_word' id='word_1_208' title='bbox 713 1564 772 1607; x_wconf 88' lang='lat' dir='ltr'>qui</span> <span class='ocrx_word' id='word_1_209' title='bbox 800 1563 867 1597; x_wconf 87' lang='lat' dir='ltr'>hoc</span> <span class='ocrx_word' id='word_1_210' title='bbox 894 1562 1002 1605; x_wconf 83' lang='lat' dir='ltr'>vidit,</span> <span class='ocrx_word' id='word_1_211' title='bbox 1035 1562 1254 1609; x_wconf 82' lang='lat' dir='ltr'>ambigeret,</span> <span class='ocrx_word' id='word_1_212' title='bbox 1289 1564 1371 1608; x_wconf 86' lang='lat' dir='ltr'>quin</span> <span class='ocrx_word' id='word_1_213' title='bbox 1404 1573 1531 1608; x_wconf 84' lang='lat' dir='ltr'>corpus</span> <span class='ocrx_word' id='word_1_214' title='bbox 1556 1562 1625 1597; x_wconf 83' lang='lat' dir='ltr'>ali-</span> 
     </span>
     <span class='ocr_line' id='line_1_24' title="bbox 234 1626 1401 1673; baseline 0.002 -13"><span class='ocrx_word' id='word_1_215' title='bbox 234 1628 332 1672; x_wconf 78' lang='lat' dir='ltr'>cujits</span> <span class='ocrx_word' id='word_1_216' title='bbox 359 1626 511 1662; x_wconf 88' lang='lat' dir='ltr'>mulieris</span> <span class='ocrx_word' id='word_1_217' title='bbox 539 1631 699 1662; x_wconf 85' lang='lat' dir='ltr'>mortuae</span> <span class='ocrx_word' id='word_1_218' title='bbox 727 1627 874 1668; x_wconf 81' lang='lat' dir='ltr'>suisset,</span> <span class='ocrx_word' id='word_1_219' title='bbox 901 1627 994 1673; x_wconf 85' lang='lat' dir='ltr'>quod</span> <span class='ocrx_word' id='word_1_220' title='bbox 1025 1627 1195 1673; x_wconf 69' lang='lat' dir='ltr'>dyabolus</span> <span class='ocrx_word' id='word_1_221' title='bbox 1223 1629 1401 1663; x_wconf 89' lang='lat' dir='ltr'>assumsit.</span> 
     </span>
    </p>
   </div>
   <div class='ocr_carea' id='block_1_3' title="bbox 692 1935 1185 2000">
    <p class='ocr_par' dir='ltr' id='par_1_3' title="bbox 692 1935 1185 2000">
     <span class='ocr_line' id='line_1_25' title="bbox 692 1935 1185 2000; baseline 0.004 -4"><span class='ocrx_word' id='word_1_222' title='bbox 692 1935 819 1998; x_wconf 78' lang='lat' dir='ltr'>cAP.</span> <span class='ocrx_word' id='word_1_223' title='bbox 854 1935 1003 1998; x_wconf 79' lang='lat' dir='ltr'>cxlx.</span> <span class='ocrx_word' id='word_1_224' title='bbox 1039 1936 1185 2000; x_wconf 78' lang='lat'>(114.)</span> 
     </span>
    </p>
   </div>
   <div class='ocr_carea' id='block_1_4' title="bbox 236 2034 1630 2099">
    <p class='ocr_par' dir='ltr' id='par_1_4' title="bbox 236 2034 1630 2099">
     <span class='ocr_line' id='line_1_26' title="bbox 236 2034 1630 2099; baseline 0.001 -19"><span class='ocrx_word' id='word_1_225' title='bbox 236 2036 335 2080; x_wconf 82' lang='lat' dir='ltr'>De</span> <span class='ocrx_word' id='word_1_226' title='bbox 365 2034 768 2080; x_wconf 78' lang='lat' dir='ltr'>assumtione</span> <span class='ocrx_word' id='word_1_227' title='bbox 797 2035 1028 2099; x_wconf 76' lang='lat' dir='ltr'>beatae</span> <span class='ocrx_word' id='word_1_228' title='bbox 1058 2034 1302 2081; x_wconf 75' lang='lat' dir='ltr'>Mariae</span> <span class='ocrx_word' id='word_1_229' title='bbox 1331 2034 1630 2094; x_wconf 80' lang='lat' dir='ltr'>virginis.</span> 
     </span>
    </p>
   </div>
   <div class='ocr_carea' id='block_1_5' title="bbox 235 2145 1633 2713">
    <p class='ocr_par' dir='ltr' id='par_1_5' title="bbox 235 2145 1633 2713">
     <span class='ocr_line' id='line_1_27' title="bbox 327 2145 1632 2192; baseline -0.002 -11"><span class='ocrx_word' id='word_1_230' title='bbox 327 2148 364 2181; x_wconf 90' lang='lat'>1.</span> <span class='ocrx_word' id='word_1_231' title='bbox 391 2145 569 2180; x_wconf 84' lang='lat' dir='ltr'>Assumtio</span> <span class='ocrx_word' id='word_1_232' title='bbox 588 2145 715 2181; x_wconf 88' lang='lat' dir='ltr'>beatae</span> <span class='ocrx_word' id='word_1_233' title='bbox 738 2147 886 2192; x_wconf 79' lang='lat' dir='ltr'>virginis</span> <span class='ocrx_word' id='word_1_234' title='bbox 902 2145 1038 2181; x_wconf 88' lang='lat' dir='ltr'>Mariae</span> <span class='ocrx_word' id='word_1_235' title='bbox 1056 2145 1208 2191; x_wconf 85' lang='lat' dir='ltr'>qualiter</span> <span class='ocrx_word' id='word_1_236' title='bbox 1230 2145 1323 2180; x_wconf 81' lang='lat' dir='ltr'>sacta</span> <span class='ocrx_word' id='word_1_237' title='bbox 1343 2146 1402 2189; x_wconf 88' lang='lat' dir='ltr'>sit,</span> <span class='ocrx_word' id='word_1_238' title='bbox 1422 2156 1463 2180; x_wconf 81' lang='lat' dir='ltr'>ex</span> <span class='ocrx_word' id='word_1_239' title='bbox 1481 2145 1632 2191; x_wconf 80' lang='lat' dir='ltr'>quodam</span> 
     </span>
     <span class='ocr_line' id='line_1_28' title="bbox 238 2209 1630 2257; baseline 0.001 -15"><span class='ocrx_word' id='word_1_240' title='bbox 238 2209 357 2244; x_wconf 90' lang='lat' dir='ltr'>libcllo</span> <span class='ocrx_word' id='word_1_241' title='bbox 383 2210 608 2255; x_wconf 63' lang='lat' dir='ltr'>apocrypho,</span> <span class='ocrx_word' id='word_1_242' title='bbox 644 2212 703 2255; x_wconf 89' lang='lat' dir='ltr'>qui</span> <span class='ocrx_word' id='word_1_243' title='bbox 727 2210 879 2246; x_wconf 84' lang='lat' dir='ltr'>Johanni</span> <span class='ocrx_word' id='word_1_244' title='bbox 906 2211 1149 2257; x_wconf 80' lang='lat' dir='ltr'>evangelistae</span> <span class='ocrx_word' id='word_1_245' title='bbox 1175 2211 1413 2253; x_wconf 87' lang='lat' dir='ltr'>adscribitur,</span> <span class='ocrx_word' id='word_1_246' title='bbox 1451 2210 1630 2245; x_wconf 85' lang='lat' dir='ltr'>edocetur.</span> 
     </span>
     <span class='ocr_line' id='line_1_29' title="bbox 237 2274 1631 2322; baseline 0 -13"><span class='ocrx_word' id='word_1_247' title='bbox 237 2275 419 2320; x_wconf 83' lang='lat' dir='ltr'>Apostolis</span> <span class='ocrx_word' id='word_1_248' title='bbox 453 2285 601 2320; x_wconf 89' lang='lat' dir='ltr'>namque</span> <span class='ocrx_word' id='word_1_249' title='bbox 634 2276 678 2309; x_wconf 87' lang='lat' dir='ltr'>ob</span> <span class='ocrx_word' id='word_1_250' title='bbox 714 2275 991 2320; x_wconf 86' lang='lat' dir='ltr'>praedicationis</span> <span class='ocrx_word' id='word_1_251' title='bbox 1023 2278 1173 2322; x_wconf 80' lang='lat' dir='ltr'>gratiam</span> <span class='ocrx_word' id='word_1_252' title='bbox 1210 2276 1370 2311; x_wconf 86' lang='lat' dir='ltr'>diversas</span> <span class='ocrx_word' id='word_1_253' title='bbox 1403 2275 1519 2310; x_wconf 88' lang='lat' dir='ltr'>mundi</span> <span class='ocrx_word' id='word_1_254' title='bbox 1548 2274 1631 2309; x_wconf 89' lang='lat' dir='ltr'>sub-</span> 
     </span>
     <span class='ocr_line' id='line_1_30' title="bbox 238 2340 1633 2387; baseline 0 -13"><span class='ocrx_word' id='word_1_255' title='bbox 238 2341 400 2375; x_wconf 85' lang='lat' dir='ltr'>euntibus</span> <span class='ocrx_word' id='word_1_256' title='bbox 426 2342 591 2387; x_wconf 83' lang='lat' dir='ltr'>regiones</span> <span class='ocrx_word' id='word_1_257' title='bbox 617 2342 717 2387; x_wconf 73' lang='lat' dir='ltr'>virgo</span> <span class='ocrx_word' id='word_1_258' title='bbox 748 2340 855 2375; x_wconf 87' lang='lat' dir='ltr'>beata</span> <span class='ocrx_word' id='word_1_259' title='bbox 890 2343 924 2375; x_wconf 90' lang='lat' dir='ltr'>in</span> <span class='ocrx_word' id='word_1_260' title='bbox 959 2341 1060 2376; x_wconf 90' lang='lat' dir='ltr'>domo</span> <span class='ocrx_word' id='word_1_261' title='bbox 1090 2342 1193 2387; x_wconf 82' lang='lat' dir='ltr'>juxta</span> <span class='ocrx_word' id='word_1_262' title='bbox 1219 2346 1367 2377; x_wconf 88' lang='lat' dir='ltr'>montem</span> <span class='ocrx_word' id='word_1_263' title='bbox 1393 2342 1486 2387; x_wconf 58' lang='lat' dir='ltr'>Syon</span> <span class='ocrx_word' id='word_1_264' title='bbox 1515 2342 1633 2386; x_wconf 90' lang='lat' dir='ltr'>posita</span> 
     </span>
     <span class='ocr_line' id='line_1_31' title="bbox 240 2405 1631 2452; baseline 0.001 -14"><span class='ocrx_word' id='word_1_265' title='bbox 240 2405 366 2439; x_wconf 87' lang='lat' dir='ltr'>dicitur</span> <span class='ocrx_word' id='word_1_266' title='bbox 398 2407 610 2441; x_wconf 87' lang='lat' dir='ltr'>remansisse</span> <span class='ocrx_word' id='word_1_267' title='bbox 646 2407 831 2451; x_wconf 83' lang='lat' dir='ltr'>omniaque</span> <span class='ocrx_word' id='word_1_268' title='bbox 857 2406 935 2440; x_wconf 87' lang='lat' dir='ltr'>loca</span> <span class='ocrx_word' id='word_1_269' title='bbox 960 2407 1021 2441; x_wconf 83' lang='lat' dir='ltr'>tilii</span> <span class='ocrx_word' id='word_1_270' title='bbox 1048 2408 1121 2450; x_wconf 86' lang='lat' dir='ltr'>sui,</span> <span class='ocrx_word' id='word_1_271' title='bbox 1155 2407 1292 2442; x_wconf 88' lang='lat' dir='ltr'>scilicet</span> <span class='ocrx_word' id='word_1_272' title='bbox 1316 2408 1427 2442; x_wconf 88' lang='lat' dir='ltr'>locum</span> <span class='ocrx_word' id='word_1_273' title='bbox 1455 2407 1631 2452; x_wconf 70' lang='lat' dir='ltr'>baptismi,</span> 
     </span>
     <span class='ocr_line' id='line_1_32' title="bbox 235 2471 1629 2517; baseline 0.001 -14"><span class='ocrx_word' id='word_1_274' title='bbox 235 2471 383 2515; x_wconf 84' lang='lat' dir='ltr'>jejunii,</span> <span class='ocrx_word' id='word_1_275' title='bbox 419 2473 613 2513; x_wconf 82' lang='lat' dir='ltr'>orationis,</span> <span class='ocrx_word' id='word_1_276' title='bbox 637 2473 835 2516; x_wconf 85' lang='lat' dir='ltr'>passionis,</span> <span class='ocrx_word' id='word_1_277' title='bbox 871 2471 1095 2517; x_wconf 77' lang='lat' dir='ltr'>sepulturae,</span> <span class='ocrx_word' id='word_1_278' title='bbox 1129 2475 1396 2508; x_wconf 86' lang='lat' dir='ltr'>resurrectionis</span> <span class='ocrx_word' id='word_1_279' title='bbox 1423 2477 1457 2508; x_wconf 92' lang='lat' dir='ltr'>et</span> <span class='ocrx_word' id='word_1_280' title='bbox 1481 2471 1629 2506; x_wconf 80' lang='lat' dir='ltr'>adscen-</span> 
     </span>
     <span class='ocr_line' id='line_1_33' title="bbox 240 2536 1630 2581; baseline 0.001 -14"><span class='ocrx_word' id='word_1_281' title='bbox 240 2536 371 2576; x_wconf 77' lang='lat' dir='ltr'>sionis,</span> <span class='ocrx_word' id='word_1_282' title='bbox 408 2536 523 2581; x_wconf 85' lang='lat' dir='ltr'>quoad</span> <span class='ocrx_word' id='word_1_283' title='bbox 565 2538 670 2578; x_wconf 72' lang='lat' dir='ltr'>vixit,</span> <span class='ocrx_word' id='word_1_284' title='bbox 705 2537 891 2572; x_wconf 79' lang='lat' dir='ltr'>devotione</span> <span class='ocrx_word' id='word_1_285' title='bbox 921 2538 1044 2573; x_wconf 81' lang='lat' dir='ltr'>sedula</span> <span class='ocrx_word' id='word_1_286' title='bbox 1071 2539 1227 2572; x_wconf 78' lang='lat' dir='ltr'>visitavit</span> <span class='ocrx_word' id='word_1_287' title='bbox 1253 2542 1298 2581; x_wconf 89' lang='lat' dir='ltr'>ct,</span> <span class='ocrx_word' id='word_1_288' title='bbox 1324 2536 1510 2573; x_wconf 86' lang='lat' dir='ltr'>secundum</span> <span class='ocrx_word' id='word_1_289' title='bbox 1537 2536 1630 2580; x_wconf 85' lang='lat' dir='ltr'>quod</span> 
     </span>
     <span class='ocr_line' id='line_1_34' title="bbox 242 2598 1629 2646; baseline 0.004 -15"><span class='ocrx_word' id='word_1_290' title='bbox 242 2600 291 2631; x_wconf 86' lang='lat' dir='ltr'>ait</span> <span class='ocrx_word' id='word_1_291' title='bbox 310 2598 555 2643; x_wconf 65' lang='lat' dir='ltr'>Epyplianius,</span> <span class='ocrx_word' id='word_1_292' title='bbox 583 2601 696 2636; x_wconf 79' lang='lat' dir='ltr'>xxiv</span> <span class='ocrx_word' id='word_1_293' title='bbox 723 2604 822 2636; x_wconf 86' lang='lat' dir='ltr'>annis</span> <span class='ocrx_word' id='word_1_294' title='bbox 850 2603 1115 2638; x_wconf 84' lang='lat' dir='ltr'>adscensionem</span> <span class='ocrx_word' id='word_1_295' title='bbox 1147 2602 1207 2637; x_wconf 83' lang='lat' dir='ltr'>tilii</span> <span class='ocrx_word' id='word_1_296' title='bbox 1233 2605 1285 2637; x_wconf 88' lang='lat' dir='ltr'>sui</span> <span class='ocrx_word' id='word_1_297' title='bbox 1312 2602 1514 2646; x_wconf 86' lang='lat' dir='ltr'>supervixit.</span> <span class='ocrx_word' id='word_1_298' title='bbox 1565 2600 1629 2636; x_wconf 80' lang='lat' dir='ltr'>Re-</span> 
     </span>
     <span class='ocr_line' id='line_1_35' title="bbox 243 2662 1632 2713; baseline 0.002 -16"><span class='ocrx_word' id='word_1_299' title='bbox 243 2662 307 2697; x_wconf 77' lang='lat' dir='ltr'>fert</span> <span class='ocrx_word' id='word_1_300' title='bbox 336 2674 440 2708; x_wconf 79' lang='lat' dir='ltr'>crgo,</span> <span class='ocrx_word' id='word_1_301' title='bbox 479 2666 569 2709; x_wconf 81' lang='lat' dir='ltr'>quod</span> <span class='ocrx_word' id='word_1_302' title='bbox 609 2667 710 2701; x_wconf 78' lang='lat' dir='ltr'>beata</span> <span class='ocrx_word' id='word_1_303' title='bbox 747 2669 861 2713; x_wconf 74' lang='lat' dir='ltr'>virgo,</span> <span class='ocrx_word' id='word_1_304' title='bbox 889 2674 920 2703; x_wconf 88' lang='lat' dir='ltr'>et</span> <span class='ocrx_word' id='word_1_305' title='bbox 957 2668 1096 2713; x_wconf 80' lang='lat' dir='ltr'>quando</span> <span class='ocrx_word' id='word_1_306' title='bbox 1137 2668 1308 2702; x_wconf 74' lang='lat' dir='ltr'>Christum</span> <span class='ocrx_word' id='word_1_307' title='bbox 1341 2667 1518 2710; x_wconf 76' lang='lat' dir='ltr'>concepit,</span> <span class='ocrx_word' id='word_1_308' title='bbox 1557 2672 1632 2701; x_wconf 87' lang='lat' dir='ltr'>erat</span> 
     </span>
    </p>
   </div>
  </div>
 </body>
</html>
