1742 3005
279 117 360 157 556
557 118 651 164 Cap.
685 113 856 150 CXXlV.
914 114 971 151 De
1005 121 1135 150 sancto
1168 115 1391 164 Augustino.

278 230 380 254 cens:
408 220 459 252 sic
484 228 536 250 me
563 215 733 255 docuisti,
766 218 802 248 ut
827 215 1112 259 quemadmodum
1139 217 1402 257 medicamenta,
1428 218 1478 250 sle
1503 215 1668 248 alimenta

279 289 453 321 sumturus
480 280 657 316 accedam.
707 278 778 314 Sed
813 280 890 313 dum
929 280 973 314 ad
1006 282 1154 326 quietem
1182 283 1357 316 satietatis
1385 292 1425 316 ex
1452 280 1667 325 indigentiae

278 350 441 384 molestia
470 351 632 387 transeo,
666 347 700 378 ln
734 346 812 389 ipso
845 347 997 380 transitu
1031 346 1219 380 insidiatur
1255 345 1339 380 mihi
1365 345 1510 390 laqueus
1537 356 1666 379 concu‘

277 416 491 460 piscentiae;
524 414 600 458 ipse
635 414 724 448 enim
758 412 928 446 transitus
956 410 1118 456 voluptas
1144 415 1198 446 est
1223 415 1258 446 et
1281 422 1350 445 non
1374 414 1428 444 est
1452 409 1565 451 atius,
1599 420 1666 454 quo

276 484 498 521 transeatur,
539 488 641 523 quam
669 488 736 522 quo
763 478 915 511 transire
942 478 1038 522 cogit
1062 478 1277 519 necessitas,
1313 480 1348 511 et
1382 485 1457 509 cum
1489 474 1586 508 salus
1622 476 1668 508 sit

278 555 387 580 causa
413 543 538 580 edendi
564 548 599 578 et
621 542 787 585 bibendi,
822 541 985 588 adJungit
1017 552 1055 577 se
1087 546 1262 588 tamquam
1289 541 1504 587 pedissequa
1530 541 1668 585 pericu-

276 612 354 646 losa
385 609 590 655 jueunditas
624 613 658 643 et
683 608 885 653 plerumque
910 608 1050 652 praeire
1078 612 1245 650 conatur,
1279 612 1316 641 ut
1349 608 1426 652 ejus
1462 615 1570 641 causa
1596 604 1668 647 fiat,

278 676 373 722 quod
410 675 535 710 salutis
571 684 680 709 eausa
715 683 768 707 me
806 672 923 707 faeere
953 672 1010 707 vel
1044 671 1121 706 dico
1155 672 1210 707 vel
1236 672 1327 707 volo.
1376 671 1539 707 Ebrietas
1564 670 1670 716 longe

277 746 331 775 est
359 750 380 774 a
404 751 469 781 me,
497 738 734 779 misereberis,
763 748 805 772 ne
831 738 1090 782 appropinquet
1114 737 1209 772 mihi.
1260 738 1412 782 Crapula
1440 741 1554 771 autem
1581 747 1667 769 non-

275 816 448 851 nunquam
475 804 635 848 subrepit
659 813 763 837 servo
798 806 871 844 tuo,
908 801 1153 844 misereberis,
1187 807 1224 837 ut
1256 802 1361 848 longe
1386 802 1445 837 iiat
1469 812 1491 836 a
1516 812 1579 836 me.
1627 800 1670 835 Et

275 874 352 918 quis
373 874 438 912 est,
460 870 610 910 domine,
632 870 690 913 qui
706 878 773 901 non
790 867 983 912 aliquando
1003 868 1162 912 rapiatur
1181 867 1431 913 aliquantulinn
1446 873 1543 902 extra
1559 871 1668 902 metas

274 937 527 972 necessitatis?
586 935 753 978 Quisquis
791 933 851 968 ille
885 937 959 975 est,
994 943 1140 979 magnus
1166 933 1325 977 profecto
1361 937 1435 972 est3
1471 932 1671 978 magnificet

274 1013 400 1037 nomen
417 1006 521 1035 tuum.
554 999 632 1045 Ego
650 1010 718 1033 non
737 1009 825 1040 sum,
852 999 934 1044 quia
960 997 1062 1032 bomo
1085 1003 1250 1043 peccator
1267 1009 1353 1033 sum.
1381 998 1542 1033 Habebat
1565 999 1667 1033 etiam

274 1080 313 1104 se
351 1071 549 1112 suspectum
584 1065 627 1099 de
663 1064 793 1099 olfactu
828 1064 967 1098 dicens:
1005 1063 1048 1098 de
1083 1064 1253 1099 illecebra
1278 1066 1422 1099 odorum
1449 1075 1515 1098 non
1541 1068 1668 1110 satago

274 1135 397 1175 nimis,
426 1143 501 1166 cum
526 1132 675 1173 absunt,
713 1140 774 1165 nec
800 1132 960 1175 requiro,
996 1140 1072 1164 cum
1097 1128 1246 1171 adsunt,
1278 1131 1391 1175 ¹)non
1418 1141 1567 1175 respuo,
1604 1141 1666 1175 pa-

276 1203 371 1234 ratus
407 1200 450 1232 iis
484 1198 589 1232 etiam
624 1206 762 1241 semper
797 1206 939 1229 carere:
973 1196 1021 1229 ita
1059 1194 1142 1228 mibi
1169 1195 1291 1230 videor
1316 1201 1351 1231 et
1376 1195 1525 1230 forsitan
1551 1196 1665 1231 fallor.

274 1265 381 1300 Nemo
408 1265 497 1299 enim
530 1272 674 1298 securus
701 1272 780 1296 esse
808 1260 914 1295 debet
940 1262 974 1294 in
1000 1261 1069 1294 ista
1095 1262 1185 1302 vita,
1213 1272 1303 1306 quae
1329 1266 1405 1296 tota
1431 1263 1577 1296 tentatio
1604 1273 1667 1296 no-

275 1332 463 1366 minanti-,⁶
483 1328 611 1364 Verum
645 1328 703 1373 qui
737 1326 813 1361 fieri
841 1327 956 1371 potuit
991 1336 1032 1360 ex
1061 1327 1230 1361 deteriori
1254 1328 1399 1370 melior,
1434 1339 1503 1362 non
1535 1327 1595 1362 liat
1627 1340 1667 1363 ex

273 1397 411 1431 meliori
444 1394 611 1429 deterior.
671 1392 797 1427 Iterum
834 1392 877 1427 de
914 1391 1038 1426 auditu
1071 1392 1254 1427 confitetur
1286 1392 1423 1428 dicens:
1468 1393 1668 1438 voluptates

274 1463 408 1496 aurium
433 1462 592 1496 tenacius
617 1470 669 1494 me
696 1459 963 1504 implicaverant
988 1462 1022 1493 et
1056 1458 1355 1504 subjugaverant,
1389 1458 1455 1493 sed
1488 1459 1670 1494 resolvisti

275 1532 310 1562 et
342 1527 504 1561 liberasti
538 1536 603 1561 me.
654 1524 736 1559 Cum
763 1524 846 1558 milii
872 1523 1020 1567 accidit,
1055 1528 1093 1558 ut
1125 1534 1179 1559 me
1212 1524 1361 1569 amplius
1389 1528 1531 1567 cantus,
1568 1536 1668 1570 quam

274 1603 350 1635 res,
395 1602 483 1637 quae
519 1592 678 1633 canitur,
722 1594 882 1632 moveat,
926 1590 1125 1635 poenaliter
1162 1600 1215 1624 me
1253 1600 1401 1635 peccare
1433 1590 1602 1624 confiteor
1635 1596 1669 1625 et

273 1662 355 1692 tune
379 1657 517 1692 mallem
542 1667 612 1691 non
637 1656 760 1690 audire
785 1660 992 1690 cantantem.
1042 1655 1197 1690 Accusat
1213 1658 1316 1691 etiam
1336 1667 1374 1691 se
1397 1655 1440 1691 de
1464 1657 1553 1698 visu,
1580 1657 1670 1690 sicut

274 1724 317 1759 de
351 1735 417 1766 eo,
450 1723 545 1768 quod
579 1721 768 1767 aliquando
801 1722 902 1754 nimis
936 1720 1089 1755 libenter
1123 1722 1209 1756 vidit
1232 1732 1351 1757 canem
1384 1726 1598 1765 currentem,
1636 1727 1669 1757 et

274 1789 317 1824 de
332 1800 387 1831 ee,
407 1789 535 1834 ²)quod
555 1799 617 1833 per
634 1797 756 1833 agrum
775 1796 859 1820 casu
875 1787 1051 1821 transiens
1068 1788 1287 1821 venationem
1305 1787 1455 1822 libenter
1471 1790 1667 1832 prospexit,

275 1854 369 1889 etde
391 1865 445 1895 eo,
473 1854 566 1899 quod
584 1853 675 1887 domi
696 1854 850 1887 existens
878 1861 1028 1886 araneas
1058 1862 1194 1886 muscas
1222 1853 1296 1886 suis
1322 1851 1456 1886 retibus
1485 1854 1665 1896 capientes

273 1921 376 1953 nimis
413 1923 546 1953 attente
583 1918 779 1963 conspexit.
828 1916 910 1951 Ideo
943 1921 1057 1952 autem
1092 1917 1134 1952 de
1168 1916 1224 1951 his
1251 1927 1367 1951 coram
1393 1916 1532 1951 domino
1558 1918 1665 1952 conli-

273 1989 384 2027 tetur,
415 1989 451 2018 ut
478 1984 605 2018 ibidem
631 1984 734 2024 dicit,
763 1984 846 2028 quia
869 1981 1058 2027 aliquando
1085 1982 1174 2017 haee
1201 1993 1223 2017 a
1250 1982 1353 2017 bonis
1379 1982 1666 2018 meditationibus

274 2055 436 2085 avertunt
470 2054 504 2085 et
534 2051 714 2083 orationes
748 2050 1012 2092 interriuupimt.
1061 2048 1214 2082 Accusat
1247 2049 1351 2082 etiam
1376 2059 1415 2082 se
1441 2048 1483 2084 de
1508 2051 1667 2094 appetitu

275 2115 390 2149 laudis
430 2119 465 2150 et
497 2119 591 2149 motu
624 2115 738 2148 inanis
772 2105 910 2159 gloriae
953 2113 1090 2148 dicens:
1127 2115 1187 2160 qui
1222 2113 1360 2148 laudari
1391 2113 1435 2148 ab
1467 2113 1666 2149 hominibus

275 2181 348 2215 vult
386 2182 606 2225 vituperante
640 2184 696 2222 te,
740 2190 808 2214 non
847 2179 1055 2215 defendetur
1090 2179 1133 2214 ab
1168 2179 1366 2214 hominibus
1398 2180 1584 2225 judicante
1619 2185 1664 2223 te,

274 2257 337 2281 nec
362 2247 532 2290 eripietur
557 2245 742 2280 damnante
768 2250 813 2281 te.
862 2245 1045 2280 Laudatur
1069 2244 1172 2279 homo
1199 2250 1344 2290 propter
1363 2246 1506 2291 aliquod
1526 2246 1664 2289 donum,

275 2311 369 2358 quod
404 2311 533 2346 dedisti
567 2312 622 2353 ei,
656 2315 690 2345 et
720 2316 835 2346 tamen
867 2311 945 2356 plus
981 2311 1113 2357 gaudet
1145 2322 1184 2346 se
1209 2311 1365 2353 laudari,
1399 2321 1499 2357 quam
1527 2312 1666 2347 donum.

276 2377 469 2413 Tentamur
508 2376 562 2411 his
597 2376 849 2411 tentationibus
883 2376 1040 2422 quotidie
1082 2378 1158 2412 sine
1200 2378 1418 2419 cessatione,
1461 2377 1667 2422 quotidiana

276 2444 402 2477 fornax
428 2447 481 2477 est
506 2442 656 2477 bumana
680 2442 813 2489 lingna.
862 2441 1105 2477 Verumtamen
1132 2443 1326 2488 ³)nollem,
1361 2447 1399 2477 ut
1434 2442 1488 2477 vel
1520 2447 1667 2487 augeret

277 2508 357 2542 milii
377 2507 543 2554 gaudium
573 2508 761 2554 cujuslibet
781 2508 865 2542 boni
885 2510 951 2543 mei
969 2508 1180 2555 sull'ragatio
1199 2510 1273 2543 oris
1287 2509 1405 2546 alieni.
1448 2507 1518 2543 Sed
1544 2512 1663 2552 auget,

346 2589 373 2619 1)
392 2587 445 2614 Ed.
465 2591 508 2615 [Ὗ.
528 2589 601 2615 baec
619 2588 697 2615 male
716 2589 757 2615 ita
777 2586 886 2622 jungit:
918 2597 959 2613 (ιιι
971 2597 998 2613 ιιι
1025 2587 1189 2621 absunt,
1228 2597 1299 2615 non
1326 2594 1466 2620 respuo
1492 2589 1663 2619 paratus.

278 2630 329 2656 lis
361 2631 479 2658 vniam
504 2640 659 2668 semper
678 2642 807 2660 carere
834 2631 925 2658 mihi
949 2631 1024 2658 illa
1042 2631 1186 2659 videor
1211 2637 1267 2659 eto.
1368 2632 1397 2663 2)
1416 2630 1469 2656 Ed·
1489 2630 1665 2656 l'r·‹›1¹1illit

277 2675 385 2700 xvrba:
411 2676 559 2707 ‹1n=··‹l—
579 2676 624 2703 (le
649 2687 702 2705 eo.
772 2678 801 2710 3)
820 2677 873 2703 lid.
893 2680 936 2703 l'r.
958 2677 1029 2703 haec
1048 2677 1088 2703 ila
1118 2676 1203 2709 legit:
1238 2674 1402 2705 nollent,
1429 2682 1466 2701 ιιι
1494 2675 1553 2701 vel
1581 2684 1665 2707 nge—

277 2723 336 2745 ret
364 2718 456 2745 mini
485 2719 661 2752 gaudium
696 2720 915 2754 cujuslibet
943 2721 1035 2748 noni
1055 2730 1190 2748 nomen
1209 2717 1410 2750 austragio
1435 2718 1512 2745 oris
1532 2717 1663 2747 alieni,
