1742 3005
303 147 381 185 194
599 148 697 197 Cap.
730 146 863 183 XLVI.
929 147 987 183 De
1017 154 1149 184 sancto
1181 147 1382 197 Gregorio.

299 251 405 286 tanda
429 249 668 295 apostolorum
695 250 813 285 limina
838 251 993 285 venisset
1019 255 1054 285 et
1077 252 1215 285 beatum
1245 248 1450 294 Gregorium
1477 259 1602 295 papam
1627 261 1689 296 per

299 317 446 351 medium
471 317 620 350 civitatis
644 317 795 350 transire
821 315 966 357 videret,
992 316 1102 350 voluit
1129 317 1161 350 ei
1183 325 1366 350 occurrere
1386 325 1439 357 ac,
1467 320 1503 350 ut
1529 316 1687 358 decebat,

298 383 524 416 reverentiam
551 381 729 416 exhibere.
788 381 941 416 Cernens
967 391 1049 415 vero
1075 380 1200 415 beatus
1225 380 1435 425 Gregorius,
1469 381 1562 427 quod
1590 392 1628 416 se
1653 383 1688 416 in

296 453 423 482 terram
457 447 563 482 vellet
597 453 841 493 prosternere,
894 447 1074 482 festinavit
1108 451 1143 481 et
1181 448 1290 491 primo
1327 456 1366 480 se
1400 457 1515 481 coram
1549 450 1627 493 ipso
1653 449 1687 482 in

299 518 422 548 terram
447 515 638 558 prostravit
661 524 726 548 nee
751 513 833 547 inde
858 515 1028 551 surrexit,
1068 512 1296 558 quoadusque
1329 511 1440 546 abbas
1472 515 1582 557 primo
1607 523 1685 547 sur-

298 581 467 615 rexisset:
504 581 537 613 in
565 590 631 624 quo
658 581 805 613 maxima
836 580 912 624 ejus
940 579 1116 613 humilitas
1142 578 1410 612 commendatur.
1442 598 1487 603 ——
1511 597 1556 603 ——
1582 598 1688 605 ——-—

297 648 343 683 6.
395 644 532 679 Tantae
558 650 671 680 autem
697 644 872 690 largitatis
900 644 1187 679 eleemosinarum
1218 645 1374 680 exstitit,
1419 648 1457 678 ut
1480 654 1548 678 non
1577 644 1687 678 solum

296 711 539 755 praesentilms
555 738 562 751 ,
597 709 660 744 sed
690 711 791 743 etiam
817 710 922 756 longe
956 711 1082 755 positis
1117 715 1151 744 et
1174 711 1209 744 in
1235 714 1348 744 monte
1373 709 1486 755 Synay
1510 709 1687 744 monachis

295 776 495 809 necessaria
521 776 742 811 ministraret,
770 785 848 808 nam
874 777 1023 808 omnium
1048 774 1278 820 indigentium
1303 777 1442 809 nomina
1467 777 1597 819 scripta
1622 775 1685 809 lia—

295 840 403 874 bebat
427 843 461 873 et
490 841 533 873 iis
560 840 756 874 liberaliter
788 839 1028 874 subveniebat.
1085 839 1337 874 Monasterium
1367 839 1607 874 Hierosolimis
1632 843 1685 874 in—

296 907 408 939 stituit
432 910 466 940 et
488 905 552 939 Ilei
580 905 718 939 famulis
744 906 817 940 illic-
845 906 1054 951 degentibus
1080 906 1285 939 necessaria
1309 906 1444 939 mittere
1470 907 1685 949 procuravit,

294 972 405 1005 tribus
431 982 568 1016 qnoque
594 971 746 1005 millibus
773 972 910 1005 aucillis
934 971 999 1005 Dei
1032 982 1095 1015 pro
1130 971 1343 1015 quotidianis
1376 970 1560 1015 stipendiis
1586 975 1685 1004 octo-

294 1038 391 1082 ginta
416 1036 524 1070 libras
550 1038 624 1070 auri
652 1037 849 1071 animaliter
873 1036 1064 1077 offerebat.
1092 1036 1248 1081 quotidie
1275 1038 1376 1071 etiam
1398 1036 1441 1070 ad
1467 1046 1566 1070 suam
1589 1047 1685 1070 men-

295 1113 369 1136 sam
393 1104 600 1147 peregrinos
636 1103 813 1148 quoslibet
846 1102 1024 1136 invitabat.
1083 1101 1176 1135 luter
1210 1113 1297 1147 quos
1325 1102 1382 1136 die
1416 1101 1564 1147 quadam
1598 1112 1686 1136 unus

295 1169 466 1205 accessit,
504 1170 538 1201 in
566 1169 664 1213 cnjus
690 1169 848 1202 manibus
878 1168 956 1202 dum
985 1169 1059 1212 ipse
1094 1178 1135 1201 ex
1160 1167 1352 1202 humilitate
1383 1178 1507 1213 aquam
1540 1166 1687 1201 sundere.

295 1233 412 1274 vellet,
440 1244 628 1267 conversus
655 1244 793 1269 urceum
819 1235 971 1278 accepit.
1004 1233 1066 1267 sed
1094 1238 1235 1278 repente.
1263 1244 1359 1275 (111111,
1388 1234 1421 1267 in
1447 1234 1546 1278 cujus
1574 1235 1684 1267 mani-

295 1298 360 1332 bus
386 1308 509 1343 aquam
535 1299 681 1333 sundere
705 1299 857 1338 volebat,
885 1311 954 1333 non
972 1301 1112 1334 invenit.
1164 1300 1314 1343 Cumque
1340 1298 1407 1333 hoc
1422 1298 1550 1333 sactum
1569 1309 1685 1333 secum

294 1366 371 1408 ipse
396 1365 589 1402 miraretur,
616 1364 736 1399 eadem
762 1369 864 1398 nocte
890 1364 1048 1399 dominus
1075 1376 1137 1409 per
1165 1366 1330 1398 visionem
1357 1365 1388 1398 ei
1405 1364 1509 1398 dixit:
1537 1366 1686 1399 caeteris

296 1428 420 1463 diebus
448 1440 500 1463 me
525 1431 560 1463 in
585 1416 745 1463 membris
770 1432 875 1471 meis,
910 1430 1074 1465 hesterno
1101 1434 1215 1465 autem
1241 1429 1297 1463 die
1324 1440 1377 1463 me
1402 1431 1436 1463 in
1460 1434 1584 1465 memet
1609 1432 1686 1475 ipso

295 1497 492 1539 suscepisti.
538 1494 618 1530 Atio
638 1507 775 1541 quoque
800 1501 956 1540 tempore
982 1497 1161 1540 praecepit
1181 1495 1409 1537 cancellario,
1443 1499 1479 1529 ut
1505 1495 1685 1530 duodecim

295 1562 502 1605 peregrinos
528 1561 571 1595 ad
591 1561 771 1605 prandium
792 1563 970 1598 invitaret,
1000 1563 1057 1606 qui
1078 1572 1230 1606 pergens
1251 1561 1356 1605 jussa
1379 1561 1573 1605 complevit.
1601 1561 1686 1596 Dum

295 1630 407 1660 autem
434 1626 534 1660 simul
558 1626 824 1662 discumberent.
850 1628 988 1661 intuens
1003 1636 1094 1671 papa
1116 1626 1283 1661 tredecim
1302 1628 1494 1660 numeravit
1512 1631 1545 1661 ct
1564 1637 1684 1661 accer-

296 1693 363 1725 sito
391 1691 621 1733 cancellario,
649 1702 710 1725 cur
734 1696 855 1726 contra
881 1702 975 1725 suam
997 1693 1194 1736 jussionem
1219 1691 1386 1726 tredecim
1412 1694 1560 1727 invitare
1582 1703 1685 1737 prae-

296 1761 487 1797 sumserat,
521 1752 709 1801 inquisivit.
771 1758 865 1797 Quos
893 1757 1123 1791 cancellarius
1149 1768 1333 1791 munerans
1370 1763 1403 1792 et
1434 1762 1563 1793 tantum
1597 1758 1684 1793 duo-

296 1822 610 1856 deciminveniens
643 1824 708 1856 ait:
747 1822 851 1856 crede
885 1821 967 1855 mihi
1004 1826 1122 1866 pater,
1171 1833 1238 1855 non
1276 1827 1353 1856 sunt
1391 1825 1457 1857 nisi
1492 1823 1683 1858 duodecim.

295 1887 549 1921 Animadvertit
576 1886 779 1932 Gregorius,
808 1889 915 1921 virum
942 1889 1085 1932 propius
1115 1887 1384 1921 discumbentem
1409 1888 1536 1922 vultum
1562 1888 1685 1923 crebro

296 1957 427 1987 mutare
452 1957 485 1986 et
508 1964 596 1987 nunc
620 1953 878 1987 adolescentem
904 1964 992 1986 niune
1018 1964 1099 1987 vero
1121 1953 1190 1987 sibi
1213 1953 1361 1987 vetulum
1384 1953 1585 1988 veneranda
1599 1965 1683 1999 qua-

297 2018 374 2051 dam
403 2020 529 2052 canitie
553 2018 733 2054 simulare.
768 2018 862 2052 linito
889 2020 996 2063 igitur
1019 2021 1176 2053 convivio
1204 2019 1299 2052 illum
1331 2020 1364 2052 in
1391 2018 1549 2053 cubiculo
1577 2019 1685 2057 duxit,

297 2083 520 2118 vehementer
545 2083 727 2128 adjurium,
755 2088 791 2117 ut
818 2085 916 2130 eise
940 2095 1133 2130 nomenque
1161 2095 1257 2119 suum
1285 2084 1436 2129 prodere
1469 2084 1682 2131 dignaretur.

297 2150 361 2189 Qui
389 2149 605 2194 respondens
631 2152 697 2184 ait:
746 2154 780 2183 et
803 2160 864 2183 cur
888 2151 1086 2195 interrogas
1112 2150 1155 2185 de
1189 2152 1325 2184 nomine
1361 2161 1458 2188 meo,
1510 2150 1602 2194 quod
1634 2155 1686 2185 est

296 2214 482 2247 mirabile?
517 2214 757 2249 Verumtamen
783 2217 883 2253 scito,
919 2217 999 2261 quia
1025 2226 1091 2260 ego
1112 2226 1184 2249 sum
1209 2215 1401 2260 naufragus
1423 2215 1502 2252 ille,
1526 2216 1579 2249 eui
1606 2226 1684 2250 scu-

298 2279 411 2313 tellam
440 2283 640 2323 argenteam
660 2280 823 2321 tribuisti,
850 2292 949 2326 quam
977 2281 1039 2314 tibi
1064 2282 1207 2315 miserat
1231 2291 1304 2314 cum
1323 2280 1555 2325 leguminibus
1578 2285 1687 2315 mater

298 2349 366 2382 tua,
393 2348 427 2378 et
450 2344 517 2378 boc
544 2345 605 2377 tibi
630 2356 692 2389 pro
718 2350 812 2379 certo
838 2347 883 2379 sit
908 2347 1102 2391 cognitum.
1138 2348 1219 2391 quia
1244 2345 1287 2380 ab
1315 2346 1375 2379 illo
1401 2346 1478 2383 die,
1507 2356 1573 2391 quo
1604 2346 1684 2379 mihi

298 2409 439 2451 dedisti,
465 2410 652 2444 destinavit
674 2414 707 2443 te
733 2410 891 2445 dominus
920 2411 993 2445 lieri
1016 2411 1187 2446 ecclesiae
1207 2423 1291 2447 suae
1316 2411 1513 2457 praesulem
1542 2416 1576 2445 et
1592 2411 1683 2446 Petri

298 2475 449 2519 apostoli
477 2486 726 2509 successorem.
788 2477 848 2510 (lui
883 2476 1098 2521 Gregorius:
1135 2482 1169 2512 et
1199 2482 1236 2512 tu
1271 2477 1445 2522 quomodo
1487 2477 1554 2510 lioo
1578 2478 1681 2515 nosti,

299 2540 391 2584 quod
415 2545 493 2574 tune
509 2551 562 2574 me
577 2540 734 2575 dominus
757 2552 924 2586 praeesse
949 2552 1033 2577 suae
1059 2543 1232 2577 eeclesiae
1258 2541 1509 2576 destinaverit?
1532 2540 1578 2575 At
1602 2541 1680 2575 ille:

299 2607 459 2648 quoniam
486 2606 632 2649 angelus
667 2607 743 2651 ejus
770 2617 842 2641 sum
873 2612 907 2642 et
933 2618 984 2641 me
1020 2607 1082 2641 tibi
1109 2607 1267 2641 dominus
1302 2616 1391 2640 nunc
1417 2606 1558 2646 remisit,
1585 2610 1621 2640 ut
1648 2611 1682 2642 te

298 2680 436 2714 semper
463 2671 606 2705 debeam
633 2677 820 2718 protegere
856 2676 890 2706 et
921 2683 1039 2713 omne,
1088 2672 1179 2717 quod
1214 2672 1357 2716 petieris
1391 2681 1453 2715 per
1479 2681 1551 2711 me,
1589 2672 1681 2716 apud

302 2738 410 2779 ipsum
435 2735 552 2770 valeas
579 2737 774 2780 impetrare..
824 2737 1015 2782 Statimque
1040 2737 1083 2770 ab
1111 2748 1151 2770 eo
1178 2736 1359 2780 disparuit.
1388 2756 1429 2760 -
1455 2756 1498 2761 ——
1555 2738 1592 2773 ἵ.
1630 2735 1679 2770 Eo
