1742 3005
64 851 111 860 (κ-

57 1535 79 1579 Χ]

315 105 416 156 Cap.
448 104 616 144 CLXVI.
674 106 733 145 De
764 112 896 143 sancto
927 106 1092 144 Martino
1120 106 1317 158 episcopo.
1425 107 1507 148 745

116 212 221 246 torsit
253 214 287 246 et
316 212 352 245 in
385 212 496 256 ripam
521 210 626 245 aham
652 213 882 246 transmeavit
916 215 950 247 et
975 213 1210 258 ingemiscens
1239 212 1412 250 Martinus
1440 217 1507 251 ait:

116 280 297 321 serpentes
313 288 366 312 me
383 277 528 312 audiunt
546 281 580 312 et
600 278 758 312 homines
778 288 847 312 nou
864 277 1021 312 audiunt.
1066 278 1171 312 Canis
1188 279 1350 315 similiter
1366 282 1507 326 quidam

115 352 190 377 cum
205 342 342 377 cuidam
365 353 407 378 ex
424 342 570 378 Martini
592 342 774 388 discipulis
798 344 956 385 latraret,
981 343 1041 378 ille
1061 343 1104 377 ad
1123 354 1198 378 eum
1223 355 1412 381 conversus
1438 349 1505 382 ait:

115 409 150 442 in
176 410 314 443 nomine
339 408 484 443 Martini
507 408 617 452 jubeo
643 412 677 443 te
704 409 957 442 obmutescere.
1008 408 1113 442 Canis
1133 411 1297 444 continuo
1324 411 1506 456 obmutuit,

115 483 159 508 ac
192 476 222 508 si
259 475 415 520 linguam
453 473 635 508 habuisset
674 473 860 507 abscisam.
908 472 987 506 Fuit
1019 477 1130 507 autem
1169 473 1296 509 beatus
1331 477 1506 512 Martinus

115 540 244 574 inultae
274 539 501 580 humilitatis,
536 548 614 571 nam
646 538 822 582 leprosum
852 537 1022 582 quendam
1048 541 1179 573 cunetis
1207 539 1412 575 horribilem
1439 542 1505 577 Pa-

114 606 212 639 risiis
237 604 375 639 obviam
400 603 534 637 habens
559 604 670 647 ipsum
696 602 878 637 osculatus
905 608 959 638 est
983 607 1088 650 atque
1112 606 1294 641 benedixit
1319 608 1506 653 statimque

114 669 299 704 mundatus
327 672 392 705 est.
439 667 477 702 In
503 670 659 702 sacrario
687 679 827 714 quoque
851 668 1013 704 residens
1038 681 1211 717 nunquam
1234 672 1402 707 cathedra
1422 684 1506 708 usus

115 738 190 777 est,
213 745 291 769 nam
317 736 351 768 in
378 719 531 769 eeclesia
558 745 657 769 nemo
684 744 834 779 unquam
861 745 936 770 eum
965 735 1091 770 sedere
1123 740 1324 782 conspexit:
1359 738 1507 774 sedebat

113 805 230 836 autem
256 802 292 835 in
320 800 490 844 ¹)sellula
514 802 710 842 rusticana,
743 811 831 846 quos
857 802 1016 845 tripodes
1042 807 1179 837 vocant.
1227 803 1361 839 Multae
1387 804 1505 849 digni--

112 852 218 910 tatis,
247 868 330 912 quia
355 876 420 911 par
445 867 619 911 apostolis
646 867 758 900 dictus
784 871 856 907 est,
894 871 928 901 et
959 867 1025 901 hoe
1052 873 1198 913 propter
1223 872 1373 914 gratiam
1399 872 1506 915 spiri-

112 937 169 968 tus
203 934 338 975 sancti,
374 934 431 978 qui
464 934 499 966 in
533 943 608 967 eum
638 934 671 966 in
699 934 817 977 specie
845 934 938 978 ignis
965 932 1007 966 ad
1035 933 1142 967 robur
1176 933 1376 979 deseendit,
1415 938 1506 971 sicut

113 998 179 1033 suit
203 1000 238 1032 in
264 999 449 1043 apostolis.
496 999 647 1043 Legitur
665 1000 752 1032 enim
774 1000 807 1032 in
835 998 1016 1043 praedicto
1044 998 1211 1045 dyalogo,
1239 1001 1329 1046 quod
1354 1002 1504 1047 quadam

114 1066 207 1107 vice,
240 1064 318 1099 dum
351 1063 528 1099 Martinus
562 1066 595 1098 in
630 1064 722 1098 cella
748 1064 845 1098 solus
875 1064 1034 1105 sederet,
1072 1069 1107 1099 et
1133 1065 1286 1101 Severus
1320 1072 1353 1102 et
1381 1067 1504 1103 Gallus

113 1132 190 1175 ejus
222 1129 384 1174 discipuli
420 1139 504 1174 prae
537 1129 674 1164 foribus
710 1134 975 1175 exspectarent,
1011 1130 1128 1164 subito
1161 1132 1313 1166 mirabili
1340 1137 1504 1169 concussi

112 1196 261 1231 horrore
287 1196 405 1241 plures
431 1197 465 1230 in
491 1196 582 1231 cella
600 1195 744 1230 audiunt
764 1196 902 1230 insimul
923 1196 1178 1241 colloquentes,
1227 1197 1277 1233 De
1295 1210 1363 1244 quo
1388 1201 1503 1244 ²)cum

111 1262 330 1307 postmodum
367 1261 555 1297 Martinum
597 1263 885 1307 requisivissent,
928 1263 986 1298 ille
1017 1265 1081 1297 ait:
1127 1263 1238 1298 dicam
1276 1265 1399 1308 vobis,
1439 1267 1504 1301 sed

112 1338 198 1369 vos,
228 1338 381 1373 quaeso,
415 1327 500 1362 nulli
527 1328 674 1370 dicatis3
708 1329 850 1374 Agnes,
889 1328 1025 1363 Thecla
1054 1334 1087 1364 et
1111 1329 1228 1364 Maria
1251 1330 1296 1364 ad
1322 1342 1374 1366 me
1399 1343 1504 1368 vene-

111 1398 202 1429 runt.
250 1393 321 1429 Nec
358 1397 489 1427 tantum
523 1393 585 1428 illo
622 1393 700 1436 die,
737 1394 799 1429 sed
832 1396 975 1439 saepius
1011 1405 1049 1430 se
1083 1395 1126 1429 ab
1158 1397 1200 1430 iis
1235 1397 1420 1432 consessus
1449 1402 1504 1433 est

112 1461 250 1494 visitari
275 1464 310 1494 et
335 1458 473 1494 Petrum
499 1463 533 1493 et
557 1458 698 1494 Paulum
728 1460 911 1505 apostolos
932 1470 953 1494 a
980 1471 1018 1496 se
1045 1471 1155 1506 saepe
1179 1461 1290 1497 videri
1311 1463 1502 1508 perhibuit.

84 1525 248 1561 2Multae
271 1526 454 1570 justitiae,
479 1535 554 1559 cum
582 1526 670 1560 enim
695 1526 739 1560 ab
765 1528 1001 1571 imperatore,
1037 1528 1174 1562 nomine
1200 1527 1376 1572 Maximo,
1412 1531 1503 1564 invi-

110 1594 204 1626 tatus
236 1590 363 1626 suisset
394 1594 428 1626 et
460 1590 615 1626 Martino
652 1591 811 1636 poculum
846 1594 956 1636 primo
986 1592 1112 1627 suisset
1144 1592 1319 1637 oblatum,
1354 1605 1503 1640 speran-

110 1657 204 1690 tibus
230 1658 377 1699 cunctiS,
402 1660 440 1691 ut
456 1661 537 1702 post
561 1667 601 1692 se
626 1659 704 1703 regi
730 1657 912 1700 tribueret,
939 1658 1135 1703 presbitero
1162 1669 1225 1693 suo
1252 1659 1349 1694 dedit
1373 1661 1504 1696 nullum

111 1723 302 1758 aestimans
332 1722 552 1769 digniorem,
579 1726 636 1769 qui
663 1727 745 1768 post
771 1733 808 1758 se
835 1723 980 1759 deberet
1004 1723 1144 1766 bibere,
1179 1729 1213 1760 et
1242 1724 1420 1772 indignum
1442 1728 1502 1773 Ju-

113 1788 256 1831 dicans,
291 1790 322 1822 si
353 1792 414 1823 aut
443 1799 561 1834 regem
598 1792 658 1823 aut
692 1791 789 1835 regis
824 1791 1001 1834 proximos
1036 1790 1235 1835 presbitero
1261 1793 1502 1835 praetulisset.

56 1870 90 1905 ,a
111 1853 246 1889 Multae
267 1855 481 1899 patientiae3
504 1859 635 1889 tantam
652 1856 741 1889 enim
763 1856 794 1889 in
807 1856 967 1890 omnibus
981 1857 1185 1900 patientiam
1201 1857 1377 1900 servabat,
1395 1858 1503 1903 quod,

113 1929 189 1954 cum
207 1923 302 1955 esset
319 1929 471 1955 summus
491 1920 673 1963 sacerdOS‚
699 1922 837 1966 impune
854 1932 962 1966 saepe
981 1931 1002 1955 a
1021 1921 1158 1956 clericis
1179 1922 1387 1958 laedebatur
1406 1935 1471 1960 nec
1485 1935 1506 1959 a

111 1994 177 2019 sua
204 1995 267 2020 eos
291 1990 439 2031 propter
463 1986 529 2021 hoe
555 1988 704 2022 caritate
729 1986 935 2031 repellebat.
984 1986 1092 2021 Nemo
1120 1987 1215 2022 illum
1240 1999 1390 2034 unquam
1418 1990 1505 2025 vidit

112 2050 249 2092 iratum,
274 2061 374 2085 nemo
399 2056 623 2093 moerentem,
649 2063 748 2087 nemo
770 2052 952 2094 ridentem,
978 2062 1149 2097 nunquam
1180 2055 1215 2087 in
1240 2054 1335 2088 iliius
1355 2065 1417 2090 ore
1438 2057 1506 2089 uisi

112 2114 287 2157 Christus,
306 2126 478 2161 nunquam
493 2117 632 2151 inillius
644 2117 748 2151 corde
762 2118 828 2150 nisi
841 2118 968 2161 pietas,
987 2117 1055 2150 nisi
1075 2127 1156 2161 pax,
1177 2119 1244 2151 nisi
1263 2120 1505 2155 misericordia

112 2182 236 2217 inerat.
285 2181 436 2228 Legitur
461 2192 599 2228 quoque
625 2183 660 2216 in
685 2181 867 2226 praedicto
893 2181 1065 2227 dyalogo,
1092 2182 1198 2227 quod,
1225 2182 1303 2217 dum
1328 2183 1504 2220 Martinus

113 2247 263 2293 quadam
289 2249 366 2283 vice
394 2249 429 2282 in
453 2252 552 2283 veste
577 2247 742 2293 hispida,
774 2249 876 2293 nigro
906 2251 940 2282 et
959 2247 1111 2292 pendulo
1129 2248 1238 2293 pallio
1260 2250 1503 2285 circumtectus

112 2323 220 2358 super
244 2313 391 2348 asellum
417 2313 644 2358 procederet,
672 2315 773 2360 equis
799 2313 843 2348 de
870 2318 993 2348 contra
1017 2313 1237 2348 venientibus
1264 2315 1507 2360 expavefactis

112 2377 242 2412 milites
266 2378 302 2412 in
321 2382 449 2413 terram
472 2379 564 2414 saltu
582 2381 769 2425 praecipiti
789 2388 828 2414 se
847 2379 1018 2414 dederunt
1036 2384 1071 2414 et
1087 2379 1275 2414 Martinum
1293 2382 1505 2425 arripientes

113 2444 272 2490 graviter
303 2443 589 2481 verberaverunt.
636 2445 700 2481 Ille
734 2449 848 2480 autem
875 2447 977 2491 quasi
1002 2449 1116 2480 mutus
1146 2445 1374 2480 caedentibus
1402 2450 1507 2492 terga

113 2508 321 2554 praebebat,
347 2508 410 2543 sed
437 2510 549 2554 magis
575 2510 626 2543 illi
653 2510 817 2545 furebant
842 2521 897 2553 eo,
923 2510 1018 2555 quod
1042 2510 1101 2545 ille
1127 2511 1229 2555 quasi
1253 2521 1322 2544 non
1348 2512 1505 2546 sentiens

115 2574 266 2610 verbera
288 2574 389 2609 illata
415 2578 634 2609 contemnere
660 2575 849 2612 videretur.
897 2576 1060 2611 Protinus
1079 2579 1193 2611 autem
1221 2576 1388 2611 animalia
1413 2576 1504 2612 adeo

184 2718 453 2752 1)Ed.1’r.legit:
477 2718 630 2747 cellula
651 2734 680 2740 —
701 2718 887 2755 tripedes.
991 2721 1020 2754 2)
1039 2720 1092 2749 Ed.
1112 2723 1156 2750 l’r,
1175 2724 1313 2750 tamen.
