1742 3005
514 138 610 189 Cap.
639 138 776 176 XLIII.
836 138 896 176 De
926 145 1055 176 sancta
1083 139 1248 176 Juliana.
1488 140 1565 178 177

177 241 380 277 Valentinus
413 250 519 276 orans
551 244 628 287 ejus
660 242 766 277 filiam
796 251 936 277 caecam
960 242 1168 278 illuminavit
1192 247 1226 278 et
1249 252 1368 277 omnes
1394 242 1436 278 de
1464 242 1564 277 domo

176 316 241 342 sua
263 308 445 341 convertit.
495 305 593 341 Tunc
620 308 809 351 Imperator
833 307 1053 342 Valentinum
1079 307 1245 343 decollari
1271 310 1449 353 praecepit
1473 310 1567 343 circa

177 381 300 406 aunum
326 370 453 406 domini
478 371 678 407 CCLXXX.

705 628 832 689 GAP.
887 625 1039 688 XLIII.

520 729 619 773 De
659 728 882 773 sancta
918 725 1206 774 Juliana.

268 835 409 871 ,Iuliana
434 835 512 870 dum
536 834 688 882 Eulogio
714 835 895 880 praesecto
921 835 1145 870 Nicomediae
1170 835 1383 880 desponsata
1412 840 1506 870 esset
1532 842 1566 871 et

179 900 287 935 nolle-t
311 900 379 934 sibi
404 901 624 946 aliquatenus
652 901 831 945 copulari,
864 901 931 933 uisi
956 901 1129 944 reciperet
1154 900 1253 934 tidem
1281 898 1428 940 Christi,
1457 901 1565 945 jussit

180 974 257 999 eam
288 969 389 1010 pater
421 976 503 999 suus
537 965 728 1010 exspoliari
766 969 800 999 et
832 966 1041 1010 gravissime
1075 965 1175 999 caedi
1209 974 1249 998 ac
1285 965 1352 1008 ipsi
1381 965 1564 1008 praesecto

178 1029 283 1064 tradi.
333 1030 395 1064 Cui
421 1031 621 1076 praefectus
650 1031 717 1063 ait:
752 1029 951 1063 dulcissima
978 1040 1054 1064 mea
1077 1029 1238 1071 Juliaua,
1266 1040 1327 1063 cur
1351 1040 1402 1064 mc
1428 1031 1478 1063 ita
1503 1029 1563 1064 de-

179 1094 316 1138 IusIsti,
369 1100 405 1130 ut
435 1106 489 1131 me
525 1097 574 1130 sic
607 1096 799 1130 renueres?
871 1095 934 1129 Cui
965 1094 1048 1129 illa:
1099 1097 1128 1129 si
1153 1099 1191 1128 tu
1225 1094 1430 1128 adoraveris
1456 1094 1562 1128 Deum

179 1169 311 1203 meum,
339 1162 560 1206 acquiescam
582 1160 660 1203 tibi,
690 1160 846 1205 alioquin
869 1169 1043 1204 nunquam
1069 1160 1227 1194 dominus
1253 1170 1347 1193 meus
1375 1161 1456 1193 eris.
1502 1159 1565 1194 Cui

179 1224 398 1268 praefectus:
446 1224 585 1260 domina
608 1235 705 1268 mea,
741 1224 807 1259 hoc
832 1224 948 1258 facere
973 1235 1042 1258 non
1066 1235 1230 1269 possum,
1269 1225 1351 1269 quia
1376 1225 1566 1268 imperator

180 1291 353 1335 amputari
378 1290 510 1326 faceret
533 1294 639 1335 caput
665 1300 784 1324 meum*
835 1288 899 1323 Cui
926 1288 1085 1324 Juliana:
1121 1291 1151 1322 si
1176 1291 1225 1322 ita
1248 1291 1348 1323 fimes
1374 1291 1565 1333 Imperato-

179 1365 252 1389 rem
276 1355 469 1397 mortalem,
497 1355 669 1400 quomodo
695 1356 748 1388 vis
764 1382 772 1396 ‚
796 1357 834 1387 ut
859 1355 1104 1397 imperatorem
1129 1364 1197 1387 non
1223 1355 1362 1388 timeam
1386 1355 1564 1388 immorta-

181 1420 277 1454 lem?
322 1419 391 1454 Fac
418 1418 586 1464 quidquid
612 1422 675 1462 vis,
703 1421 785 1465 quia
810 1428 862 1452 me
887 1417 1047 1462 decipere
1074 1429 1142 1452 nou
1167 1418 1314 1453 valebis.
1351 1418 1447 1453 Tunc
1462 1429 1566 1464 prae-

181 1484 291 1519 fectus
312 1486 421 1530 Jussit
444 1495 518 1519 eam
543 1486 752 1530 gravissime
779 1484 888 1528 virgis
913 1482 1014 1516 caedi
1038 1486 1073 1517 et
1098 1482 1239 1516 dimidia
1266 1482 1321 1517 die
1339 1493 1402 1527 per
1418 1484 1565 1527 capillos

181 1548 335 1594 appendi
358 1553 393 1583 et
416 1549 590 1594 plumbum
618 1549 843 1594 liquefactum
870 1549 904 1581 iu
935 1549 1050 1592 capIte
1076 1548 1151 1592 ejus
1178 1547 1286 1581 fundi.
1360 1548 1460 1587 Quod
1490 1558 1565 1582 cum

181 1612 267 1647 nihiI
292 1615 325 1647 ei
347 1615 543 1656 nocuisset,
570 1616 682 1659 ipsam
705 1615 838 1648 catenis
863 1613 988 1658 ligavit
1012 1616 1045 1646 et
1073 1613 1108 1645 in
1134 1622 1308 1646 carcerem
1332 1612 1494 1653 reclusit,
1521 1613 1566 1647 ad

182 1688 286 1724 quam
313 1680 407 1714 venit
431 1679 602 1724 dyabolus
629 1680 663 1712 in
689 1679 806 1724 specie
832 1678 951 1724 augeli
977 1677 1115 1711 dicens:
1138 1677 1292 1719 miliana,
1319 1687 1386 1721 ego
1412 1688 1564 1712 suman-

181 1743 283 1789 gelus
309 1743 456 1787 domini,
507 1745 565 1790 qui
592 1754 645 1778 me
671 1742 716 1777 ad
741 1747 776 1777 te
800 1745 913 1785 misit,
960 1747 997 1776 ut
1020 1747 1054 1777 te
1082 1742 1226 1777 debeam
1251 1752 1486 1783 commonere,
1528 1748 1565 1776 ut

180 1809 255 1844 Diis
280 1810 468 1851 sacrifices,
494 1819 537 1844 ne
564 1809 622 1843 diu
646 1809 812 1843 crucieriS
837 1812 871 1842 et
894 1812 961 1842 tam
989 1807 1081 1842 mala
1109 1811 1219 1841 morte
1245 1808 1418 1842 moriaris.
1469 1807 1566 1842 Tunc

181 1874 323 1910 Juliana
346 1874 433 1909 flens
459 1877 574 1909 oravit
601 1874 738 1909 dicens:
785 1873 921 1908 domine
945 1873 1039 1908 Deus
1066 1883 1181 1915 meus,
1230 1884 1272 1908 ne
1303 1873 1484 1917 permittas
1512 1884 1564 1909 me

181 1940 310 1984 perire,
336 1938 399 1974 sed
423 1939 568 1975 ostende
592 1938 687 1981 mihi,
714 1939 792 1984 quis
817 1942 883 1980 est,
913 1939 970 1983 qui
993 1937 1076 1972 mihi
1101 1938 1187 1971 talia
1213 1938 1414 1983 persuadet.
1456 1938 1565 1974 Facta

182 2007 237 2038 est
261 2003 306 2037 ad
329 2013 404 2038 eam
428 2015 510 2047 vox,
534 2009 570 2039 ut
596 2007 707 2050 ipsum
732 2002 1011 2049 apprehenderet
1038 2007 1093 2045 et,
1123 2005 1200 2048 quis
1227 2007 1341 2045 esset,
1368 2005 1479 2048 ipsum
1505 2016 1563 2040 co—

183 2071 285 2114 geret
308 2078 383 2102 eum
407 2068 573 2104 confiteri.
631 2070 727 2110 Quae
752 2079 827 2103 cum
853 2079 929 2103 eum
953 2070 1125 2103 tenuisset
1148 2073 1193 2106 et.
1223 2069 1299 2113 quis
1325 2073 1431 2110 esset,
1457 2071 1565 2105 inter-

182 2136 360 2178 rogasset,
386 2132 474 2167 dixit
498 2135 542 2176 ei,
567 2134 660 2180 quod
685 2134 831 2169 daemon
857 2138 952 2168 esset
975 2137 1008 2168 et
1035 2133 1128 2181 quod
1154 2133 1199 2167 ad
1223 2142 1299 2168 eam
1326 2132 1566 2178 decipiendam

184 2201 286 2241 pater
309 2207 391 2232 suus
414 2199 567 2233 misisset
593 2201 716 2245 ipsum.
791 2199 853 2234 Cui
878 2198 1038 2234 Juliana:
1089 2203 1123 2233 et
1151 2200 1228 2244 quis
1253 2201 1306 2232 est
1332 2202 1434 2242 pater
1456 2202 1565 2234 tuus?

184 2260 396 2306 Respondit:
428 2263 649 2306 Beelzebub,
686 2265 744 2309 qui
772 2264 817 2298 ad
841 2265 956 2298 omnia
980 2264 1073 2298 mala
1098 2275 1163 2298 nos
1190 2263 1310 2309 dirigit
1335 2267 1370 2298 et
1392 2264 1476 2298 facit
1500 2276 1563 2299 nos

183 2326 342 2371 graviter
365 2327 557 2371 verberari,
586 2330 746 2373 quotiens
773 2338 795 2362 a
818 2328 1018 2363 christIanis
1047 2329 1211 2364 fuerimus
1236 2329 1405 2372 superati,
1434 2332 1468 2361 ct
1485 2328 1563 2362 ideo

154 2430 158 2432 ,
183 2391 276 2432 seio,
302 2390 395 2435 quod
416 2391 508 2426 malo
533 2403 609 2427 meo
633 2392 699 2426 huc
725 2394 824 2435 veni,
865 2395 947 2438 quia
972 2398 1006 2428 te
1031 2403 1200 2438 superare
1224 2402 1292 2425 non
1316 2393 1424 2435 potui.
1472 2391 1566 2427 Inter

183 2454 267 2497 alia,
292 2464 382 2499 quae
405 2456 588 2491 consessus
617 2460 682 2499 est,
708 2442 808 2499 dixit,
834 2459 917 2502 quia
935 2461 1016 2491 tune
1040 2458 1187 2491 maxime
1208 2465 1229 2489 a
1247 2454 1446 2489 christianis
1467 2456 1564 2491 elon-

181 2523 307 2565 gatur,
355 2520 494 2565 quando
527 2522 717 2555 misterium
749 2520 911 2555 dominici
952 2523 1111 2565 corporis
1153 2519 1327 2566 agebatur
1357 2523 1393 2553 et
1426 2521 1563 2565 quando

183 2585 360 2619 orationes
391 2589 426 2619 et
449 2584 732 2630 praedicationes
755 2584 895 2619 fiebant.
948 2584 1046 2619 Tunc
1076 2584 1217 2620 Juliana
1239 2588 1430 2618 retrorsum
1452 2587 1564 2619 mani-

181 2647 247 2683 bus
270 2650 382 2694 ipsum
404 2649 531 2695 ligavit
555 2653 589 2685 et
614 2650 660 2684 ad
691 2654 820 2684 terram
852 2650 965 2694 ipsum
1000 2649 1167 2693 dejiciens
1192 2659 1267 2682 cum
1291 2651 1434 2691 catena,
1488 2659 1563 2684 cum

184 2722 252 2757 qua
277 2718 355 2750 erat
377 2715 511 2761 ligata,
550 2716 662 2760 ipsum
689 2714 872 2749 durissime
898 2713 1118 2756 verberavit,
1159 2713 1330 2758 dyabolus
1355 2718 1469 2748 autem
1492 2714 1564 2748 cla-

1241 2779 1285 2812 12
