1742 3005
226 118 320 166 Cap.
353 117 536 154 CLXXX.
596 118 654 154 De
685 117 823 153 sanctis
854 116 1026 152 marinam
1059 124 1095 153 et
1124 118 1319 168 josaphat.
1388 118 1469 156 815

84 225 148 258 tris
174 223 248 264 tui,
272 222 328 256 cui
353 220 438 255 nihil
465 225 500 255 te
524 221 717 266 deliquisse
745 222 952 266 cognoscis,
982 221 1069 256 adeo
1094 223 1260 265 timuisti,
1296 225 1467 268 quomodo

85 297 277 334 praecones
303 287 432 321 domini
458 288 547 328 mei,
574 288 606 320 in
634 297 733 332 quem
757 287 846 321 adeo
873 289 1038 332 peccavi,
1067 289 1190 322 timere
1216 299 1284 322 non
1311 289 1468 327 debeam.

84 356 144 400 qui
178 353 374 389 sonabilius
408 353 494 387 tuba
527 352 609 386 mihi
641 356 783 387 mortem
819 352 1021 397 significant
1052 358 1087 388 et
1118 354 1307 389 terribilem
1338 356 1468 400 judicis

83 420 267 455 adventum
306 419 388 452 mihi
414 418 647 453 denumiant?
695 418 826 452 Deinde
856 422 1006 461 quatuor
1030 428 1155 463 capsas
1188 420 1262 454 lieri
1294 421 1403 465 jussit
1436 426 1469 457 et

85 486 172 520 duas
199 495 315 520 earum
345 485 560 519 extrinsecus
587 494 672 517 auro
696 484 850 527 undique
876 484 1006 526 operiri
1035 487 1069 517 et
1098 484 1237 518 ossibus
1257 491 1466 521 mortuorum

83 550 235 596 putridis
258 550 405 594 impleri,
428 548 515 582 duas
533 559 613 582 vero
634 550 710 592 pice
730 548 822 581 liniri
842 552 875 582 et
886 550 1030 593 gemmis
1044 551 1289 595 etmargaritis
1303 554 1468 595 pretiosis

83 616 221 661 impleri
246 617 349 657 fecit,
375 623 575 658 vocansque
601 613 681 647 illos
707 616 901 658 magnates,
939 624 1026 658 quos
1054 614 1189 649 sciebat
1219 618 1466 661 querimoniam

83 681 175 726 apud
206 681 346 714 fratrem
373 679 600 724 deposuisse,
627 682 778 724 quatuor
803 679 881 713 illas
914 689 1041 724 capsas
1067 685 1148 715 ante
1184 691 1245 716 eos
1278 684 1396 726 posuit
1421 688 1466 724 et,

83 757 173 793 quae
192 747 423 791 pretiosiores
445 748 575 786 essent,
602 746 794 790 inquisivit.
843 744 897 779 llli
922 756 1003 780 vero
1032 746 1117 780 duas
1145 746 1332 782 deauratas
1350 751 1468 795 magni

83 823 163 848 esse
186 813 313 857 pretii,
347 812 502 856 reliquas
538 821 620 844 vero
647 810 725 844 vilis
751 811 853 854 pretii
880 820 959 845 esse
980 811 1238 855 judicaverunt.
1284 814 1468 859 Praecepit

83 879 194 923 igitur
225 887 288 912 rex
324 876 512 911 deauratas
546 877 676 920 aperiri
712 880 746 910 et
781 877 943 910 continuo
969 876 1048 910 inde
1083 877 1198 911 foetor
1232 880 1467 913 intolerabilis

84 944 267 977 emanavit.
317 942 450 982 Quibus
476 952 556 976 rex:
581 941 646 975 hae
672 941 741 975 illis
769 942 899 976 similes
927 946 1016 982 sunt,
1043 943 1099 986 qui
1122 943 1291 987 gloriosis
1310 945 1466 979 vestibus

83 1013 164 1043 sunt
196 1009 331 1050 amicti,
369 1009 460 1041 intus
493 1017 575 1041 vero
610 1006 824 1041 immunditia
859 1009 1019 1042 vitiorum
1055 1008 1160 1052 pleni.
1209 1008 1343 1044 Deinde
1377 1011 1466 1044 alias

82 1075 214 1119 aperiri
246 1074 331 1108 secit
364 1078 399 1107 et
431 1082 511 1107 ecee
548 1072 637 1106 odor
668 1072 839 1107 mirabilis
874 1073 954 1107 inde
987 1073 1178 1110 exhalavit.
1228 1074 1359 1114 Quibus
1385 1087 1466 1110 rex:

82 1141 173 1173 istae
198 1138 270 1172 illis
296 1139 547 1183 pauperrimis,
583 1148 670 1183 quos
698 1137 886 1179 honoravi,
924 1140 1055 1174 similes
1082 1144 1183 1182 sunt,
1213 1142 1290 1185 qui,
1324 1142 1388 1175 etsi
1416 1143 1465 1175 vi-

82 1205 174 1239 libus
199 1205 416 1239 vestimentis
442 1205 665 1249 operiantur,
700 1205 791 1237 intus
816 1208 929 1239 tamen
962 1206 1052 1238 omni
1088 1207 1247 1239 virtutum
1275 1205 1383 1240 odore
1409 1217 1466 1240 re-

83 1270 283 1316 splendent;
310 1280 373 1304 vos
399 1274 512 1304 autem
539 1269 662 1311 solum,
690 1279 779 1314 quae
806 1269 849 1304 de
876 1270 963 1304 soris
992 1274 1082 1313 sunt,
1110 1272 1291 1306 attenditis
1319 1277 1353 1307 et
1378 1282 1467 1317 quae

82 1337 126 1372 de
152 1338 245 1371 intus
270 1338 371 1377 sunt,
407 1345 474 1369 non
501 1334 746 1370 consideratis.
795 1335 989 1370 Secundum
1016 1338 1124 1382 igitur
1153 1337 1246 1371 illum
1279 1348 1398 1383 regem
1430 1343 1467 1372 tu

83 1412 223 1448 qnoque
254 1401 368 1436 fecisti
400 1400 489 1435 bene
530 1402 726 1444 suscipiens
760 1411 823 1435 me.
882 1401 1124 1446 incipiensque
1165 1403 1275 1448 igitur
1306 1402 1467 1437 Barlaam

82 1468 201 1512 eoepit
240 1470 274 1501 et
314 1466 357 1501 de
388 1465 503 1500 mundi
533 1467 713 1501 creatione
745 1470 779 1501 et
810 1466 960 1501 hominis
993 1469 1295 1511 praevaricatione
1332 1479 1372 1503 ac
1406 1468 1466 1502 tilii

83 1533 147 1568 Dei
175 1532 435 1573 incarnatione,
467 1532 633 1576 passione
662 1536 696 1566 et
719 1533 975 1567 resurrectione
999 1533 1139 1578 longum
1167 1543 1359 1567 sermonem
1384 1543 1466 1567 eon-

82 1603 207 1633 texerev
220 1608 353 1632 necnon
372 1601 407 1632 et
427 1596 470 1632 de
488 1597 544 1631 die
557 1597 683 1642 judieii
704 1601 736 1632 et
757 1598 800 1632 de
815 1597 1042 1632 retributione
1060 1599 1228 1632 honorum
1248 1598 1465 1632 etmalorum

84 1663 192 1698 multa
229 1663 389 1707 prolerre
430 1667 465 1697 et
510 1664 703 1697 servientes
737 1664 849 1708 ydolis
883 1664 1066 1708 plurimum
1101 1663 1315 1708 exprobrare
1349 1674 1390 1698 ac
1424 1664 1467 1699 de

85 1739 203 1763 eorum
236 1727 398 1763 fatuitate
422 1729 492 1763 tale
518 1728 709 1773 exemplum
739 1739 870 1773 ponere
905 1728 1035 1763 dicens.
1085 1729 1300 1775 Sagittarius
1328 1730 1467 1775 quidam

83 1794 251 1828 aviculam
276 1803 431 1838 parvam,
456 1795 594 1828 nomine
620 1794 864 1839 philomenam,
890 1796 1033 1838 capiens
1059 1804 1134 1828 eum
1160 1795 1264 1829 vellet
1281 1806 1355 1830 eam
1375 1797 1468 1830 oeci-

80 1859 191 1903 dere,
216 1869 285 1894 vox
310 1858 393 1894 data
417 1863 471 1894 est
496 1858 718 1904 philomenae
743 1863 778 1894 et
800 1861 865 1893 ait:
902 1859 984 1905 quid
1010 1860 1074 1893 tibi
1101 1860 1278 1904 proderit,
1305 1872 1324 1895 ο
1350 1861 1467 1902 homo,

83 1926 114 1960 si
140 1935 192 1959 me
218 1924 417 1959 occideris?
450 1935 563 1970 neque
589 1927 677 1961 enim
702 1929 855 1960 ventrem
880 1929 974 1959 tuum
1000 1925 1042 1960 de
1068 1936 1120 1960 me
1148 1927 1292 1971 implere
1319 1927 1467 1968 valebis,

85 1989 162 2032 sed,
189 1990 221 2024 si
245 1999 298 2025 me
323 1989 498 2026 dimittere
523 1991 648 2034 velles,
673 1992 742 2025 tria
766 1990 831 2024 tibi
858 1990 1021 2024 mandata
1048 1990 1178 2033 darem,
1212 2002 1301 2037 quae
1329 1994 1357 2026 si
1385 1992 1466 2026 dili-

85 2056 226 2099 gentius
265 2064 514 2097 conservares,
563 2065 723 2100 magnam
771 2055 852 2090 inde
884 2056 1076 2089 utilitatem
1117 2058 1288 2100 consequi
1328 2067 1466 2100 posses.

83 2118 148 2154 Ille
173 2128 256 2153 vero
283 2117 329 2153 ad
354 2119 430 2163 eJus
456 2119 630 2163 loquelam
655 2119 872 2163 stupefactus
898 2120 1068 2164 promisit,
1095 2119 1187 2164 quod
1213 2130 1286 2154 eam
1313 2121 1466 2155 dimitte—

84 2187 157 2227 ret,
182 2185 215 2218 si
239 2183 330 2219 haec
354 2183 422 2218 sibi
448 2183 613 2218 mandata
637 2184 823 2228 proferret.
871 2182 915 2218 Et
940 2184 1021 2218 illa:
1053 2194 1225 2229 nunquam
1251 2197 1342 2229 rem,
1376 2196 1468 2232 quae

84 2248 302 2293 apprehendi
325 2259 394 2283 non
418 2252 558 2294 potest,
591 2249 858 2294 apprehendere
885 2249 1047 2291 studeas3
1082 2249 1125 2284 de
1153 2260 1190 2284 re
1213 2251 1354 2296 perdita
1379 2253 1466 2287 irre-

83 2313 281 2358 cuperabili
311 2313 486 2360 nunquam
517 2314 661 2358 doleas;
698 2314 838 2350 verbum
874 2315 1082 2350 incredibile
1116 2326 1288 2362 nunquam
1323 2316 1467 2357 credas;

85 2377 173 2412 haec
195 2379 265 2412 tria
289 2379 428 2413 custodi
453 2383 488 2414 et
510 2380 600 2416 bene
624 2381 689 2415 tibi
713 2381 790 2416 erit,
837 2379 899 2416 Ille
924 2385 1057 2425 autem,
1083 2385 1121 2416 ut
1145 2384 1364 2426 promiserat,
1390 2391 1466 2416 eam

85 2442 236 2485 dimisit,
275 2442 477 2487 philomena
517 2446 626 2490 igitur
657 2457 719 2490 per
752 2450 837 2481 aera
871 2447 1021 2481 volitans
1055 2447 1142 2481 dixit
1171 2448 1225 2482 ei:
1264 2447 1353 2481 vach
1389 2446 1467 2489 tibi,

85 2506 210 2550 homo,
243 2507 338 2552 quod
365 2508 489 2542 malum
516 2510 698 2544 consilium
724 2510 879 2545 habuisti
903 2515 938 2545 et
961 2511 1054 2556 quod
1080 2522 1241 2557 magnum
1265 2511 1467 2546 thesaurum

85 2571 190 2607 hodie
222 2571 428 2617 perdidisti,
473 2576 527 2608 est
565 2575 653 2608 enim
692 2576 729 2608 in
766 2576 851 2610 meis
889 2575 1084 2610 visceribus
1119 2578 1330 2622 margarita,
1376 2587 1469 2622 quae

87 2636 292 2672 struthionis
323 2648 422 2673 ovum
450 2647 515 2672 sua
542 2639 649 2673 vincit
671 2638 921 2684 magnitudine.
959 2634 1070 2680 'Quod
1102 2640 1163 2675 ille
1187 2641 1334 2676 audiens
1364 2641 1468 2677 valde

86 2702 313 2739 contristatus
338 2707 413 2748 est,
446 2703 539 2748 quod
573 2713 648 2739 eam
682 2703 870 2747 dimiserit,
906 2707 940 2740 et
966 2714 1040 2740 eam
1067 2705 1332 2751 apprehendere
1358 2717 1465 2742 cona-
