1742 3005
392 88 490 138 Cap.
524 87 697 126 CXXIV.
758 88 816 126 De
847 96 977 126 sancto
1010 89 1232 140 Augustino.
1426 87 1506 128 553

122 195 156 227 et
181 192 441 237 praedieatIOne
473 193 651 229 Ambrosii
688 203 822 229 sacrum
849 194 1022 239 baptisma
1047 196 1213 240 suscepit.
1264 195 1382 238 Tunc,
1418 198 1509 231 sicut

122 258 250 301 l'ertur,
281 259 504 294 Ambrosius:
538 264 573 295 te
597 259 704 294 Deum
731 259 937 296 laudamus.
971 261 1100 305 inquit,
1137 264 1170 296 et
1194 262 1434 307 Augustinus:
1473 265 1508 297 te

120 322 294 358 dominum
320 324 540 368 confitemur,
576 325 758 370 respondit
792 330 825 360 et
854 327 904 360 sic
940 330 1021 360 tunc
1047 327 1112 370 ipsi
1139 326 1206 360 duo
1235 326 1323 361 hunc
1348 326 1507 372 hymnum

121 387 319 424 alterna-tim
353 395 622 436 composuerunt
656 395 691 426 et
724 401 834 435 usque
869 392 903 424 in
937 390 1037 424 finem
1081 390 1375 434 decantaverunt,
1417 393 1509 426 sicut

121 455 225 487 etiam
242 459 393 490 testatur
408 456 582 490 Honorius
608 458 642 489 in
667 455 758 489 libro
783 465 860 496 suo,
888 456 946 499 qui
973 454 1098 489 dicitur
1121 456 1296 499 speculum
1324 456 1507 491 ecclesiae.

119 517 155 552 In
182 519 358 565 aliquibus
383 525 497 555 autem
521 521 621 554 libris
649 521 802 564 antiquis
820 520 942 554 titulus
962 520 1044 553 talis
1062 522 1309 564 praeponitur:
1335 522 1507 555 canticum

120 584 164 618 ab
190 584 375 619 Ambrosio
401 590 435 619 et
459 585 658 631 Augustino
683 585 916 629 compilatum.
964 585 1127 620 Protinus
1154 590 1268 620 autem
1296 587 1329 619 in
1355 585 1423 620 fide
1447 596 1506 620 ca—

119 649 252 683 tholica
294 649 504 685 mirabiliter
545 649 786 692 confirmatur,
832 660 928 695 spem
956 661 1108 693 omnem,
1153 661 1254 696 quam
1289 650 1443 686 hahebat
1473 654 1508 686 in

118 714 280 756 saeculo,
307 714 495 762 dereliquit
520 721 554 751 et
579 716 723 758 scholis,
751 725 837 760 quas
863 715 1025 761 regebat,
1052 715 1322 751 abrenuntiavit.
1372 717 1509 757 Quanta

117 783 232 814 autem
268 779 451 816 dulcedine
484 782 593 817 divini
627 783 757 816 amoris
784 785 910 816 extunc
936 781 1127 824 frueretur,
1162 782 1238 826 ipse
1265 784 1299 816 in
1325 781 1390 816 hoc
1415 783 1506 817 libro

116 845 377 880 confessionum
402 848 517 892 aperit
543 847 682 882 dicens:
724 848 961 892 sagittaveras
994 851 1031 881 tu
1057 858 1117 881 cor
1142 858 1251 882 meum
1275 850 1422 882 caritate
1448 854 1508 884 tua

119 914 154 945 et
177 910 360 956 gestabam
386 913 495 947 verba
519 917 580 947 tua
604 911 774 947 transfixa
798 914 833 946 in
859 911 1052 946 visceribus
1078 916 1112 946 et
1138 913 1298 957 exempla
1325 923 1506 948 servorum

117 980 276 1019 tuorum,
312 988 400 1022 quos
426 977 469 1012 de
494 979 606 1023 nigris
642 977 777 1012 lucidos
811 981 845 1012 et
879 977 922 1012 de
948 979 1092 1012 mortuis
1118 979 1216 1012 vivos
1245 978 1393 1021 seceraS,
1422 991 1505 1014 con-

116 1047 222 1088 gesta
254 1044 289 1076 in
323 1044 433 1077 sinum
470 1045 696 1089 cogitationis
730 1054 828 1078 meae
862 1042 1013 1078 urebant
1045 1048 1079 1078 et
1113 1045 1339 1078 assumebant
1363 1055 1505 1090 gravem

116 1112 294 1152 torporem
321 1113 353 1143 et
381 1108 609 1143 adscendenti
630 1119 651 1143 a
674 1108 835 1143 convalle
862 1108 1072 1153 plorationis
1100 1113 1133 1143 et
1158 1111 1310 1143 cantanti
1337 1112 1507 1145 canticum

115 1172 286 1218 graduum
312 1173 462 1209 dederas
488 1177 638 1220 sagittas
656 1179 778 1209 acutas
801 1179 835 1209 et
861 1174 1033 1209 carbones
1054 1179 1251 1209 vastatores
1271 1185 1332 1209 nec
1349 1176 1508 1211 satiabar

115 1239 151 1271 in
185 1238 256 1272 illis
293 1239 416 1274 diebus
451 1240 636 1274 dulcedine
667 1240 821 1274 mirabili
859 1240 1086 1276 considerare
1120 1241 1336 1275 altitudinem
1368 1242 1507 1276 consilii

115 1303 225 1338 divini
251 1315 358 1350 super
382 1305 528 1339 salutem
554 1307 696 1351 generis
723 1305 877 1343 humani,
927 1306 1099 1345 Quantum
1138 1306 1219 1340 ssevi
1248 1307 1281 1340 in
1312 1306 1446 1351 hymnis
1473 1312 1508 1342 et

115 1371 260 1403 canticis
289 1372 358 1403 tuis
392 1381 501 1405 suave
539 1372 696 1405 sonantis
731 1371 905 1406 ecclesiae
946 1372 1088 1407 vocibus
1132 1377 1321 1406 commotus
1364 1375 1506 1415 acriter⁷

115 1444 221 1469 voces
245 1435 328 1469 illae
356 1435 547 1470 influebant
573 1435 716 1470 auribus
741 1438 827 1472 meis
853 1442 888 1471 et
913 1436 1135 1482 eliquabatur
1160 1439 1289 1472 veritas
1315 1443 1375 1472 tua
1393 1440 1426 1472 in
1445 1450 1506 1473 cor

115 1511 225 1535 meum
266 1505 300 1536 et
334 1501 521 1536 currebant
554 1502 730 1547 lacrymae
762 1506 796 1536 et
827 1501 916 1537 bene
959 1502 1041 1536 mihi
1078 1507 1155 1537 erat
1187 1514 1260 1536 cum
1296 1504 1353 1538 iis.
1404 1503 1505 1538 Tunc

116 1567 206 1601 euim
229 1568 265 1601 in
290 1566 442 1602 ecclesia
466 1566 724 1603 Mediolanensi
751 1566 838 1603 haec
864 1569 1000 1601 cantica
1032 1569 1192 1602 instituta
1223 1573 1313 1603 sunt.
1362 1567 1406 1603 Et
1431 1570 1503 1604 cla-

115 1632 251 1666 mabam
276 1632 428 1667 clamore
452 1633 524 1667 alto
553 1633 669 1667 cordis
695 1635 781 1668 mei:
815 1644 835 1667 o
861 1635 894 1667 in
919 1644 1026 1678 pace,
1062 1644 1081 1667 ο
1109 1634 1143 1667 in
1169 1633 1204 1667 id
1232 1635 1365 1678 ipsum,
1400 1646 1419 1669 0
1446 1637 1505 1680 qui

115 1699 222 1733 dixit:
249 1698 415 1733 dormiam
435 1703 469 1733 et
484 1699 699 1744 requiescam
719 1703 753 1734 et
769 1709 924 1733 somnum
953 1700 1100 1743 capiam.
1151 1699 1206 1733 Tu
1233 1711 1270 1733 es
1299 1702 1387 1734 enim
1410 1702 1443 1734 in
1470 1701 1505 1734 id

113 1765 237 1809 ipsum,
257 1766 316 1809 qui
337 1775 405 1799 non
421 1766 578 1807 mutaris,
604 1769 638 1799 et
656 1766 691 1798 iu
708 1768 742 1799 te
764 1766 903 1810 requies
924 1764 1138 1799 obliviscens
1157 1764 1317 1799 laborum
1335 1768 1503 1808 omnium3

111 1830 274 1876 legebam
293 1834 402 1864 totum
421 1830 589 1874 psalmum
607 1829 702 1864 illum
723 1834 757 1864 et
781 1829 958 1871 ardebam,
987 1831 1046 1875 qui
1074 1830 1205 1864 fueram
1228 1830 1378 1864 latrator
1406 1841 1503 1865 ama-

113 1905 172 1929 rus
201 1899 236 1930 et
259 1905 385 1930 caecus
412 1895 581 1930 adversus
605 1895 742 1930 litteras
768 1894 811 1930 de
838 1895 940 1930 melle
969 1895 1059 1930 coeli
1084 1895 1236 1930 mellitas
1260 1895 1354 1931 etde
1375 1896 1502 1931 lumino

111 1964 173 1993 tuo
197 1960 390 1994 luminosas
427 1965 461 1996 et
488 1971 595 2005 super
619 1962 812 2005 scripturas
849 1959 1051 2005 hujusmodi
1076 1961 1324 2003 tabescebam,
1364 1961 1504 1996 Christe

112 2023 198 2059 Jesu
230 2024 371 2069 adjutor
404 2034 521 2067 meus,
569 2035 670 2069 quam
708 2035 815 2060 suave
847 2025 931 2059 mihi
967 2025 1083 2059 subito
1122 2030 1176 2060 est
1208 2026 1334 2059 sactum
1382 2036 1504 2061 carere

114 2088 349 2124 suavitatibus
374 2098 545 2133 nugarum
571 2099 736 2130 mearum,
765 2093 800 2124 et
826 2099 913 2134 quas
939 2091 1099 2124 amittere
1122 2094 1234 2124 metus
1260 2090 1395 2131 suerat,
1429 2091 1503 2135 Jam

115 2154 288 2188 dimittere
323 2153 488 2198 gaudium
525 2158 612 2188 erat.
660 2153 840 2198 Ejicicbas
874 2156 963 2189 enim
997 2164 1059 2189 eas
1097 2163 1119 2188 a
1147 2165 1224 2198 me,
1268 2165 1352 2189 vera
1391 2159 1428 2190 tu
1470 2161 1504 2190 et

114 2229 248 2254 summa
272 2220 444 2262 suavitas,
471 2218 641 2263 ejiciebas
678 2223 712 2254 et
736 2219 893 2254 intrabas
920 2230 983 2264 pro
1010 2221 1052 2254 iis
1085 2221 1177 2254 omni
1212 2219 1392 2265 voluptate
1424 2221 1501 2256 dul-

113 2286 207 2326 cior,
240 2283 304 2319 sed
337 2294 406 2318 non
443 2285 539 2318 carni
572 2289 607 2319 et
643 2286 827 2330 sanguini,
870 2286 971 2323 omnir
998 2284 1076 2320 luce
1108 2285 1259 2327 clarior,
1305 2286 1368 2320 sed
1411 2289 1504 2321 omni

113 2352 251 2385 secreto
278 2350 444 2391 interior,
471 2350 562 2383 omni
586 2348 719 2385 honore
744 2350 948 2393 sublimior,
980 2350 1043 2385 sed
1067 2361 1136 2384 non
1159 2350 1366 2385 sublimibus
1392 2352 1425 2384 in
1450 2361 1501 2386 se.

112 2414 198 2450 Post
231 2414 300 2448 hoe
333 2416 498 2449 assumtis
533 2415 712 2450 Nebrodio
746 2419 781 2450 et
812 2414 948 2450 Euodio
983 2419 1018 2450 et
1051 2420 1161 2451 matre
1194 2415 1240 2450 ad
1264 2415 1417 2450 Africam
1444 2426 1501 2450 re-

112 2479 273 2521 meabat,
300 2478 363 2514 sed
389 2490 464 2514 cum
491 2484 609 2515 essent
636 2479 729 2525 apud
754 2480 911 2515 Hostiam
944 2480 1176 2526 T3·beri11am,
1203 2481 1263 2526 pia
1289 2484 1400 2515 mater
1425 2482 1501 2526 eJus

114 2545 279 2580 defuncta
304 2549 371 2580 est.
417 2543 502 2580 Post
529 2545 628 2590 cujus
654 2549 799 2580 mortem
824 2555 989 2583 reversus
1015 2549 1069 2581 est
1084 2546 1302 2592 Augustinus
1330 2545 1376 2580 ad
1394 2556 1501 2592 agros

114 2611 290 2655 proprios,
319 2609 377 2644 ubi
404 2621 478 2645 cum
504 2609 580 2653 his,
610 2612 670 2656 qui
693 2610 762 2645 sibi
786 2609 1039 2654 adhaerebant,
1061 2612 1209 2656 jejuniis
1232 2617 1266 2648 et
1283 2612 1501 2648 orationibus

114 2674 188 2710 Deo
216 2675 384 2719 vacabat,
419 2676 531 2710 libros
565 2675 745 2712 scrihebat
781 2680 816 2712 ei
852 2675 1010 2711 indoctos
1045 2676 1202 2712 docebat.
1250 2677 1355 2713 Fama
1386 2682 1500 2713 autem
