1742 3005
191 74 284 121 (λῳ.
319 72 379 108 vi.
440 73 496 107 De
529 71 720 107 natixitate
752 69 893 105 domini
927 71 1042 106 nostri
1070 70 1160 105 jesu
1194 71 1348 106 (jin-isti.
1409 71 1459 107 43

80 178 222 220 spiritus
255 179 394 210 sanctus
430 175 471 209 de
508 175 702 219 purissimis
736 179 770 208 et
803 175 1008 208 castissimis
1048 174 1278 220 sanguinibus
1320 176 1466 219 uirginis

81 243 215 285 accepit
240 245 273 275 et
296 240 374 275 inde
399 250 525 285 corpus
552 240 636 273 illud
665 240 837 274 formavit.
910 239 956 274 Et
981 241 1030 274 sie
1057 243 1215 284 quartum
1245 239 1378 273 modum
1405 242 1459 272 mir

82 306 224 341 rabilem
261 305 411 340 faciendi
447 305 618 340 hominem
651 298 743 340 Deus
771 305 936 340 ostendit.
1008 305 1093 340 Nam
1121 307 1210 339 sicut
1234 305 1317 339 dicit
1341 306 1457 339 Ansel

81 382 175 406 mus:
203 371 293 406 Deus
321 376 436 416 potest
461 377 609 416 quatuor
635 371 746 405 modis
773 369 943 404 hominem
971 371 1108 413 facere,
1143 371 1275 405 seilicet
1301 372 1375 405 sine
1404 370 1447 405 lio

82 439 170 472 mine
196 442 230 472 et
255 437 393 477 semina,
420 439 508 471 sieut
535 437 616 470 feeit
639 436 762 477 Adam,
791 436 833 470 de
861 436 996 470 homine
1023 438 1097 470 sine
1124 436 1274 477 semina,
1300 438 1389 470 sicut
1416 437 1466 470 se*-

81 506 125 537 rit
152 503 280 545 Evam,
317 503 358 537 de
387 502 522 536 homine
550 505 584 536 et
609 502 758 542 semina,
805 503 895 535 sicut
919 503 1106 535 communis
1133 501 1259 546 prohat
1288 512 1390 543 usus,
1425 502 1467 536 de

84 570 210 603 semina
233 571 308 602 sine
334 569 430 608 viro,
457 568 546 600 sieut
572 566 674 601 hodie
698 566 910 602 mirabiliter
936 568 1062 601 sactum
1089 570 1153 601 est.
1203 566 1363 601 Secundo
1391 571 1466 613 ‹=jus

82 635 246 668 nativitas
281 632 345 666 suit
377 631 614 676 multipliciter
649 635 803 667 ostensa.
877 632 1028 667 Ostensa
1061 636 1114 667 est
1146 633 1235 667 enim
1261 644 1323 677 per
1349 645 1468 669 omnes

81 698 212 745 gradus
237 703 485 733 creaturarum.
510 697 573 732 Est
597 700 686 732 enim
713 698 884 743 quaedam
908 702 1084 740 creatura,
1113 703 1347 742 quaetantum
1363 699 1469 736 habet

83 775 174 807 esse,
201 765 290 798 sicut
314 775 399 809 pure
427 774 610 810 corporea,
638 768 673 798 ut
698 764 855 809 lapIdes3
884 764 1055 809 quaedam
1082 773 1171 808 quae
1198 763 1304 799 hahet
1329 777 1407 801 esse
1436 773 1467 801 et

84 832 222 872 vivere,
258 832 347 865 sieut
370 830 586 876 vegetabilia
611 835 645 865 et
669 829 838 871 arbores;
889 829 1059 875 quaedam
1088 839 1177 873 quae
1202 829 1310 865 habet
1335 843 1412 867 esse
1436 839 1468 867 et

85 898 201 930 vivere
227 903 262 931 et
287 898 416 931 sentire
432 924 439 937 ‚
465 898 554 931 sieut
578 896 762 937 animalia3
807 895 999 941 quaedam,
1042 906 1131 940 quae
1157 895 1263 930 hahet
1289 908 1387 940 esse,
1419 901 1468 932 vi-

84 972 185 1004 vere,
212 964 340 997 sentire
368 967 401 997 et
426 962 644 1003 discernere,
672 964 761 996 sicut
788 961 908 1003 liomo;
949 961 1119 1006 quaedam
1146 972 1235 1006 quae
1260 962 1365 997 habet
1391 975 1468 999 esse

85 1029 220 1070 vivere,
256 1030 406 1070 sentire,
443 1028 642 1063 discernere
675 1032 709 1062 et
732 1028 950 1072 intelligere,
984 1029 1073 1061 sicut
1098 1028 1256 1073 angelus.
1315 1029 1381 1064 Per
1406 1030 1469 1064 has

85 1104 202 1128 omnes
226 1098 406 1129 creaturas
421 1094 537 1129 ”hodie
565 1093 695 1129 Christi
718 1095 884 1127 nativitas
911 1097 963 1127 est
988 1098 1142 1127 ostensa.
1217 1094 1332 1129 Prima
1356 1101 1468 1131 autem

83 1163 256 1202 ereatura⁷
282 1160 317 1194 id
342 1164 407 1202 est,
434 1170 519 1205 pure
544 1169 728 1204 corporea,
752 1159 879 1204 triplex
906 1163 971 1201 est,
998 1159 1131 1193 scilicet
1158 1170 1281 1204 opaea,
1307 1165 1470 1207 transpa-

85 1235 165 1260 rens
188 1227 262 1261 sive
289 1228 429 1271 pervia,
465 1231 500 1261 et
524 1225 651 1260 lucida.
700 1225 813 1259 Primo
829 1235 925 1270 *ergo
952 1230 1095 1260 ostensa
1118 1230 1171 1260 est
1196 1237 1258 1270 per
1283 1238 1368 1271 pure
1394 1239 1470 1262 eor<

87 1301 227 1335 peream
260 1302 426 1337 opacam,
475 1294 564 1326 sicut
586 1302 649 1336 per
685 1290 955 1324 destructionem
989 1292 1107 1335 templi
1134 1291 1384 1335 Romanorum,
1438 1300 1471 1328 ut

86 1367 194 1402 supra
218 1357 489 1391 demonstratum
514 1361 587 1398 est,
640 1361 675 1390 et
709 1366 771 1400 per
806 1357 937 1389 ruinam
965 1358 1067 1390 etiam
1095 1357 1239 1391 aliarum
1268 1362 1472 1401 statuarum,

87 1433 176 1466 quae
200 1426 280 1456 tune
304 1424 338 1457 in
364 1424 442 1457 aliis
468 1422 553 1456 loeis
579 1422 736 1466 plurimis
761 1421 969 1455 cecideruut.
1030 1423 1179 1467 Legitur
1213 1426 1316 1458 etiam
1351 1427 1385 1459 in
1411 1425 1472 1471 hy-

86 1491 197 1523 storia
228 1489 459 1531 selwlasstea,
511 1488 603 1533 quod
637 1487 807 1523 Jeremias
842 1486 1014 1531 propheta
1048 1490 1081 1521 in
1107 1489 1303 1533 Aegyptum
1329 1490 1473 1525 ‹lescen-

87 1555 172 1589 dens
203 1559 284 1599 post
316 1559 457 1589 mortem
491 1553 672 1598 (indua-ae
708 1553 851 1598 regibus
877 1553 1030 1597 Aegypti
1056 1555 1190 1597 signum
1218 1554 1333 1592 dedit,
1382 1558 1473 1601 quod

87 1631 204 1654 eorum
230 1619 336 1665 ydola
356 1623 579 1660 corruerent,
623 1629 698 1653 eum
727 1620 827 1664 virgo
853 1618 956 1652 lilium
984 1620 1183 1662 parturiret.
1253 1622 1475 1667 Quapropter

87 1685 290 1722 sacerdotes
321 1685 503 1731 ydolorum
527 1687 724 1731 ymaginem
751 1686 897 1730 virginis
924 1695 1066 1728 puerum
1093 1686 1128 1718 in
1153 1687 1287 1730 gremio
1314 1686 1471 1731 bajulair

89 1756 155 1786 tem
188 1755 324 1786 secreto
357 1751 435 1786 loeo
467 1751 587 1796 templi
623 1754 819 1785 statuerunt
844 1755 878 1785 et
902 1761 976 1785 euin
1003 1750 1052 1784 ibi
1079 1750 1287 1787 adorabant.
1359 1754 1429 1788 Sed
1455 1764 1475 1788 a

33 1820 40 1823 s
76 1810 288 1852 *Ptolemaeo
314 1828 399 1864 rege
431 1822 557 1862 postea
588 1818 817 1863 interrogati,
858 1816 941 1861 quid
965 1816 1031 1850 hoe
1057 1816 1125 1851 sihi
1151 1818 1276 1862 vellet,
1305 1820 1340 1862 ¹)
1378 1820 1475 1854 dixe-

89 1887 168 1917 runt
191 1887 362 1930 paternae
394 1883 593 1918 traditionis
630 1876 695 1917 ho'c
727 1893 806 1924 esse
830 1884 1041 1925 misterium,
1091 1883 1183 1929 quod
1208 1894 1229 1918 a
1254 1889 1374 1919 sancto
1404 1887 1477 1919 viro

90 1954 124 1985 et
151 1948 325 1994 propheta
350 1960 468 1984 eorum
492 1951 646 1994 majores
671 1952 880 1994 acceperant
907 1953 941 1983 et
966 1951 1016 1983 sic
1040 1950 1075 1983 in
1098 1948 1202 1983 rebus
1227 1952 1383 1984 venturis
1402 1962 1471 1985 cre

89 2015 229 2050 (lebant.
301 2015 460 2050 Secundo
494 2025 557 2060 per
587 2025 673 2060 pure
709 2024 913 2060 corpoream
948 2019 1227 2060 transparentem
1253 2020 1287 2050 et
1310 2017 1477 2060 perviam.

89 2082 175 2116 Nam
200 2082 234 2115 in
259 2081 338 2125 ipsa
356 2085 457 2115 nocte
481 2082 676 2115 nativitatis
701 2080 893 2115 dominicae
908 2109 915 2121 ,
957 2080 1153 2115 obscuritas
1178 2083 1289 2115 noetis
1312 2082 1346 2114 in
1374 2082 1476 2115 elari-

91 2152 194 2182 tatem
222 2147 291 2182 diei
316 2157 420 2182 versa
446 2151 511 2182 est.
582 2146 711 2181 Romae
737 2148 840 2181 etiam
871 2148 935 2191 (ut
960 2150 1148 2181 attestatur
1184 2146 1330 2181 Orosius
1363 2151 1398 2181 et
1423 2146 1473 2181 In-

0 2245 1 2249 ,
91 2215 269 2248 nocentius
294 2222 388 2258 papa
410 2214 560 2255 tertius)
596 2213 674 2247 sons
707 2222 820 2258 aquae
854 2213 890 2246 in
921 2212 1092 2258 liquorem
1119 2212 1188 2247 olei
1219 2223 1343 2247 versus
1367 2217 1421 2247 est
1445 2217 1474 2247 et

91 2289 272 2323 erumpens
296 2289 406 2324 usque
430 2280 465 2312 in
491 2278 624 2313 Tibrim
649 2279 815 2324 profluxit
841 2282 876 2313 et
898 2282 972 2312 toto
999 2277 1055 2313 die
1079 2278 1140 2312 illo
1162 2278 1362 2324 largissime
1385 2288 1477 2313 ema-

92 2347 197 2378 navit.
269 2343 547 2388 prophetaverat
571 2346 661 2379 enim
687 2344 844 2389 Sibylla,
897 2343 990 2389 quod
1017 2343 1156 2388 quando
1181 2347 1378 2388 erumperet
1400 2344 1476 2377 sons

92 2411 173 2453 olei,
202 2412 404 2443 nasceretur
428 2409 603 2444 Salvator.
628 2409 749 2444 Tertio
774 2420 838 2454 per
862 2420 947 2454 pure
971 2418 1176 2453 corpoream
1200 2409 1362 2450 lucidam,
1391 2410 1480 2443 sicut

93 2485 156 2520 per
180 2484 329 2519 corpora
351 2475 636 2518 supercoelestia.
692 2475 776 2509 Nam
809 2477 842 2510 in
868 2476 947 2518 ipsa
971 2474 1026 2508 die
1064 2475 1258 2507 nativitatis
1294 2475 1478 2508 secundum

94 2541 312 2585 antiquorum
340 2539 562 2580 relationem,
602 2542 655 2582 (ut
680 2541 729 2573 ait
755 2540 1058 2583 (llirysostomus),
1100 2541 1212 2585 magis
1238 2550 1344 2584 super
1369 2551 1457 2585 quen

163 2684 189 2715 l)
210 2684 322 2710 Verba:
343 2683 525 2710 dixerunt
547 2697 574 2702 -
595 2687 689 2715 mysi
703 2693 733 2709 vi
747 2683 819 2710 inm
840 2683 951 2710 omittit
970 2693 1127 2718 perperam
1150 2684 1204 2712 Ed,
1226 2684 1318 2712 l’r'inc.
