1742 3005
441 90 538 138 Cap.
570 87 687 125 XXX.
749 89 805 126 De
837 95 964 124 sancto
996 89 1160 125 =tuliano.
1418 88 1495 126 145

110 194 176 229 sibi
203 193 338 228 foenum
365 195 456 227 misit
481 193 620 228 dicens:
669 192 830 237 pabulum
857 192 956 228 nobis
982 191 1271 227 irrationabilium
1298 191 1495 226 animalium

110 259 290 300 obtulisti,
342 259 457 302 recipe
492 258 583 303 quod
611 259 746 292 misisti.
818 258 1009 303 Respondit
1033 257 1205 293 Basilius:
1253 267 1316 292 nos
1344 257 1493 303 quidem,

110 324 201 370 quod
228 323 451 365 comedimus,
478 322 539 356 tibi
567 325 742 366 misimus,
770 328 806 357 tu
834 333 916 358 vero
945 323 1074 358 dedisti
1099 322 1221 365 nobis,
1250 322 1338 358 unde
1363 322 1494 359 bestias

109 394 187 424 tuas
214 390 334 423 nutris.
384 387 435 422 Ad
465 387 529 422 hoc
549 389 658 422 iratus
683 389 842 424 Julianus
868 387 1066 432 respondit:
1092 398 1164 421 cum
1192 387 1319 422 Persas
1345 389 1496 436 subege-

110 466 161 497 ro,
189 454 276 489 lianc
300 453 417 488 urbem
444 453 618 488 destruam
645 457 677 488 et
701 452 822 495 arabo,
850 457 885 486 ut
916 454 948 495 ¹)
978 451 1142 486 farrifera
1167 454 1280 498 magis
1307 463 1409 498 quam
1433 454 1497 489 ho-

111 519 271 555 minifera
294 519 497 552 nominetur.
547 518 714 563 Sequenti
738 521 852 552 autem
878 521 977 552 nocte
1004 517 1088 550 vidit
1112 516 1263 551 Basilius
1290 519 1323 551 in
1350 519 1496 553 ccclesia

110 588 252 620 sanctae
275 582 412 618 Mariae
438 584 471 616 in
500 584 574 616 visu
601 582 851 617 multitudinem
877 582 1080 628 angelorum
1106 586 1139 617 et
1159 584 1192 616 in
1212 582 1358 618 medium
1380 594 1497 618 eorum

111 649 283 695 quandam
310 648 470 682 feminam
496 648 529 681 in
566 646 689 682 throno
716 652 863 682 stantem
890 651 922 682 et
949 647 1170 682 adstantibus
1198 648 1386 684 dicentem:
1437 660 1496 684 vo-

110 718 186 749 cate
213 712 296 747 mihi
321 713 389 747 cito
414 712 638 754 Mercurium,
666 714 722 758 qui
748 713 922 748 ,lulianum
949 717 1145 758 apostatam
1172 714 1330 757 occidat,
1359 717 1416 759 qui
1445 726 1496 750 me

110 783 145 814 et
168 779 273 813 filium
299 788 408 813 meum
432 778 645 823 ²)‘superbe
670 777 901 824 blasphemat.
937 777 1023 813 Erat
1042 783 1156 814 autem
1179 779 1375 815 Mercurius
1400 782 1498 816 miles

110 844 272 891 quidam,
310 845 368 889 qui
393 843 436 878 ab
461 845 539 889 ipso
565 844 704 880 Juliano
731 854 794 889 pro
821 843 886 878 tide
912 843 1041 879 Christi
1068 844 1181 879 fuerat
1206 845 1429 888 interfectus,
1467 853 1501 882 et

109 913 144 945 in
170 910 290 946 eadem
317 909 467 945 ecclesia
493 913 569 944 erat
593 909 762 954 sepultus.
811 909 1005 954 Statimque
1031 915 1171 944 sanctus
1197 910 1414 955 {tierent-ius,
1441 912 1498 946 ubi

76 998 79 999 ν
111 986 185 1010 cum
209 977 314 1010 armis
339 975 412 1009 suis
438 965 662 1019 quiescebat,
703 985 791 1021 quae
818 975 863 1009 ibi
890 975 1143 1018 servabantur,
1184 975 1297 1010 adsuit
1322 981 1355 1011 et
1375 978 1499 1022 ‚jussus

111 1041 155 1076 ab
181 1051 224 1076 ea
246 1042 280 1075 in
304 1039 473 1086 proelium
501 1050 540 1074 se
564 1042 802 1085 praeparavit.
836 1042 870 1086 ³)
896 1040 1178 1086 Expergefuctus
1204 1043 1322 1087 itaque
1347 1043 1498 1079 Basilius

111 1107 157 1142 ad
176 1107 301 1149 locum,
328 1105 386 1140 uhi
411 1109 551 1139 sanetus
576 1105 771 1140 Mercurius
797 1118 871 1141 cum
897 1108 1002 1141 armis
1026 1108 1099 1141 suis
1119 1108 1277 1152 quiescit,
1303 1109 1365 1142 ivit
1378 1112 1413 1143 et
1427 1120 1498 1144 mo-

111 1176 304 1208 numentum
338 1181 436 1205 suum
468 1172 631 1216 aperiens
663 1182 727 1207 nec
763 1183 890 1218 corpus
923 1172 1051 1208 ibidem
1082 1174 1213 1218 reperit
1238 1183 1300 1208 nec
1327 1184 1423 1208 arma
1447 1177 1499 1209 in-

111 1239 215 1274 venit.
264 1236 362 1272 Tunc
386 1236 575 1279 custodem,
605 1238 641 1279 ⁴)
668 1247 711 1271 an
739 1239 988 1283 asportaverit,
1016 1239 1208 1282 inquisivit,
1233 1238 1292 1274 ille
1319 1250 1402 1274 vero
1426 1251 1498 1275 curn

106 1304 306 1349 ,iuramento
332 1301 542 1343 affirmabat,
567 1302 687 1337 eadem
714 1312 810 1337 arma
835 1313 981 1347 vespere
1005 1302 1132 1337 ibidem
1152 1302 1274 1346 fuisse,
1300 1304 1500 1352 ubiperpe-

110 1372 170 1402 tuo
186 1366 428 1403 servabantur.
476 1366 559 1401 Inde
578 1368 685 1412 igitur
704 1367 856 1401 Basilius
875 1367 1041 1402 recedens
1070 1372 1104 1402 et
1128 1378 1228 1403 mane
1255 1369 1336 1404 illuc
1362 1371 1500 1406 rediens

110 1433 242 1468 invenit
267 1431 393 1466 ibidem
418 1441 545 1477 corpus
571 1432 646 1476 ejus
675 1436 708 1467 et
732 1442 827 1467 arma
851 1438 885 1467 et
910 1433 1066 1468 lanceam
1090 1435 1261 1479 sanguine
1286 1440 1500 1472 cruentatam

111 1501 147 1533 et
173 1507 252 1533 ecce
281 1496 420 1542 quidam
456 1497 498 1531 de
532 1498 686 1531 exercitu
710 1498 847 1532 rediens
874 1498 979 1532 dixit:
1027 1509 1101 1533 eum
1126 1499 1286 1534 Julianus
1311 1502 1502 1546 imperator

111 1565 146 1598 in
171 1562 327 1598 exercitu
347 1567 553 1604 moraretur,
583 1572 662 1597 ecce
687 1563 827 1608 quidam
853 1564 951 1598 miles
970 1566 1110 1609 ignotus
1136 1574 1208 1598 cum
1235 1567 1340 1600 armis
1366 1568 1438 1601 suis
1467 1573 1500 1603 et

113 1629 235 1663 lancea
267 1630 408 1663 veniens
442 1631 476 1663 et
504 1627 700 1662 calcaribus
734 1639 863 1674 urgens
889 1639 1011 1674 equum
1038 1629 1162 1664 audaci
1188 1634 1301 1666 mente
1325 1631 1499 1668 ,Iulianum

112 1696 356 1739 imperatorem
389 1695 536 1738 impetiit
570 1697 604 1728 et
637 1693 794 1729 lanceam
824 1694 962 1730 fortiter
987 1694 1128 1729 vibrans
1155 1697 1267 1740 ipsum
1297 1697 1411 1732 valide
1437 1709 1500 1744 per

111 1759 259 1795 medium
292 1758 488 1804 perforavit
518 1763 552 1793 et
578 1758 694 1793 subito
726 1758 920 1794 abscedens
954 1771 1123 1806 nusquam
1147 1764 1350 1806 comparuit.
1421 1763 1499 1808 lpse

110 1834 194 1859 vero
219 1823 378 1861 Julianus
403 1824 482 1859 dum
510 1824 622 1859 adhuc
650 1826 821 1870 spiraret,
864 1827 1035 1872 sanguine
1062 1837 1195 1861 manum
1223 1837 1320 1862 suam
1345 1829 1502 1874 implevit

110 1890 215 1933 (sicut
239 1888 365 1924 dicitur
387 1891 423 1924 in
448 1889 607 1935 hystoria
632 1891 829 1935 tripartita)
863 1895 897 1926 et
922 1893 955 1925 in
981 1896 1066 1927 aera
1091 1894 1239 1938 proJecit
1265 1893 1404 1929 dicens:
1446 1897 1498 1929 vi-

111 1956 189 1989 c-isti
212 1953 393 1998 Galilaea,
428 1956 563 1998 vicisti,
611 1957 731 2001 sicque
758 1958 792 1991 in
819 1956 873 1991 his
900 1957 1043 1992 vocibus
1067 1958 1315 1994 miserabiliter
1339 1961 1498 2005 exspira-

113 2020 182 2062 vit,
229 2018 273 2053 ab
307 2019 465 2054 omnibus
499 2024 613 2056 autem
645 2023 717 2056 suis
743 2023 938 2068 insepultus
965 2023 1172 2068 relinquitur
1196 2028 1230 2058 et
1255 2034 1275 2058 a
1301 2024 1416 2059 Persis
1439 2035 1499 2060 ex-

111 2085 265 2119 coriatur
288 2088 322 2120 et
346 2084 389 2121 de
415 2087 510 2120 corio
535 2096 598 2121 suo
625 2088 701 2133 regi
728 2087 914 2123 Persarum
939 2087 1206 2124 substratorium
1233 2089 1392 2124 eflicitur.

157 2251 236 2286 Be
258 2250 630 2303 festivitatibus
657 2263 791 2298 quae
825 2254 1070 2292 eveniunt
1094 2255 1234 2292 infra
1258 2258 1453 2301 tempus

642 2318 965 2356 deviationis.

202 2410 300 2445 Dicto
327 2410 370 2446 de
395 2411 657 2457 festivitatibus,
683 2426 773 2460 quae
800 2421 984 2451 occurrunt
1008 2417 1099 2450 infra
1126 2422 1271 2462 tempus,
1300 2418 1393 2463 quod
1418 2428 1498 2463 par-

110 2478 169 2510 tim
188 2478 385 2512 continetur
409 2476 473 2511 sub
501 2481 656 2523 tempore
682 2481 989 2524 reconciliationis,
1015 2483 1139 2526 partim
1165 2480 1228 2515 sub
1254 2486 1410 2527 tempore
1437 2493 1498 2527 pe-

177 2601 206 2633 1)
222 2600 283 2627 Alii
301 2600 402 2633 legunt
420 2600 582 2628 serisera
604 2616 634 2622 —
654 2601 866 2635 homisera,
902 2603 953 2630 Ed.
974 2607 1016 2630 Pr.
1036 2602 1201 2630 fari-isar
1222 2618 1250 2624 —
1270 2603 1495 2632 hoxninisar.

111 2645 139 2678 2)
158 2653 307 2680 semper
324 2645 372 2674 Al.
391 2645 501 2678 legunt.
607 2648 635 2679 3)
655 2647 971 2682 Expergefactns
992 2648 1106 2676 addunt
1126 2651 1249 2676 Recent.
1327 2649 1357 2681 4)
1376 2650 1496 2676 necent.

112 2688 199 2722 quis
217 2698 320 2717 arina
339 2698 417 2726 asp.
436 2690 546 2724 tegunt.

1176 2748 1220 2781 lt)
