1742 3005
153 57 248 106 Cap.
279 53 488 93 CXXXIV.
542 56 601 92 De
633 62 765 92 sancto
797 54 963 92 Adriano
995 55 1079 92 cum
1109 56 1220 94 sociis
1253 57 1343 95 suis.
1399 58 1481 96 599

93 161 264 193 conventu
296 158 424 202 pacis?
470 157 532 192 Die
568 158 670 201 mihi,
713 170 774 194 cur
806 160 946 206 fugisti,
989 162 1174 205 antequam
1206 169 1325 205 pugna
1363 159 1472 202 fieret,

93 227 278 268 antequam
310 228 564 269 repugnantem
601 224 758 267 videres,
799 224 971 270 quomodo
1013 224 1214 260 vulneratus
1255 235 1294 260 es
1328 225 1474 261 necdum

93 288 222 322 emissa
244 288 403 333 sagitta?
449 287 493 323 Et
518 299 584 335 ego
610 290 774 333 mirabar,
800 292 830 324 si
857 301 897 324 ex
914 294 1022 335 gente
1042 292 1117 324 sine
1134 290 1208 325 Deo
1229 294 1263 325 et
1282 290 1326 325 de
1341 300 1472 336 genere

92 354 274 397 lmpiorum
302 352 471 399 ¹)aliquis
497 354 682 389 offerretur
707 355 791 390 Deo.
839 355 913 390 Heu
946 365 999 389 me
1034 355 1205 389 infelicem
1238 359 1272 390 et
1297 357 1472 397 miseram,

92 417 176 463 quid
200 417 346 460 faciam,
381 428 471 464 quae
494 420 679 463 conjuncta
702 429 775 453 sum
802 419 881 453 huic
916 429 957 453 ex
983 429 1114 464 genere
1139 421 1349 464 impiorum?
1396 420 1474 454 Non

93 487 148 518 est
172 493 377 518 concessum
402 483 505 524 mihi,
541 487 577 517 ut
612 484 713 516 unius
739 482 848 517 horae
877 484 993 526 spatio
1021 493 1167 518 vocarer
1191 495 1282 518 uxor
1305 486 1472 526 martiris,

91 548 155 584 sed
178 553 216 584 ut
239 549 376 583 dicerer
398 558 487 582 uxor
509 548 810 592 transgressoris,
845 546 891 581 ad
925 547 1093 582 modicum
1120 548 1256 594 quidem
1283 549 1471 583 exsultatio

90 625 169 649 mea
198 615 264 648 suit
295 617 330 648 et
363 622 443 647 ecee
469 623 533 657 per
556 613 700 648 saecula
724 613 950 658 opprobrium
975 624 1084 648 meum
1112 614 1188 648 erit.
1235 613 1332 649 Haec
1355 617 1470 648 autem

87 680 212 716 beatus
235 678 411 713 Adrianus
435 677 583 713 audiens
610 678 830 714 vehementer
854 678 1045 725 gaudebat,
1072 678 1249 713 admirans
1275 679 1317 714 de
1343 679 1473 714 semina

83 746 213 790 Juvene
246 743 482 789 pulcherrima
515 748 550 779 et
572 744 683 779 nobili
710 748 744 779 et
771 748 851 778 ante
875 743 955 779 XIV
978 755 1116 779 menses
1140 748 1264 790 nupta,
1297 744 1470 790 quomodo

85 810 174 844 talia
203 809 301 855 loqui
334 813 467 854 posset.
515 808 612 844 Unde
644 820 687 844 ex
721 809 789 843 lioo
818 809 862 843 ad
896 811 1086 844 martirium
1118 810 1300 844 ardentior
1325 810 1469 845 effectus

85 874 195 910 verba
219 875 295 920 ejus
320 874 550 910 libentissime
574 874 761 916 audiebat,
798 874 861 908 sed
894 884 969 908 cum
1005 885 1078 909 eam
1103 876 1205 908 nimis
1231 875 1346 920 afiligi
1372 874 1470 911 vide-

85 945 151 984 ret,
178 940 266 975 dixit
289 942 341 975 ei:
366 941 466 985 aperi
490 939 585 981 mihi,
612 939 751 973 domina
775 949 853 974 inea
876 938 1038 981 Natalia3
1066 950 1134 974 non
1164 942 1264 982 enim,
1291 944 1328 975 ut
1353 944 1468 985 putas,

85 1007 276 1041 martirium
301 1006 388 1051 l'ugi,
413 1004 477 1039 sed
503 1010 550 1047 te,
577 1008 613 1038 ut
638 1006 794 1049 promisi,
820 1014 945 1039 vocare
969 1007 1059 1039 veni.
1111 1004 1208 1045 Quae
1233 1017 1300 1040 non
1320 1004 1468 1040 credens

84 1072 152 1105 aitt
187 1070 284 1113 vide,
317 1069 491 1116 quomodo
527 1080 581 1105 me
614 1070 752 1105 seducit
783 1075 1048 1116 transgressor,
1095 1071 1269 1116 quomodo
1304 1072 1467 1106 mentitur

82 1136 176 1171 alter
207 1135 340 1178 Judas‚
374 1135 458 1182 fuge
491 1145 512 1170 a
537 1146 590 1170 me
617 1138 741 1178 miser,
776 1146 829 1170 nie
855 1137 967 1180 ipsam
987 1138 1060 1181 jam
1088 1136 1309 1178 interficiam,
1345 1140 1383 1170 ut
1405 1145 1465 1170 sa-

80 1202 193 1239 tieris.
238 1200 283 1236 Et
316 1201 394 1236 dum
427 1206 624 1237 moraretur
653 1201 696 1236 ad
731 1201 978 1246 aperiendum,
1013 1203 1045 1236 ei
1079 1201 1183 1235 dixit:
1217 1203 1316 1246 aperi
1350 1203 1465 1242 citius,

79 1278 159 1303 nam
182 1267 306 1303 vadam
333 1270 368 1305 et
390 1267 483 1302 ultra
509 1278 576 1302 non
603 1267 740 1302 videbis
766 1278 818 1302 me
844 1271 878 1302 et
902 1271 983 1312 post
1007 1266 1074 1301 hoc
1099 1266 1258 1313 lugehiS‚
1295 1267 1389 1312 quod
1413 1278 1466 1302 me

80 1338 161 1369 ante
187 1335 314 1368 exitum
339 1343 450 1367 meum
473 1343 543 1367 non
567 1332 723 1374 videbis;
756 1332 984 1377 fidejussores
1018 1332 1101 1367 dedi
1125 1337 1267 1367 sanctos
1292 1334 1465 1373 martires,

78 1403 112 1436 et
144 1400 176 1433 si
208 1399 357 1432 ministri
389 1408 443 1432 me
474 1399 693 1442 requirentes
726 1409 793 1432 non
832 1399 1047 1439 invenerint,
1087 1398 1310 1433 sustinebunt
1354 1401 1464 1432 sancti

75 1467 249 1499 tormenta
279 1473 344 1498 sua
378 1466 413 1497 et
445 1473 522 1497 mea
547 1464 658 1497 simul.
707 1463 802 1497 Haec
829 1463 975 1497 audiens
1001 1463 1143 1497 Natalia
1173 1465 1311 1508 aperuit
1336 1468 1370 1498 et
1395 1463 1463 1497 sibi

76 1531 222 1564 invicem
250 1530 418 1574 prostrati
443 1528 488 1562 ad
515 1538 688 1564 carcerem
714 1528 816 1562 simul
842 1528 1024 1570 abierunt,
1057 1528 1118 1562 ubi
1142 1527 1285 1563 Natalia
1318 1539 1380 1573 per
1403 1527 1463 1563 vll

76 1594 153 1629 dies
196 1598 395 1629 sanctorum
436 1594 556 1629 ulcera
590 1604 664 1629 cum
699 1595 818 1629 linteis
852 1595 1022 1638 pretiosis
1056 1594 1276 1640 extergebat.
1325 1594 1465 1628 Statuta

75 1663 190 1695 autem
224 1659 281 1695 die
313 1662 504 1705 imperator
540 1670 601 1695 eos
642 1661 864 1706 praesentari
891 1661 1020 1705 Jussit‚
1056 1662 1116 1705 qui
1144 1661 1290 1695 resoluti
1323 1661 1460 1703 poeuis,

74 1726 157 1771 quia
180 1725 360 1760 ambulare
383 1736 451 1759 non
476 1729 659 1770 poterant,
686 1726 782 1761 velut
806 1726 971 1760 animalia
999 1726 1248 1770 portabantur,
1283 1724 1461 1759 Adrianus

72 1801 157 1826 vero
188 1792 314 1826 vinctis
338 1790 497 1825 manibus
528 1790 753 1836 sequebatur.
802 1791 938 1826 Deinde
965 1790 1143 1826 Adrianus
1177 1793 1364 1836 ²)p0rtans
1391 1790 1461 1824 sibi

73 1856 256 1902 equuleum
281 1855 426 1890 Caesari
450 1860 722 1901 praesentatur,
755 1856 897 1891 Natalia
932 1868 1016 1891 vero
1052 1856 1249 1902 adjungens
1283 1866 1322 1890 se
1348 1858 1379 1890 ei
1406 1855 1459 1889 di-

74 1920 192 1955 cebat:
217 1921 308 1963 vide,
337 1921 475 1956 domine
498 1932 608 1964 meus,
636 1932 678 1957 ne
705 1923 795 1957 sorte
818 1923 988 1967 trepides,
1014 1933 1088 1957 cum
1109 1926 1282 1956 tormenta
1303 1920 1460 1963 videbis·‚

72 1984 243 2019 modicum
263 1986 400 2029 quidem
416 1997 506 2020 nunc
524 1988 684 2031 patieris,
710 1987 772 2021 sed
792 1990 956 2022 continuo
984 1997 1058 2022 cum
1084 1988 1223 2033 angelis
1252 1986 1460 2022 exsultabis.

71 2050 248 2086 Adrianus
273 2049 382 2094 igitur
408 2050 609 2085 sacrificare
635 2051 757 2085 nolens
783 2053 992 2096 gravissime
1011 2062 1136 2086 caesus
1155 2056 1221 2094 est,
1249 2061 1463 2096 currensque

71 2114 214 2150 Natalia
247 2124 321 2148 cum
354 2113 486 2159 gaudio
520 2113 566 2148 ad
601 2119 765 2158 sanctos,
806 2118 866 2160 qui
898 2120 999 2151 erant
1023 2117 1058 2150 in
1085 2125 1248 2158 carcere,
1275 2117 1344 2149 ait:
1380 2124 1461 2150 ecce

70 2181 230 2215 dominus
254 2189 350 2214 meus
376 2178 554 2214 inchoavit
577 2181 782 2218 martirium.
831 2181 915 2215 Cum
941 2185 1057 2215 autem
1082 2191 1156 2224 rex,
1189 2191 1232 2215 ne
1258 2181 1349 2215 Deos
1375 2191 1459 2215 suos

70 2244 354 2290 blasphemaret,
383 2249 556 2287 moneret,
591 2245 652 2280 ille
687 2247 754 2280 ait:
789 2247 819 2281 si
857 2257 924 2292 ego
948 2252 1135 2292 torqueor,
1177 2248 1259 2292 quia
1282 2257 1362 2288 eos,
1401 2247 1460 2290 qui

71 2320 141 2344 non
174 2313 255 2344 sunt
287 2309 366 2351 Dii,
403 2309 631 2354 blasphemo,
673 2311 827 2357 qualiter
860 2313 939 2357 ipse
970 2312 1216 2356 torqueberis,
1259 2313 1316 2356 qui
1351 2311 1458 2345 Deum

73 2385 189 2409 verum
223 2373 478 2419 blasphemas?
525 2375 589 2410 Cui
623 2386 705 2411 rex:
747 2376 835 2412 haec
867 2376 975 2411 verba
1006 2380 1040 2412 te
1073 2377 1125 2410 illi
1157 2376 1360 2412 seductores
1395 2375 1458 2409 do-

73 2443 229 2474 cuerunt.
277 2439 330 2474 Ad
358 2450 457 2485 quem
483 2440 681 2475 Adrianus:
709 2451 817 2486 quare
842 2442 1048 2477 seductores
1075 2453 1137 2477 eos
1165 2442 1267 2483 dieis,
1295 2443 1354 2486 qui
1379 2444 1460 2475 sunt

75 2503 238 2539 doctores
272 2506 366 2540 vitae
398 2507 596 2541 aeternae?
644 2505 794 2541 Cui-rens
824 2505 964 2541 Natalia
1000 2507 1087 2541 haec-
1119 2516 1291 2551 responsa
1314 2507 1379 2541 viri
1404 2507 1459 2541 sui

144 2650 172 2682 1)
190 2648 308 2690 ¹³⁶2st-
329 2650 407 2677 male
426 2649 519 2677 aliis
539 2649 681 2685 praefert.
759 2651 788 2683 2)
806 2650 859 2679 Ed.
880 2654 925 2678 Pr.
944 2651 1036 2679 male:
1065 2655 1240 2686 portatus
1268 2660 1381 2687 super
1407 2658 1457 2684 eq.
