1742 3005
294 131 395 183 Cap·
415 133 586 171 CCXXl.
645 133 704 172 De
733 140 864 170 sancto
893 133 1027 172 Roclno
1059 135 1290 173 consessore.
1402 136 1482 175 933

100 243 128 266 et
156 239 199 266 sic
225 238 366 266 osculans
393 239 543 274 deposuit.
579 240 747 267 Labor-aute
772 245 845 265 vero
871 235 1101 266 difficultatibus
1127 247 1247 266 romana
1274 239 1346 267 sede
1369 250 1386 268 a
1413 243 1485 268 Gre-

98 283 182 315 gorio
200 285 251 312 XI.
271 287 301 310 et
320 292 404 311 sacro
432 289 538 312 senatu
561 283 722 311 cardinalis
749 287 778 309 et
802 282 962 317 episcopus
989 284 1170 311 Albanensis
1195 285 1332 318 quamvis
1358 294 1485 312 renuens

97 328 301 363 proclamatur
320 333 349 356 et
369 329 471 356 statim
490 329 529 368 ad
548 328 708 355 concilium
730 327 928 359 Lugdunense
953 337 1019 354 cum
1038 329 1278 361 Rothomagense
1305 334 1334 356 et
1353 330 1486 364 Tripoli-

97 377 168 400 tano
189 373 333 408 episcopo
352 373 389 400 de
408 375 499 401 rebus
518 373 619 400 arduis
638 371 858 408 pertractandis
878 371 1060 405 destinatur,
1086 373 1117 399 in
1143 382 1202 407 quo
1228 374 1304 401 adeo
1322 375 1483 409 prudenter

97 421 278 445 Graecorum
296 419 434 446 haereses
454 417 640 452 composuit,
668 416 749 450 quod
775 424 878 442 omnes
904 422 1061 451 praesente
1086 422 1156 445 tunc
1179 418 1357 451 l’alaeologo
1384 428 1487 446 eornm

97 462 278 497 imperatore
303 462 398 490 libere
424 471 457 490 se
483 462 626 496 deinceps
653 464 805 488 Romanae
832 460 898 487 sedi
923 471 1028 496 parere
1061 463 1143 489 velle
1176 462 1397 497 profiterentur.
1433 464 1486 490 Hic

96 507 190 534 libros
216 507 312 534 edidit
339 508 507 534 intitulatos
535 507 572 533 de
599 511 715 540 septem
741 505 927 538 visionibus,
955 507 1121 534 sententiae
1141 509 1372 540 sententiarum,
1398 518 1488 543 super

95 551 277 585 evangeliis,
303 553 479 587 praesertim
498 557 611 583 Lucae,
639 550 771 577 officinm
792 549 829 575 de
849 559 952 583 cruce,
979 551 1112 578 officinm
1132 552 1213 578 beati
1233 552 1381 579 Francisci
1401 558 1429 579 et
1449 553 1486 579 de

96 598 159 631 ejus
185 597 264 630 vita,
291 597 330 623 de
353 606 407 624 sex
432 598 488 624 alis
514 594 686 630 Seraphim,
713 593 895 621 itinerarium
923 596 1032 623 mentis
1058 596 1087 623 in
1112 600 1221 629 Deum,
1247 596 1374 623 alterum
1399 596 1429 623 in
1456 606 1487 623 se

95 642 213 677 ipsum,
232 641 435 669 defensor-ium
454 640 608 673 religionis
628 638 881 671 mendicantium,
901 640 989 667 arbor
1008 641 1120 673 crucis,
1140 641 1347 675 breviloquia,
1373 651 1488 669 sermo-

95 695 149 714 nes
175 686 374 713 dominicales
397 694 488 720 super
513 683 678 717 evangeliis
705 688 733 710 et
761 683 898 718 epistolis
926 694 979 719 per
1004 685 1073 712 anni
1092 686 1248 718 circulum,
1275 686 1488 721 compendium

94 730 230 758 veritatis
249 739 350 757 sacrae
369 730 549 765 scripturae,
576 729 615 756 de
633 728 824 755 institutione
843 729 1047 763 novitiorum,
1072 730 1110 757 de
1129 731 1251 758 stimulo
1271 731 1391 764 amoris,
1412 732 1486 766 pha-

94 781 183 804 retra.
218 775 314 802 Multa
338 775 369 802 iu
395 774 497 802 officio
521 774 697 801 reformavit
723 778 752 800 et
778 773 895 800 addidit
922 779 951 801 et
977 775 1034 801 alia
1061 775 1147 810 plura
1172 776 1317 810 opuscula
1337 786 1430 810 usque
1449 777 1489 802 ad

94 819 287 847 tricenarium
313 830 485 852 numerum,
513 829 589 853 quae
614 819 645 845 in
671 819 808 853 partibus
836 819 998 846 Galliarum
1025 820 1197 853 frequenter
1222 821 1252 847 in
1278 821 1417 848 manibus
1437 822 1489 847 1111-

94 866 213 894 bentur.
249 868 285 891 Et
305 865 347 891 sic
366 864 395 890 in
414 864 478 898 pari
498 863 655 890 sanctitate
675 868 703 890 et
723 872 815 898 opum
833 863 930 890 stur-,tu
951 864 1109 899 proliciens
1136 875 1172 891 ex
1192 865 1328 892 lnnnanis
1348 867 1486 893 sublatus

95 914 141 938 est
159 918 237 936 anno
257 909 372 936 domini
391 912 600 936 MCCLXXIV.
626 908 716 935 tertio
742 909 810 935 idus
835 909 893 936 Jul.
920 914 947 935 et
968 910 1074 936 aetatis
1094 919 1165 936 suae
1184 914 1276 942 L111.,
1303 911 1438 942 Lugduni
1460 912 1488 937 in

95 954 221 982 ecclesia
241 955 323 981 beati
342 953 490 980 Francisci
509 953 662 988 sepultus,
690 953 840 979 miraculis
867 954 997 982 radians.
1034 956 1122 985 Cujus
1150 963 1200 980 cor
1228 955 1344 987 reliquo
1364 964 1488 988 corpur(-

94 1001 260 1028 incinerato
289 1000 492 1034 incorruptum
519 997 675 1024 inventum
706 1001 750 1023 est
785 1001 813 1023 et
846 1007 861 1023 a
891 998 975 1024 Sixto
1011 998 1154 1031 pontifive
1187 1002 1237 1025 lv.
1272 1008 1349 1025 anuo
1384 1000 1488 1026 salutis

95 1048 354 1073 MCCCCLXXXH
381 1048 550 1071 sanctorum
577 1042 753 1076 pontificum
772 1051 895 1069 numero
916 1042 1086 1077 adscriptus
1106 1047 1161 1071 est.
1198 1045 1267 1077 Ejus
1294 1044 1404 1071 festum
1434 1044 1487 1071 do-

94 1090 204 1118 minica
222 1089 354 1118 secunda
375 1088 446 1116 Julii
465 1088 643 1115 celebratur,

528 1416 652 1483 cAP.
688 1415 868 1482 ccxxl.
906 1417 1050 1482 (191.)

273 1519 373 1562 De
407 1519 628 1562 sancto
658 1517 881 1563 Bocho
914 1516 1309 1563 confessore.

195 1628 314 1655 Roclius
333 1627 488 1655 consessor
513 1636 620 1660 genere
645 1626 846 1654 Narbonensis
873 1626 953 1661 apud
978 1631 1109 1653 montem
1131 1627 1323 1654 l’essulanum
1342 1626 1379 1652 ex
1397 1629 1482 1660 patre·

94 1676 226 1706 Joanne,
253 1678 348 1700 matre
374 1673 470 1700 libera
495 1672 668 1707 progenitus
695 1680 840 1699 annorum
865 1674 921 1697 ΧΗ
949 1679 1056 1705 corpus
1077 1681 1162 1706 sunni
1183 1671 1282 1705 coepit
1302 1671 1485 1697 abstinentia

94 1718 256 1751 castigare,
284 1717 335 1751 qui
361 1717 486 1744 mortuis
511 1717 686 1752 parentibus
713 1716 898 1751 amplissima
925 1716 1092 1742 hereditate
1119 1715 1304 1750 pauperibus
1325 1714 1487 1741 distributa

94 1772 110 1789 a
129 1762 301 1798 principatu
320 1771 352 1790 se
371 1762 532 1794 abdicans,
552 1761 675 1797 oppidis
694 1761 826 1796 paternis
846 1765 953 1796 patruo
973 1760 1208 1793 commendatis,
1234 1761 1320 1787 brevi
1339 1765 1424 1787 veste
1442 1760 1488 1786 in-

95 1808 184 1835 dutus
204 1817 271 1834 cum
289 1807 387 1843 pileo,
414 1817 487 1842 pera
513 1811 542 1834 et
567 1807 676 1834 baculo
702 1807 732 1833 iu
759 1806 874 1832 Italiam
903 1805 1076 1839 peregrinus
1105 1805 1244 1838 devenit,
1272 1810 1301 1832 et
1320 1814 1410 1838 quum
1430 1806 1490 1830 RO-

94 1862 188 1886 mam,
206 1855 323 1886 Aquam
341 1852 542 1887 pendentem,
563 1855 705 1879 cesenam
725 1852 843 1885 aliaque
863 1851 990 1886 plurima
1010 1851 1075 1878 loca
1096 1850 1169 1877 truci
1189 1850 1362 1885 pestilentia
1380 1852 1489 1876 vexata

94 1896 180 1929 signo
199 1897 293 1925 crucis
312 1897 490 1930 liberasset,
516 1896 700 1923 Placentiam
726 1896 832 1923 eadem
859 1895 908 1923 lue
934 1896 1076 1923 infectam
1103 1895 1141 1921 ad
1160 1895 1313 1928 quoddam
1333 1901 1489 1926 aegrotan—

93 1941 168 1968 tium
192 1941 343 1977 hospitale
367 1942 508 1970 devertit.
545 1941 660 1977 Quibus
687 1941 827 1968 omnibus
854 1941 992 1968 similiter
1018 1941 1129 1968 sanatis
1156 1940 1257 1967 statim
1276 1940 1397 1967 sinistra
1416 1947 1490 1965 coxa

94 1985 203 2018 sagitta
221 1986 421 2020 transfigitur,
446 1986 500 2014 sed
526 1990 597 2021 post
615 1986 755 2013 acerbam
774 1986 947 2020 passionem
966 1986 1094 2013 salutem
1112 1990 1292 2013 consecutus
1313 1984 1342 2011 in
1361 1983 1489 2011 Galliam

95 2030 184 2057 armis
204 2035 276 2058 tunc
293 2036 435 2058 vexatam
452 2029 598 2058 remeavit
617 2034 647 2056 et
665 2029 696 2056 in
714 2033 840 2064 paterno
859 2034 964 2064 captus
983 2030 1099 2064 oppido
1124 2035 1157 2057 ut
1181 2031 1355 2064 explorator
1379 2027 1490 2055 carceri

95 2073 284 2106 detruditur,
310 2074 341 2101 in
365 2083 426 2108 quo
450 2079 555 2101 exacto
580 2073 785 2107 quinquennio
804 2074 834 2100 in
853 2073 982 2100 maxima
1001 2074 1147 2108 patientia
1166 2079 1196 2100 et
1212 2074 1296 2100 'vitae
1315 2071 1489 2098 austeritate

96 2117 251 2145 dominum
271 2126 376 2152 orans,
401 2123 435 2146 ut
459 2118 637 2145 invocantes
663 2125 773 2143 nomen
800 2125 887 2144 suum
913 2126 930 2143 a
953 2118 1129 2144 saevissima
1156 2117 1332 2152 pestilentia
1350 2120 1489 2150 protege-

95 2167 213 2195 rentur,
232 2162 263 2189 in
281 2172 357 2197 pace
378 2161 566 2190 obdormivit
584 2170 661 2189 anno
681 2161 796 2188 domini
813 2164 1036 2194 Mcccxxvn,
1055 2161 1163 2189 aetatis
1183 2170 1254 2188 suae
1271 2163 1402 2192 XXXII,
1419 2162 1491 2186 XVI

95 2207 152 2234 cal.
171 2207 358 2241 Septembr.,
385 2207 425 2234 ad
450 2208 533 2241 cujus
559 2206 639 2233 latus
663 2210 782 2240 reperta
808 2210 853 2232 est
878 2205 992 2232 tabella
1016 2205 1063 2233 his
1089 2206 1197 2233 litteris
1216 2205 1377 2240 inscripta:
1403 2208 1489 2239 peste

95 2252 269 2279 laborantes
297 2251 338 2279 ad
360 2251 456 2278 Rochi
482 2250 682 2286 patrocinium
707 2249 912 2282 confugientes
937 2251 1145 2283 contagionem
1163 2251 1248 2278 illam
1266 2248 1488 2277 truculentissi-

95 2306 176 2324 mam
194 2305 338 2324 evasuros
357 2295 502 2328 significo.
539 2299 606 2332 Quo
631 2305 648 2322 a
672 2299 779 2330 patruo
806 2295 924 2327 cognito
949 2294 1027 2322 inter
1052 2295 1163 2323 multas
1188 2295 1335 2329 lacrymas
1359 2292 1489 2329 peractis

95 2342 187 2374 longo
220 2345 316 2369 tractu
349 2340 501 2374 exsequiis
536 2344 672 2368 sanctlun
698 2348 806 2374 corpus
833 2339 960 2366 tradidit
989 2339 1177 2375 sepulturae,
1210 2340 1311 2367 eidem
1341 2338 1488 2373 templum

96 2385 196 2418 magni
214 2390 328 2413 sumtus
348 2385 474 2417 erigens.
509 2386 602 2419 Hujus
626 2393 699 2411 vero
724 2392 835 2411 nomen
860 2383 1021 2412 redeuntes
1048 2394 1064 2412 a
1090 2384 1220 2412 concilio
1240 2383 1432 2411 constantiae
1450 2383 1488 2408 al»

97 2439 133 2457 eo
153 2434 288 2457 recenter
313 2439 331 2457 a
355 2429 467 2457 furenti
492 2429 665 2465 pestilentia
688 2428 808 2455 liberati
832 2437 910 2455 anno
936 2429 1042 2456 salutis
1062 2432 1240 2457 Mccccxv
1268 2428 1440 2455 detulerunt
1460 2427 1488 2453 in

96 2475 234 2507 ltaliam,
259 2474 290 2501 in
319 2483 376 2508 qua
404 2475 443 2501 ob
470 2476 534 2509 ejus
558 2472 790 2501 innumerabilia
815 2472 959 2500 miracula
978 2474 1121 2501 basilicae
1148 2478 1177 2501 et
1196 2473 1308 2501 sacella
1327 2472 1440 2505 ubique
1458 2472 1489 2498 in

97 2520 164 2547 dies
182 2519 336 2551 eriguntur
353 2523 381 2546 et
400 2527 478 2546 anuo
497 2519 632 2552 ejusdem
649 2519 908 2545 MCCCCLXXXV
932 2527 1040 2553 corpus
1065 2520 1128 2553 ejus
1152 2518 1255 2545 furtim
1273 2516 1416 2544 Venetias
1436 2516 1488 2543 de-

97 2565 192 2591 latum
210 2573 227 2590 a
246 2567 350 2591 senatu
369 2563 565 2590 devotissime
584 2566 757 2597 susceptum
775 2566 822 2589 est
840 2566 870 2589 et
889 2564 952 2597 ejus
969 2562 1083 2589 nomini
1100 2562 1246 2598 templum
1261 2560 1488 2590 celeberrimum

96 2608 286 2637 fabricatum.
323 2608 442 2635 Festum
461 2607 557 2643 ipsius
575 2610 659 2635 XVII
678 2607 733 2636 cal.
752 2607 923 2642 septembr.
942 2610 1112 2643 veneratur.
