1742 3005
249 131 326 169 13&
580 133 673 181 Cap.
705 129 841 167 xxix.
901 131 959 168 De
991 138 1119 169 sancta
1150 131 1282 170 Paula.

245 238 357 270 {tunna
393 240 427 271 et
452 237 566 270 serica
598 235 854 279 pretiosissima
888 236 1080 279 asperitate
1113 236 1217 271 cilicii
1258 236 1499 272 commutanda
1535 244 1626 272 sunt.

244 313 333 347 quae
351 303 424 335 viro
449 305 483 336 et
511 300 653 336 saeculo
677 300 806 345 placui,
833 310 920 334 nunc
947 299 1085 335 Christo
1113 301 1252 346 plaeere
1277 302 1451 338 desidero.
1486 303 1521 337 Si
1539 305 1628 338 inter
1652 337 1653 341 ,

242 367 330 402 tales
356 371 542 413 tantasque
569 369 716 403 virtutes
746 368 942 401 castitatem
977 367 1011 400 in
1036 366 1097 400 illa
1124 367 1267 403 voluero
1293 367 1518 413 praedicare,
1569 380 1625 403 su—

242 433 393 478 perfluus
420 434 554 477 videar,
582 435 616 468 in
643 443 711 479 qua
735 434 852 475 etiam,
878 442 952 466 cum
979 432 1171 468 saecularis
1193 438 1299 477 esset,
1325 435 1472 468 omnium
1499 434 1626 470 Romae

241 503 472 534 matronarum
499 499 691 545 exemplum
718 499 799 542 suit⁷
826 508 917 544 quae
941 509 979 533 se
1004 500 1053 533 ita
1078 500 1211 545 gessit,
1238 504 1274 534 ut
1298 510 1471 545 nunquam
1498 500 1540 535 de
1566 501 1626 535 illa

239 567 341 600 etiam
367 566 610 601 maledicorum
639 567 821 611 quisquam
849 564 993 601 auderet
1018 565 1143 600 samam
1169 566 1379 611 confingere.
1423 566 1551 602 Fateor
1570 578 1624 602 er-

240 642 349 666 rorem
378 643 509 676 meum,
555 643 616 667 cur
640 633 673 666 in
700 631 885 677 largiendo
909 636 1003 667 esset
1028 632 1223 677 profusior,
1276 632 1490 678 arguebam,
1539 633 1624 667 illud

237 698 422 743 proferens
451 698 493 733 de
519 698 701 742 apostolo:
749 708 816 732 non
842 701 878 731 ut
911 698 992 732 aliis
1018 697 1238 741 refrigerium
1266 699 1331 741 sit,
1384 698 1483 734 vobis
1510 703 1623 733 autem

236 763 438 806 tribulatio,
479 762 542 797 sed
565 774 607 797 ex
632 763 848 808 aequalitate
872 764 907 796 in
935 761 1000 797 hoe
1024 767 1203 807 tempore,
1239 770 1275 797 ut
1302 768 1418 799 vestra
1442 764 1622 799 abundan-

237 831 285 864 tia
310 831 356 864 sit
380 828 425 863 ad
449 829 587 864 illorum
612 830 763 874 inopiam
790 831 824 863 et
848 827 983 864 illorum
1016 827 1232 862 abundantia
1256 830 1301 863 sit
1324 829 1366 863 ad
1395 834 1544 864 vestram
1571 831 1621 864 in-

236 898 371 942 opiam,
398 899 432 931 et
456 894 707 941 providendum
732 905 824 935 esse,
851 905 907 937 ne⁷
935 893 1027 940 quod
1053 893 1203 929 libenter
1229 894 1379 938 faceret,
1406 906 1544 941 semper
1569 896 1621 931 sa-

235 973 313 997 cere
338 972 406 996 non
431 964 564 1007 posset,
591 960 768 1006 multaque
792 959 1001 1006 lmJusmodi.
1037 960 1133 1000 Quae
1159 960 1219 995 illa
1245 962 1333 996 mira
1360 961 1568 997 verecundia
1588 967 1622 999 et

234 1039 392 1064 sermone
416 1029 621 1074 parcissimo
646 1027 927 1072 peritissimeque
956 1025 1193 1070 dissolvebat,
1218 1030 1342 1062 testem
1366 1029 1532 1063 invocans
1559 1028 1620 1063 do-

232 1096 379 1138 minum,
427 1105 465 1129 se
489 1104 554 1139 pro
582 1093 675 1128 illius
701 1093 838 1128 nomine
863 1097 984 1126 cuncta
1011 1091 1127 1127 facere
1151 1096 1185 1128 et
1207 1092 1272 1127 hoe
1300 1093 1430 1129 habere
1456 1096 1550 1137 voti⁷
1584 1099 1621 1129 ut

233 1161 430 1196 mendicans
456 1161 534 1205 ipsa
556 1163 768 1201 moreretur,
817 1163 854 1193 ut
879 1169 981 1192 unum
1016 1169 1185 1193 nummum
1220 1159 1312 1195 tiliae
1338 1171 1405 1195 non
1431 1160 1619 1199 dimitteret

232 1231 265 1262 et
292 1229 325 1261 in
351 1226 472 1261 sunere
496 1236 559 1260 suo
593 1224 709 1260 aliena
733 1224 878 1260 sindone
904 1225 1151 1259 involveretur.
1200 1225 1252 1260 Ad
1277 1230 1463 1262 extremum
1489 1226 1617 1262 insere-

230 1293 309 1328 bat:
335 1303 402 1339 ego
430 1293 459 1326 si
487 1292 634 1337 petiero,
663 1291 787 1325 multos
814 1292 1008 1333 inveniam,
1037 1292 1094 1336 qui
1123 1289 1204 1324 mihi
1230 1291 1404 1335 tribuant,
1431 1293 1497 1328 iste
1523 1303 1617 1328 men-

230 1360 350 1394 dicans
376 1361 404 1393 si
431 1367 452 1393 a
476 1368 528 1393 me
555 1368 622 1391 non
649 1357 844 1401 acceperit,
888 1356 969 1401 quid
998 1357 1028 1391 ei
1053 1367 1193 1401 possum
1219 1359 1322 1394 etiam
1347 1357 1390 1393 de
1414 1358 1529 1393 alieno
1554 1361 1616 1394 tri·

229 1427 357 1469 buere‚
383 1427 412 1460 si
437 1427 593 1458 mortuus
619 1423 744 1467 suerit,
768 1433 789 1457 a
817 1432 884 1467 quo
910 1423 986 1468 eJus
1012 1424 1127 1458 anima
1153 1425 1418 1470 requireretur?
1466 1424 1615 1460 Nolobat

229 1495 260 1527 in
286 1492 341 1528 his
366 1490 543 1537 lapidibus
569 1489 746 1525 effundere
772 1490 966 1534 pecuniam,
993 1490 1050 1534 qui
1075 1501 1149 1524 enm
1175 1493 1271 1526 terra
1296 1496 1330 1527 et
1352 1492 1500 1526 saeculo.
1519 1495 1614 1526 tran-

228 1560 327 1594 situri
353 1562 455 1600 sunt,
495 1556 556 1591 sed
581 1557 615 1589 in
641 1556 728 1590 vivis
755 1554 952 1600 lapidibus,
982 1556 1039 1600 qui
1067 1556 1250 1591 volvuntur
1275 1567 1381 1602 super
1404 1562 1544 1600 terram,
1571 1557 1613 1593 de

228 1624 352 1670 quibus
373 1625 407 1658 in
435 1622 638 1668 Apoealipsi
663 1620 852 1657 Jollannis:
877 1622 1002 1656 civitas
1027 1624 1144 1669 magni
1172 1624 1266 1668 regis
1294 1624 1495 1658 exstruitur.
1542 1622 1611 1659 Ex-

226 1692 336 1736 ceptis
356 1690 456 1725 sestis
472 1688 594 1724 diebus
621 1689 677 1723 vix
704 1687 815 1722 oleum
842 1689 875 1721 in
900 1687 978 1722 eibo
1004 1688 1211 1734 accipiebat,
1240 1692 1276 1723 ut
1300 1699 1342 1724 ex
1367 1688 1431 1723 hoe
1449 1700 1516 1723 uno
1533 1699 1611 1725 aes—

225 1758 427 1797 timaretur,
477 1755 558 1802 quid
593 1755 636 1789 de
668 1755 748 1788 vino
785 1757 819 1789 et
852 1753 894 1790 de
930 1754 1119 1800 liquamine
1152 1758 1186 1789 et
1218 1754 1372 1799 piscibus
1406 1760 1440 1790 et
1462 1754 1553 1790 laete
1578 1760 1611 1791 et

225 1824 324 1859 melle
351 1828 385 1859 et
410 1825 485 1857 ovis
512 1826 546 1857 et
572 1821 730 1869 reliquis.
759 1830 850 1867 quae
879 1823 996 1867 gustui
1024 1822 1149 1855 suavia
1174 1821 1254 1862 sint,
1278 1821 1460 1865 judicarit,
1485 1823 1517 1854 in
1535 1823 1611 1866 qui-

224 1891 286 1925 bus
317 1890 491 1925 sumendis
520 1889 657 1934 quidam
683 1898 721 1922 se
746 1886 1063 1921 abstinentissimos
1091 1890 1214 1931 putant
1240 1890 1294 1928 et,
1321 1887 1349 1920 si
1376 1885 1430 1920 his
1456 1891 1608 1922 ventrem

222 1957 541 2003 ingurgitaverint,
593 1958 699 1988 tutam
724 1952 925 1999 pudicitiam
959 1954 1194 1997 suspicantur.
1267 1951 1356 1986 Novi
1384 1962 1608 1988 susurronem

221 2023 404 2069 quendam,
432 2021 523 2067 quod
550 2031 661 2067 genus
688 2020 859 2054 hominum
889 2020 955 2055 vile
981 2022 1047 2060 est,
1073 2019 1172 2064 quasi
1198 2018 1403 2054 benevolum
1424 2020 1603 2054 nuntiasse

220 2089 312 2135 quod
347 2098 432 2133 prae
469 2089 573 2121 nimio
609 2086 747 2122 fervore
781 2086 943 2130 virtutum
980 2084 1186 2130 quibusdam
1223 2084 1401 2119 videretur
1426 2085 1551 2119 insana
1575 2089 1609 2120 et

219 2154 396 2189 cerebrum
424 2153 516 2188 illius
542 2153 673 2188 diceret
697 2150 971 2193 confovendum,
1022 2151 1076 2184 eui
1104 2150 1166 2184 illa
1190 2149 1388 2194 respondit:
1436 2150 1607 2185 theatrum

220 2221 301 2255 l'aeti
328 2230 444 2254 sumus
469 2219 594 2253 mundo
620 2222 654 2253 et
677 2217 814 2264 angelis
839 2221 873 2251 et
897 2215 1112 2251 hominibus:
1136 2225 1200 2249 nos
1225 2215 1321 2249 stulti
1347 2216 1605 2261 p1·opterCln·i-

217 2291 319 2330 stum,
346 2286 408 2321 sed
432 2285 571 2320 stultum
597 2284 660 2319 Dei
687 2284 882 2328 sapientius
910 2285 963 2317 est
988 2280 1196 2317 hominibus.
1245 2281 1329 2316 Post
1354 2283 1506 2317 virorum
1533 2292 1604 2317 mo-

217 2355 418 2395 nasterium,
446 2350 538 2397 quod
566 2351 649 2385 viris
674 2349 869 2384 tradiderat
883 2347 1160 2394 gubernandum,
1190 2347 1309 2393 plures
1323 2349 1491 2394 virgines,
1517 2357 1605 2393 quas

217 2431 259 2455 ex
285 2420 434 2454 diversis
460 2418 651 2463 provinciis
690 2418 994 2462 congregaverat,
1044 2418 1113 2448 tam
1140 2413 1267 2448 nobilis
1294 2423 1395 2459 quam
1420 2413 1604 2448 mediocris

217 2490 251 2521 et
275 2486 377 2521 intimi
403 2485 543 2531 generis
572 2484 604 2517 in
633 2486 704 2518 tres
728 2486 857 2516 turmas
884 2484 918 2516 et
945 2482 1160 2516 monasteria
1180 2480 1311 2523 divisit,
1338 2481 1387 2514 ita
1412 2478 1601 2518 dumtaxat,

216 2554 251 2585 nt
277 2562 382 2595 opere
417 2554 451 2585 et
482 2549 560 2584 cibo
587 2552 775 2594 separatae
801 2548 944 2593 psalmis
978 2551 1012 2583 et
1045 2549 1202 2581 oratione
1232 2547 1474 2592 ,junget-entur.
1521 2543 1595 2579 Jur›

215 2620 340 2663 gantes
368 2617 456 2649 inter
483 2626 521 2651 se
547 2626 705 2650 sermone
731 2615 907 2649 lenissimo
935 2613 1160 2655 foederabat,
1197 2612 1432 2646 lascivientem
1461 2608 1596 2644 adoles-

215 2681 425 2717 centularum
454 2691 588 2715 carnem
616 2681 748 2715 trebi-is
773 2685 804 2715 et
831 2680 1017 2725 duplicatis
1055 2678 1239 2722 frangebat
1262 2676 1428 2721 jeJuniis,
1471 2674 1600 2710 malens

215 2757 275 2781 eas
300 2745 510 2781 sunum-hum
538 2747 656 2781 ‹loli-re
681 2757 779 2790 quam
807 2749 962 2781 mentem.
991 2744 1107 2779 dicens
1134 2742 1332 2777 munditiam
1361 2743 1519 2786 corporis
1549 2744 1579 2774 at
