1742 3005
252 116 335 155 414
470 117 566 167 Cap.
598 115 733 153 XCVI.
790 115 849 153 De
881 124 1010 154 sancta
1038 117 1159 155 Maria
1190 117 1435 168 Magdalena.

254 227 403 259 ritatem.
454 222 608 267 Cumque
644 221 711 256 1100
741 223 846 256 tertio
880 223 1101 267 repetiisset.
1143 222 1249 258 beata
1271 223 1397 259 Maria
1433 221 1650 268 Magdalena

256 293 286 325 ei
321 287 522 334 respondit:
557 287 686 323 accede
721 289 867 333 propius
900 291 935 322 et
968 289 1138 331 omnium,
1184 299 1275 333 quae
1319 290 1497 325 desiderat
1533 290 1650 322 anima

253 361 334 398 tua,
362 355 453 389 scire
478 355 613 398 poteris
639 356 832 389 veritatem.
884 353 1036 399 Cumque
1072 354 1132 389 ille
1157 358 1309 388 tremens
1336 366 1448 400 usque
1475 355 1518 389 ad
1546 355 1648 389 medii

253 423 361 468 spatii
385 421 568 455 terminum
595 421 934 466 appropinquasset,
969 422 1018 454 ait
1052 420 1095 454 ad
1131 431 1227 454 eum:
1262 422 1446 455 meministi
1474 431 1516 455 ex
1543 431 1649 455 evan-

253 489 348 534 gelio
377 487 419 522 de
445 485 561 521 Maria
586 487 647 520 illa
684 486 821 520 famosa
852 486 1069 531 peceatrice,
1106 496 1195 531 quae
1228 486 1337 531 pedes
1370 486 1559 520 salvatoris
1594 487 1649 521 la-

252 555 377 600 crymis
403 553 511 595 lavit,
539 552 676 597 capillis
702 553 805 586 tersit
831 555 865 586 et
890 562 1029 585 suorum
1057 550 1260 586 delictorum
1280 554 1413 587 veniam
1432 553 1650 597 promeruit?

255 622 318 655 (lui
344 618 533 654 sacerdos:
572 618 709 652 memini
749 621 783 652 et
809 617 887 662 plus
915 627 1016 663 quam
1040 619 1188 663 triginta
1212 627 1379 652 annorum
1407 618 1548 652 evolata
1571 622 1652 652 sunt

253 685 447 726 curricula,
483 683 576 728 quod
601 683 670 718 hoc
695 683 822 717 sactum
849 685 951 717 etiam
979 687 1101 717 sancta
1127 683 1239 718 credit
1273 688 1307 718 et
1329 683 1514 718 confitetur
1539 684 1650 718 eccle-

254 753 319 786 sia.
368 749 466 795 Ego,
505 750 638 794 inquit,
675 759 749 782 sum
789 748 872 789 illa,
912 757 1003 793 quae
1035 759 1099 792 per
1124 750 1272 794 triginta
1305 759 1472 783 annorum
1499 751 1650 794 spatium

255 816 414 852 omnihus
447 814 646 849 hominibus
681 815 806 859 ignota
844 814 1021 858 permansi
1071 818 1104 848 et
1149 815 1240 848 sicut
1279 815 1344 848 11111
1390 814 1467 849 heri
1507 825 1652 850 cernere

255 884 462 929 permissum
497 884 570 923 est,
609 881 660 913 sic
695 879 846 925 singulis
882 878 1005 913 diebus
1039 879 1211 925 angelicis
1246 880 1404 914 manibus
1440 881 1476 914 in
1506 882 1654 916 aethera

255 949 440 984 sublevata
470 947 674 981 coelestium
709 947 883 991 agminum
926 944 1164 982 dulcissimam
1202 945 1453 990 jubilationem
1496 943 1652 993 septenis

257 1015 389 1050 vicibus
414 1024 477 1058 per
500 1012 661 1057 singulos
688 1011 764 1046 dies
791 1012 973 1056 corporeis
1002 1011 1146 1045 auribus
1172 1011 1295 1046 audire
1328 1015 1516 1057 promerui.
1565 1014 1654 1054 Quia

258 1083 366 1128 igitur
389 1079 471 1113 mihi
504 1088 524 1112 a
550 1079 689 1112 domino
715 1077 905 1112 revelatum
941 1081 1013 1119 est,
1048 1077 1140 1122 quod
1177 1088 1219 1111 ex
1253 1077 1320 1111 1100
1352 1080 1547 1125 migratura
1579 1089 1652 1113 sum

257 1147 418 1187 saeculo,
459 1144 599 1179 beatum
637 1142 864 1177 Maximinum
901 1143 1011 1178 adeas
1051 1146 1085 1177 et
1125 1145 1157 1178 ei
1192 1143 1260 1177 1100
1291 1144 1436 1179 studeas
1478 1146 1653 1185 intimare,

258 1214 418 1260 proximo
445 1210 501 1246 die
527 1209 796 1244 resurrectionis
825 1207 1019 1242 dominicae
1053 1212 1231 1253 tempore,
1268 1222 1335 1255 quo
1371 1210 1415 1245 ad
1450 1212 1653 1245 matutinum

258 1288 406 1324 surgere
429 1277 634 1317 consuevit,
668 1275 859 1309 oratorium
892 1274 989 1309 solus
1016 1274 1236 1320 ingrediatur
1271 1279 1305 1310 et
1329 1287 1382 1311 me
1409 1276 1480 1310 illic
1504 1287 1568 1321 per
1592 1286 1653 1310 an-

258 1345 417 1391 gelorum
443 1344 672 1377 ministerium
700 1342 853 1376 inveniet
877 1342 1137 1375 consistentem.
1188 1341 1364 1376 Sacerdos
1393 1345 1508 1376 autem
1534 1352 1653 1377 vocem

260 1412 338 1456 ejus
364 1410 460 1445 velut
486 1419 605 1443 vocem
632 1408 751 1454 angeli
777 1407 967 1450 audiebat,
1002 1407 1172 1442 neminem
1207 1411 1322 1442 autem
1357 1406 1512 1443 videbat.
1562 1408 1653 1442 Con-

258 1479 348 1511 citus
384 1477 493 1522 igitur
524 1474 664 1509 beatum
698 1474 927 1509 Maximinum
963 1472 1053 1507 adiit
1095 1477 1130 1507 et
1163 1475 1195 1508 ei
1239 1475 1354 1508 omnia
1396 1484 1460 1518 per
1499 1473 1654 1508 ordinem

261 1544 459 1584 enarravit,
498 1545 641 1575 sanctus
678 1545 792 1575 autem
817 1539 1030 1575 Maximinus
1066 1541 1172 1573 nimio
1198 1540 1353 1585 repletus
1377 1539 1509 1585 gaudio
1535 1540 1654 1575 salva-

258 1610 328 1642 tori
354 1608 489 1653 gratias
521 1608 707 1641 immensas
739 1606 860 1642 retulit
893 1609 926 1640 et
957 1605 1020 1639 illa
1055 1604 1112 1640 die
1146 1616 1186 1640 ac
1223 1606 1333 1649 hora,
1369 1610 1406 1640 ut
1429 1606 1497 1640 sibi
1518 1607 1655 1652 jussum

260 1675 397 1717 suerat,
435 1675 626 1708 oratorium
663 1674 760 1707 solus
796 1674 981 1717 ingressus
1008 1671 1103 1706 videt
1125 1671 1266 1706 beatam
1292 1671 1440 1706 Mariam
1467 1672 1655 1718 Magdale-

260 1751 359 1782 nam,
395 1742 429 1774 in
455 1740 564 1773 choro
589 1738 705 1773 adhuc
731 1741 878 1772 stantem
906 1748 1044 1780 eorum,
1079 1739 1137 1782 qui
1172 1747 1246 1771 eam
1272 1737 1509 1781 adduxerant,
1543 1748 1654 1784 ange-

259 1806 381 1840 lorum.
430 1804 516 1839 Erat
541 1809 653 1839 autem
680 1805 796 1848 spatio
823 1802 967 1836 duorum
991 1802 1185 1836 cubitorum
1212 1802 1351 1837 elevata
1376 1813 1397 1836 a
1420 1807 1527 1844 terra,
1558 1807 1655 1837 stans

261 1874 295 1905 in
320 1870 434 1904 medio
461 1870 666 1915 angelorum
695 1873 729 1903 et
761 1869 916 1903 extensis
951 1868 1109 1901 manibus
1134 1867 1242 1902 Deum
1269 1878 1433 1904 exorans,
1483 1868 1563 1902 Cum
1593 1879 1653 1903 au-

259 1942 328 1972 10111
354 1937 478 1971 beatus
504 1935 714 1970 Maximinus
741 1935 786 1968 ad
813 1944 888 1968 eam
915 1934 1084 1968 accedere
1115 1934 1330 1978 trepidaret,
1369 1944 1540 1969 conversa
1568 1934 1656 1968 dixit

262 2004 305 2038 ad
341 2013 437 2037 eum:
475 2001 603 2036 accede
638 2000 704 2034 11110
728 2002 874 2045 propius
899 2010 964 2035 nec
989 2000 1106 2045 fugias
1134 1999 1237 2033 liliam
1269 2004 1386 2041 tuam,
1421 2004 1531 2044 pater.
1581 2000 1654 2045 Ap-

262 2070 519 2114 propinquante
544 2071 658 2101 autem
693 2077 748 2108 00,
784 2059 880 2100 sicut
908 2067 941 2099 in
976 2066 1087 2110 ipsius
1118 2065 1215 2099 beati
1240 2065 1421 2100 Maximini
1445 2066 1578 2111 legitur
1610 2066 1654 2100 li-

262 2135 357 2176 bris,
387 2135 436 2167 ita
459 2133 574 2167 vultus
601 2132 763 2167 dominae
788 2143 830 2167 ex
856 2133 1021 2166 continua
1047 2135 1081 2165 et
1107 2131 1270 2165 diuturna
1295 2133 1428 2166 visione
1450 2132 1653 2177 angelorum

263 2199 444 2241 radiabat,
478 2203 516 2233 ut
549 2199 690 2233 facilius
723 2198 811 2232 solis
848 2197 969 2232 radios
1006 2208 1108 2242 quam
1142 2196 1264 2231 faciem
1301 2207 1397 2230 suam
1424 2199 1548 2232 intueri
1577 2201 1654 2243 quis

260 2269 394 2310 posset.
453 2264 653 2298 Convocato
696 2266 805 2309 igitur
842 2265 1006 2298 universo
1050 2262 1144 2297 clero
1179 2267 1213 2297 et
1250 2263 1437 2299 sacerdote
1472 2265 1654 2310 praedicto

261 2341 388 2376 corpus
423 2334 457 2366 et
490 2331 695 2375 sanguinem
729 2329 857 2381 donnini
891 2329 935 2363 ab
971 2330 1138 2374 episcopo
1165 2328 1271 2363 beata
1295 2329 1413 2364 Maria
1439 2330 1654 2377 Magdalena

260 2408 335 2431 0010
372 2397 480 2431 multa
517 2396 746 2440 lacrymarum
779 2395 1004 2430 inundatione
1041 2396 1216 2439 suscepit,
1255 2395 1482 2430 (1010(101010
1506 2406 1651 2441 corpore

261 2467 341 2498 ante
368 2463 490 2497 altaris
522 2462 745 2507 ¹)prostrato
770 2460 983 2505 crepidinem
1009 2462 1232 2496 sanctissima
1262 2461 1323 2495 illa
1350 2464 1464 2497 anima
1490 2463 1650 2506 migravit

261 2529 304 2562 ad
332 2529 517 2563 dominum.
567 2527 650 2562 Post
673 2528 772 2572 cujus
799 2528 927 2561 exitum
955 2531 1071 2562 tantus
1098 2527 1187 2561 odor
1212 2528 1398 2561 suavitatis
1433 2527 1559 2561 ibidem
1595 2538 1648 2560 re*

262 2595 404 2635 mansit,
435 2597 473 2627 ut
497 2604 560 2638 per
585 2597 717 2637 septem
745 2592 820 2628 dies
849 2593 923 2628 sere
950 2593 994 2628 ab
1023 2591 1303 2639 ingredientibus
1329 2593 1516 2627 oratorium
1543 2595 1650 2628 senti<

335 2737 361 2769 1)
381 2735 432 2764 itd.
452 2739 494 2763 l’r.
515 2738 591 2763 111010
612 2742 815 2772 prostrata
836 2737 1043 2773 crepidine
1063 2737 1145 2769 legit.
