1742 3005
210 79 292 118 458
450 82 545 132 Cap.
578 82 657 119 CX.
715 82 774 118 De
814 89 945 119 sancto
981 82 1093 120 Petro
1124 83 1172 120 ad
1205 84 1371 120 vincula.

211 186 244 218 in
269 186 403 218 oriente
429 185 568 225 Asiam,
602 184 746 218 Pontum
781 188 816 219 et
851 185 1005 219 Africam
1030 188 1239 231 possideret.
1288 188 1459 222 Antonius
1487 192 1598 221 autem

212 250 364 282 lascivus
391 253 425 283 ct
449 249 605 283 lubricus
632 260 705 283 cum
731 259 887 284 sororem
916 249 1101 285 Octaviani
1126 253 1158 285 in
1184 263 1325 287 uxorem
1353 253 1518 292 haberet,
1545 255 1597 297 ip-

209 324 281 347 sam
308 314 505 358 repudiavit
531 319 564 349 et
589 315 809 360 Cleopatram
835 316 994 361 reginam
1020 316 1173 361 Aegypti
1212 318 1245 351 in
1281 328 1422 352 uxorem
1448 320 1597 363 aceepit.

209 380 260 414 Ob
296 379 360 414 hoe
395 379 598 425 indignatus
633 380 846 415 Octavianus
880 391 981 415 manu
1006 386 1141 416 armata
1173 383 1207 416 in
1232 382 1352 416 Asiam
1378 388 1499 417 eontra
1525 383 1597 417 An-

209 447 335 479 tonium
363 445 523 490 procedit
548 449 581 479 et
605 447 715 490 ipsum
742 447 775 480 in
802 446 961 480 omnibus
995 448 1186 491 superavit.
1236 447 1337 482 Tune
1369 448 1539 482 Antonius
1567 454 1601 483 et

207 510 398 555 Cleopatra
423 512 504 544 vieti
533 511 696 556 sugerunt
720 521 761 545 ac
786 516 895 546 semet
928 514 1025 556 ipsos
1057 523 1142 557 prae
1173 514 1277 547 11imio
1308 513 1431 547 dolore
1458 513 1597 548 occide-

207 580 296 610 runt.
344 575 499 621 Aegypti
541 578 648 622 igitur
672 588 837 622 ‚reguum
884 578 1095 612 Octavianus
1138 578 1310 613 destruxit
1344 582 1379 613 et
1411 578 1597 613 Romanam

209 642 425 685 provinciam
461 641 552 675 feeit.
601 641 685 676 Inde
723 644 754 675 in
790 643 1038 677 Alexandriam
1074 645 1230 688 perrexit
1263 648 1297 678 et
1331 644 1490 678 omnibus
1523 654 1596 678 eam

205 706 337 739 divitiis
365 706 522 749 spolians
548 705 689 740 Romam
714 709 812 753 ipsas
842 710 1053 750 transvexit,
1090 709 1180 743 unde
1215 709 1461 753 rempublicam
1489 711 1597 750 auxit,

205 774 254 805 ita
282 771 372 816 quod
401 782 463 816 pro
491 782 558 805 uno
587 772 732 806 denario
758 772 921 814 daretur,
957 774 1048 818 quod
1080 775 1177 818 prius
1201 785 1264 818 pro
1291 779 1441 819 quatuor
1469 775 1596 809 vende—

205 836 318 870 batur.
368 835 410 870 Et
439 839 521 881 quia
548 837 666 871 civilia
690 837 786 872 bella
811 838 914 872 valde
943 838 1060 873 urbem
1088 843 1336 881 vastaverant⁷
1363 841 1413 873 ita
1437 850 1513 874 eam
1541 850 1594 874 re—

204 904 364 943 novavit,
397 906 435 936 ut
462 902 608 937 dixerit:
642 904 759 938 inveni
783 904 994 945 lateritiam,
1030 905 1187 950 relinquo
1220 915 1457 940 marmoream.
1507 905 1598 945 Quia

203 970 312 1013 igitur
337 969 371 1002 in
396 972 527 1002 tantum
554 969 800 1013 rempublicam
835 971 953 1011 auxit,
989 970 1169 1015 Augustus
1206 973 1316 1015 primo
1349 973 1497 1005 omnium
1535 982 1595 1005 vo-

203 1038 301 1068 catus
328 1038 399 1074 est,
432 1034 522 1068 unde
548 1038 582 1068 et
607 1034 650 1068 ab
678 1046 719 1069 eo
746 1035 897 1081 Augusti
923 1035 1008 1069 dicti
1042 1040 1142 1077 sunt,
1178 1038 1236 1081 qui
1273 1036 1342 1070 sibi
1380 1038 1412 1070 in
1449 1038 1594 1081 imperio

203 1103 468 1139 sueoesserunt,
494 1100 585 1133 siout
611 1110 633 1133 a
657 1100 750 1135 Julio
777 1100 930 1135 Caesare
963 1102 1039 1145 ejus
1064 1102 1235 1136 avunculo
1263 1102 1436 1137 Caesares
1470 1104 1593 1147 appel-

203 1165 327 1199 lantur.
376 1163 472 1199 Unde
498 1169 532 1199 et
557 1165 647 1199 hunc
672 1176 822 1199 mensem
850 1166 1067 1211 Augustum,
1105 1169 1161 1211 qui
1189 1169 1284 1212 prius
1319 1168 1463 1202 Sextilis
1497 1169 1593 1204 dioe-

202 1231 326 1270 batur„
360 1232 442 1275 quia
478 1240 499 1264 a
533 1230 663 1265 Martio
700 1236 820 1265 sextus
846 1236 942 1273 erat,
978 1232 1127 1276 populns
1152 1242 1216 1266 suo
1242 1235 1379 1268 nomine
1406 1235 1594 1269 intitulavit

203 1308 278 1331 eum
303 1296 498 1341 Augustum
524 1307 666 1331 vocans.
714 1296 751 1331 ln
777 1298 975 1331 memoriam
1003 1299 1121 1342 itaque
1157 1303 1191 1332 et
1225 1297 1391 1333 honorem
1425 1301 1594 1335 victoriae

201 1362 317 1404 illius,
353 1372 452 1407 quam
482 1364 594 1407 prima
619 1363 674 1397 die
700 1363 851 1409 Augusti
878 1363 1088 1397 Octavianus
1116 1363 1257 1405 habuit,
1296 1374 1415 1399 omnes
1448 1364 1593 1399 Romani

202 1428 290 1462 haue
316 1429 407 1463 diem
434 1429 868 1474 sollemnizabaut‘usque
904 1428 947 1462 ad
974 1432 1109 1473 tempus
1136 1429 1330 1464 Theodosii
1358 1431 1593 1475 imperatoris,

201 1497 258 1540 qui
294 1497 411 1539 eoepit
446 1505 596 1540 regnare
623 1505 713 1529 anno
739 1495 869 1529 domini
895 1493 1137 1529 eeecxxw.
1186 1493 1347 1529 Eudoxia
1380 1497 1489 1541 igitur
1522 1497 1594 1531 lilia

201 1560 373 1604 praedicti
402 1560 597 1595 Theodosii
623 1563 844 1605 imperatoris
878 1571 965 1595 uxor
989 1560 1223 1595 Valentiniani
1250 1560 1516 1597 Hierosolimam
1550 1574 1592 1598 ex

201 1631 283 1660 voto
309 1628 483 1670 perrexit,
516 1627 574 1661 ubi
602 1627 738 1671 quidam
763 1627 918 1661 Judaeus
946 1637 1009 1671 pro
1036 1636 1162 1671 magno
1191 1637 1330 1661 munere
1357 1627 1443 1662 duas
1476 1630 1508 1663 ei
1535 1639 1593 1663 ca-

199 1695 300 1725 tenas
334 1691 480 1734 obtulit,
522 1692 648 1737 quibus
689 1693 752 1725 sub
787 1692 925 1726 Herode
957 1691 1081 1725 Petrus
1125 1693 1309 1736 apostolus
1345 1694 1481 1728 vinetus
1515 1695 1589 1729 l'uit.

200 1758 283 1791 Cum
309 1759 417 1801 igitur
442 1758 583 1792 Romam
610 1757 775 1791 rediisset
801 1759 832 1791 in
861 1756 1015 1791 calendis
1041 1756 1191 1801 Augusti
1229 1762 1262 1791 et
1288 1757 1453 1793 honorem
1481 1761 1590 1803 impo-

201 1825 329 1858 ratoris
370 1824 515 1869 gentilis
554 1833 715 1857 romanos
747 1823 993 1856 sollemnizare
1019 1822 1167 1863 videret,
1195 1822 1339 1865 dolens,
1369 1824 1460 1869 quod
1493 1824 1589 1858 (lani-

199 1893 280 1922 nato
310 1888 438 1922 homini
466 1892 582 1922 tantus
610 1888 721 1922 honor
747 1887 990 1928 exhiberetur,
1026 1889 1275 1932 cogitansque,
1313 1889 1404 1933 quod
1438 1901 1504 1923 non
1530 1901 1590 1923 eos

200 1954 243 1988 de
269 1954 365 1988 l'aeili
392 1964 412 1988 a
439 1955 502 1988 tali
527 1954 662 1988 cultura
687 1958 722 1987 et
747 1952 999 1987 consuetudine
1029 1963 1198 1987 revocare
1225 1958 1367 1997 posset,
1403 1956 1591 2000 cogitando

200 2022 384 2060 tractavit,
418 2024 455 2054 ut
487 2019 714 2053 observantia
741 2018 883 2063 quidem
904 2019 955 2052 sie
980 2022 1107 2054 staret.
1133 2018 1196 2052 sed
1225 2021 1259 2053 in
1285 2019 1450 2054 honorem
1478 2022 1591 2054 saneti

197 2086 290 2121 Petri
317 2086 434 2126 lieret,
468 2090 501 2119 et
533 2084 626 2118 illum
654 2084 741 2118 diem
768 2085 952 2118 universus
979 2084 1128 2128 populus
1154 2084 1199 2118 ad
1225 2086 1362 2119 vincula
1385 2087 1589 2121 nominaret.

199 2152 326 2186 llabita
352 2153 460 2195 igitur
483 2150 672 2184 collatione
699 2160 773 2183 eum
806 2150 911 2183 heato
946 2149 1091 2193 Pelagio
1126 2160 1218 2194 papa
1252 2152 1413 2195 populum
1451 2151 1590 2185 blandis

198 2216 503 2251 exhortationibus
530 2215 758 2257 induxerunt,
792 2219 829 2248 ut
862 2214 1032 2248 oblivioni
1066 2215 1265 2250 traderetur
1297 2218 1462 2251 memoria
1493 2218 1589 2261 prin-

199 2284 287 2327 cipis
322 2292 539 2326 paganorum
574 2285 609 2314 et
643 2281 793 2315 celebris
827 2281 926 2314 lieret
952 2282 1117 2314 memoria
1145 2282 1312 2325 principis
1337 2283 1587 2327 apostolorum.

198 2347 298 2387 Quod
325 2347 402 2380 dum
429 2348 563 2380 eunetis
591 2347 804 2391 placuisset,
839 2346 900 2379 illa
925 2350 1091 2387 catenas,
1125 2357 1213 2391 quas
1245 2347 1288 2381 de
1313 2347 1506 2383 Jerusalem
1535 2352 1589 2382 at-

196 2413 343 2453 tulerat,
376 2412 523 2456 protulit
554 2416 588 2446 et
622 2412 752 2456 populo
786 2411 950 2445 ostendit.
1000 2410 1097 2455 Papa
1129 2422 1211 2445 vero
1244 2417 1279 2447 et
1310 2413 1402 2447 illam
1431 2418 1586 2447 catenam

198 2478 362 2521 protulit,
401 2488 471 2522 qua
501 2477 564 2511 suh
600 2477 738 2511 Nerone
772 2477 860 2511 idem
896 2477 1080 2521 apostolus
1114 2478 1248 2512 vinetus
1280 2478 1355 2512 suit.
1404 2478 1476 2512 Hae
1500 2488 1586 2521 ergo

199 2541 267 2574 illis
296 2544 431 2576 sociata
457 2544 507 2576 ita
532 2543 742 2577 miraculose
768 2552 837 2575 uua
860 2546 985 2576 eatena
1009 2542 1102 2576 faeta
1126 2547 1201 2583 est,
1233 2553 1273 2576 ac
1304 2544 1331 2576 si
1358 2553 1496 2585 semper
1519 2552 1584 2575 una

199 2610 232 2639 et
260 2606 378 2639 eadem
406 2609 612 2641 exstitisset.
658 2606 755 2641 Unde
783 2616 875 2651 papa
900 2612 933 2641 et
959 2609 1079 2650 regina
1106 2609 1263 2651 protinus
1291 2611 1504 2644 statuerunt„
1538 2612 1584 2645 ut,

200 2670 290 2715 quod
316 2669 486 2703 hominum
514 2672 707 2707 indisereta
734 2672 860 2717 religio
889 2672 1043 2706 faciebat
1073 2672 1197 2716 gentili
1233 2671 1414 2709 damnato,
1450 2673 1481 2705 iu
1514 2683 1583 2708 me-
