1742 3005
389 125 484 176 Cap.
514 125 644 162 XLVI.
706 127 762 163 De
793 132 924 163 sancto
956 127 1153 176 Gregorio.
1393 128 1470 166 195

78 236 235 275 tempore
262 229 327 264 fuit
351 227 489 274 quidam
515 230 670 273 eremita,
696 232 912 277 vii-magnae
926 232 1075 273 virtutis,
1102 232 1161 277 qui
1185 233 1302 266 omnia
1325 236 1468 277 propter

79 296 187 331 Deum
220 295 413 341 reliquerat
444 299 477 329 et
511 293 597 328 nihil
628 301 770 340 praeter
802 307 904 331 unam
935 302 1061 331 cattam
1094 288 1317 342 possidebat,
1365 309 1465 344 quam

77 361 260 396 blandiens
293 361 416 395 crebro
458 361 559 406 quasi
591 361 877 397 cohabitatricem
910 364 945 396 in
987 365 1059 397 suis
1096 367 1239 409 gremiis
1271 365 1465 400 refovebat.

77 426 199 462 Oravit
223 428 332 473 igitur
355 426 400 460 ad
424 426 552 469 Deum,
586 431 623 461 ut
647 427 716 461 sibi
741 428 928 462 ostendere
953 428 1175 473 dignaretur,
1218 441 1292 464 euni
1317 442 1384 476 quo
1410 431 1465 466 su-

75 497 174 527 turae
199 493 488 528 remunerationis
513 493 725 526 mansionem
749 502 894 536 sperare
920 492 1119 528 debuisset.
1146 495 1203 539 qui
1230 495 1323 529 illius
1349 506 1466 531 amore

76 557 125 591 nil
151 569 192 592 ex
218 558 349 591 divitiis
377 557 480 601 hujus
508 556 641 590 saeculi
667 557 876 601 possideret.
938 558 1093 598 Quadam
1126 560 1236 604 igitur
1265 566 1367 595 nocte
1396 563 1466 595 sibi

78 624 268 664 revelatur,
298 621 391 668 quod
418 632 491 655 cum
520 620 712 667 Gregorio,
743 622 897 657 Romano
922 624 1105 668 pontifice,
1147 627 1361 661 mansionem
1395 628 1465 661 sibi

74 699 219 733 sperare
245 688 401 723 deberet.
457 687 502 722 At
527 687 585 722 ille
620 688 759 722 fortiter
785 690 1018 734 ingemiscens
1051 700 1171 734 parum
1202 690 1271 724 sibi
1304 692 1463 727 volunta-

74 756 159 789 riam
184 758 423 799 paupertatem
451 753 628 797 profuisse
657 754 819 797 putabat,
845 756 875 788 si
902 765 976 788 eum
1003 766 1044 789 eo
1072 758 1383 791 remunerationem
1407 769 1463 793 re—

73 821 225 865 ciperet,
256 821 314 865 qui
340 822 448 854 tantis
473 819 707 854 mundialibus
736 818 867 853 divitiis
893 820 1099 854 abundaret.
1155 821 1237 855 Cum
1262 833 1348 867 ergo
1377 823 1462 858 Gre-

73 887 167 931 gorii
193 886 333 919 divitias
368 896 452 920 suae
485 886 683 930 paupertati
717 884 775 919 die
817 890 990 930 noctuque
1025 887 1236 930 suspirando
1274 889 1462 928 conferret,

73 952 145 986 alia
168 956 270 985 noct-e
289 951 423 985 audivit
445 950 618 984 dominum
636 950 706 983 sibi
729 949 916 983 dicentem:
942 961 1017 985 cum
1036 951 1176 986 divitem
1196 963 1263 987 non
1281 957 1462 998 possessio

72 1017 282 1058 divitiarum,
308 1016 371 1050 sed
396 1015 523 1060 cupido
549 1015 672 1051 saciat,
698 1025 759 1048 cur
783 1015 892 1050 audes
917 1022 1156 1061 paupertatem
1182 1023 1274 1052 tuam
1301 1019 1462 1064 Gregorii

71 1083 203 1117 divitiis
228 1091 451 1126 comparare,
486 1082 544 1126 qui
569 1082 681 1125 inagis
709 1081 802 1114 illam
829 1086 972 1119 cattam,
1014 1093 1113 1127 quam
1141 1083 1271 1120 habes,
1306 1086 1462 1130 quotidie

72 1147 246 1193 palpando
286 1147 436 1193 diligere
475 1146 734 1191 comprobaris,
787 1157 888 1192 quani
921 1147 980 1181 ille
1015 1152 1130 1181 tantas
1168 1149 1328 1187 divitias,
1374 1162 1460 1196 quas

70 1224 139 1253 non
169 1212 335 1254 amando,
377 1212 440 1247 sed
464 1211 716 1246 contemnendo
742 1214 943 1257 cunctisque
969 1212 1166 1248 liberaliter
1189 1215 1374 1259 largiendo
1405 1218 1458 1251 ‹li-

71 1281 218 1325 spergit.
265 1278 386 1324 ltaque
412 1278 592 1312 solitarius
616 1278 689 1311 Deo
723 1279 857 1321 gratias
884 1278 1002 1312 retulit
1034 1283 1067 1312 et
1092 1280 1150 1323 qui
1181 1282 1337 1315 meritum
1363 1294 1458 1317 suum

70 1344 319 1387 decrevisse1)
350 1347 553 1387 putaverat,
595 1344 626 1376 si
652 1342 823 1387 Gregorio
848 1342 1081 1383 conferretur,
1123 1354 1225 1379 orare
1250 1349 1384 1391 coepit,
1423 1353 1460 1382 ut

71 1420 146 1444 cum
167 1420 208 1444 eo
235 1410 447 1442 mansionem
475 1408 683 1453 quandoque
709 1409 889 1451 percipere
915 1413 1116 1442 inereretur.
1143 1429 1189 1433 —
1211 1430 1256 1435 ——
1304 1415 1346 1449 S,
1377 1412 1457 1447 Cum

70 1475 163 1520 apud
194 1474 395 1509 Mauritium
428 1475 669 1518 imperatorem
704 1478 737 1507 et
770 1472 860 1505 lilios
891 1473 967 1517 ejus
999 1483 1105 1517 super
1135 1479 1243 1509 morte
1278 1477 1459 1521 eujusdam

70 1542 228 1586 episcopi
252 1540 343 1573 salso
378 1543 622 1579 accusaretur,
661 1539 710 1572 sic
741 1539 791 1572 ait
823 1539 856 1571 in
891 1538 1059 1582 epistola,
1105 1549 1205 1584 quam
1239 1544 1457 1585 apocrisario

67 1607 188 1641 mittit:
211 1616 315 1640 unum
339 1609 405 1647 est,
431 1603 524 1649 quod
551 1603 704 1637 breviter
728 1612 902 1649 suggeras
929 1603 1077 1637 dominis
1101 1606 1199 1647 meis,
1226 1607 1308 1651 quia
1333 1609 1363 1641 si
1391 1620 1458 1655 ego

42 1681 191 1706 vservus
217 1681 334 1706 eorum
362 1672 397 1705 in
427 1675 571 1705 mortem
602 1668 916 1714 Longobardorum
949 1668 1001 1703 vel
1038 1669 1195 1704 damnum
1228 1682 1282 1705 me
1311 1675 1458 1710 miscere

70 1737 276 1779 voluissem⁷
322 1735 429 1771 hodic
455 1734 770 1781 Longobardorum
805 1744 892 1779 gens
917 1744 980 1769 nec
1013 1745 1130 1780 regem
1164 1747 1227 1771 nec
1250 1737 1370 1772 ducem
1395 1750 1459 1774 nec

67 1804 212 1837 comites
236 1802 384 1837 haberet
399 1806 504 1846 atque
529 1802 564 1834 in
588 1810 651 1834 sua
667 1800 873 1834 confusione
899 1804 1006 1841 esset,
1032 1800 1095 1834 sed
1115 1803 1195 1846 quia
1215 1802 1323 1837 Deum
1339 1806 1457 1848 timeo,

69 1870 104 1902 in
127 1872 270 1903 mortem
299 1868 489 1913 quuslibet
519 1866 669 1901 hominis
697 1875 751 1900 me
780 1866 927 1899 miscere
960 1865 1121 1900 formido.
1186 1866 1276 1902 Ecce
1308 1876 1458 1914 quantae

67 1933 274 1968 humilitatis
301 1934 446 1974 exstitit,
471 1934 555 1978 quia
577 1942 651 1966 cum
679 1935 773 1966 esset
799 1941 949 1964 summus
975 1932 1143 1975 pontifex,
1171 1934 1394 1978 imperatoris
1419 1947 1458 1970 se

67 2008 203 2033 servum
228 1997 393 2039 vocabat,
424 1997 596 2032 dominum
622 2007 720 2031 suum
752 2006 828 2030 eum
854 1996 1067 2040 appellabat.
1114 1996 1202 2032 Eece
1227 2004 1379 2044 quantae
1402 2003 1456 2035 in-

68 2064 271 2105 nocentiae,
318 2063 400 2108 quia
424 2064 460 2096 in
489 2067 634 2097 mortem
666 2063 881 2096 inimicorum
910 2071 1050 2095 suorum
1079 2065 1277 2097 consentire
1301 2065 1456 2106 nolebat,

67 2139 143 2164 cum
169 2127 357 2163 Mauritius
380 2129 571 2173 imperator
595 2127 802 2173 Gregorium
829 2131 863 2161 et
887 2126 1068 2161 ecclesiam
1086 2128 1151 2162 Dei
1175 2134 1455 2174 persequeretur:

68 2194 161 2229 Inter
191 2198 332 2228 caetera
362 2195 413 2228 sie
446 2195 477 2228 ei
510 2195 651 2238 scripsit
680 2191 888 2238 Gregorius:
939 2194 1021 2237 quia
1051 2194 1140 2227 enim
1172 2198 1338 2238 peccator
1370 2205 1456 2239 sum,

67 2259 187 2300 credo,
213 2258 307 2304 quod
331 2261 599 2305 omnipotentem
616 2259 725 2293 Deum
748 2262 844 2293 tanto
862 2256 962 2291 vobis
980 2258 1127 2302 amplius
1143 2258 1304 2303 placatis,
1330 2266 1459 2304 quanto

71 2335 124 2359 me
150 2326 183 2359 ei
205 2323 295 2358 male
319 2326 527 2360 servientem
551 2325 725 2371 affligitis.
781 2322 937 2363 Quadam
970 2324 1079 2368 igitur
1109 2325 1184 2358 viee
1217 2324 1356 2369 quidam
1383 2336 1455 2359 mo-

68 2391 203 2425 nastico
229 2388 351 2423 habitu
374 2388 514 2424 indutus
538 2394 672 2434 spatam
691 2390 912 2435 evaginatam
937 2387 1082 2422 dextera
1105 2393 1229 2422 tenens
1252 2399 1367 2424 coram
1394 2391 1456 2423 im-

70 2460 234 2500 peratore
271 2453 464 2498 intrepidus
504 2454 642 2488 adstitit
684 2459 718 2489 et
750 2458 873 2487 contra
905 2463 980 2486 eum
1019 2452 1159 2485 vibrans
1202 2453 1296 2486 illum
1334 2454 1457 2499 gladio

71 2521 270 2555 moriturum
301 2518 487 2563 praedixit.
550 2518 711 2553 Territus
747 2517 934 2553 Mauritius
968 2525 990 2549 a
1020 2517 1264 2559 persecutione
1294 2517 1457 2565 Gregorii

138 2677 168 2710 1)
185 2675 234 2703 Sic
250 2679 329 2703 recte
347 2675 440 2710 antiq.
468 2685 484 2703 n
502 2674 613 2702 verbo:
639 2672 892 2702 decrescere,
911 2671 1022 2703 legunt.
1066 2673 1188 2701 necent.
1216 2680 1251 2699 ex
1273 2672 1363 2706 gloss.
1391 2673 1456 2700 ‹le—

69 2720 216 2749 levisse
240 2719 422 2756 praeferunt.
890 2715 895 2718 ’

1053 2769 1137 2803 13*
