<?xml version="1.0" encoding="UTF-8"?>
<!DOCTYPE html PUBLIC "-//W3C//DTD XHTML 1.0 Transitional//EN"
    "http://www.w3.org/TR/xhtml1/DTD/xhtml1-transitional.dtd">
<html xmlns="http://www.w3.org/1999/xhtml" xml:lang="en" lang="en">
 <head>
  <title>
</title>
<meta http-equiv="Content-Type" content="text/html;charset=utf-8" />
  <meta name='ocr-system' content='tesseract 3.04.00' />
  <meta name='ocr-capabilities' content='ocr_page ocr_carea ocr_par ocr_line ocrx_word'/>
</head>
<body>
  <div class='ocr_page' id='page_1' title='image "./legendaaureavulg00jacouoft_0716.png"; bbox 0 0 1742 3005; ppageno 0'>
   <div class='ocr_carea' id='block_1_1' title="bbox 252 131 1319 185">
    <p class='ocr_par' dir='ltr' id='par_1_1' title="bbox 252 131 1319 185">
     <span class='ocr_line' id='line_1_1' title="bbox 252 131 1319 185; baseline -0.009 -6"><span class='ocrx_word' id='word_1_1' title='bbox 252 139 334 179; x_wconf 82' lang='lat'><strong>676</strong></span> <span class='ocrx_word' id='word_1_2' title='bbox 570 137 666 185; x_wconf 83' lang='lat' dir='ltr'><strong>Cap.</strong></span> <span class='ocrx_word' id='word_1_3' title='bbox 698 134 792 171; x_wconf 84' lang='lat' dir='ltr'><strong>CLI.</strong></span> <span class='ocrx_word' id='word_1_4' title='bbox 851 133 909 170; x_wconf 86' lang='lat' dir='ltr'><strong>De</strong></span> <span class='ocrx_word' id='word_1_5' title='bbox 940 138 1071 170; x_wconf 84' lang='lat' dir='ltr'><strong>sancta</strong></span> <span class='ocrx_word' id='word_1_6' title='bbox 1100 131 1319 183; x_wconf 75' lang='lat' dir='ltr'>Margarita.</span> 
     </span>
    </p>
   </div>
   <div class='ocr_carea' id='block_1_2' title="bbox 251 233 1648 993">
    <p class='ocr_par' dir='ltr' id='par_1_2' title="bbox 251 233 1648 993">
     <span class='ocr_line' id='line_1_2' title="bbox 251 233 1639 281; baseline -0.006 -4"><span class='ocrx_word' id='word_1_7' title='bbox 251 243 314 277; x_wconf 88' lang='lat' dir='ltr'><strong>Dei</strong></span> <span class='ocrx_word' id='word_1_8' title='bbox 346 247 468 274; x_wconf 84' lang='lat' dir='ltr'><strong>servus</strong></span> <span class='ocrx_word' id='word_1_9' title='bbox 497 240 602 272; x_wconf 85' lang='lat' dir='ltr'><strong>esset.</strong></span> <span class='ocrx_word' id='word_1_10' title='bbox 653 234 753 276; x_wconf 90' lang='lat' dir='ltr'><strong>Quod</strong></span> <span class='ocrx_word' id='word_1_11' title='bbox 786 245 860 270; x_wconf 89' lang='lat' dir='ltr'><strong>eum</strong></span> <span class='ocrx_word' id='word_1_12' title='bbox 894 234 952 270; x_wconf 86' lang='lat' dir='ltr'><strong>ille</strong></span> <span class='ocrx_word' id='word_1_13' title='bbox 986 233 1152 278; x_wconf 81' lang='lat' dir='ltr'><strong>fecisset,</strong></span> <span class='ocrx_word' id='word_1_14' title='bbox 1191 245 1269 269; x_wconf 82' lang='lat' dir='ltr'><strong>mox</strong></span> <span class='ocrx_word' id='word_1_15' title='bbox 1303 235 1346 269; x_wconf 81' lang='lat' dir='ltr'><strong>ab</strong></span> <span class='ocrx_word' id='word_1_16' title='bbox 1382 235 1443 270; x_wconf 79' lang='lat' dir='ltr'><strong>illa</strong></span> <span class='ocrx_word' id='word_1_17' title='bbox 1476 236 1639 281; x_wconf 81' lang='lat' dir='ltr'><strong>cognitus</strong></span> 
     </span>
     <span class='ocr_line' id='line_1_3' title="bbox 251 301 1641 350; baseline -0.006 -9"><span class='ocrx_word' id='word_1_18' title='bbox 251 313 468 350; x_wconf 81' lang='lat' dir='ltr'><strong>nequaquam</strong></span> <span class='ocrx_word' id='word_1_19' title='bbox 506 303 618 347; x_wconf 88' lang='lat' dir='ltr'><strong>ipsam</strong></span> <span class='ocrx_word' id='word_1_20' title='bbox 662 305 809 346; x_wconf 86' lang='lat' dir='ltr'><strong>propter</strong></span> <span class='ocrx_word' id='word_1_21' title='bbox 847 301 988 335; x_wconf 85' lang='lat' dir='ltr'>nimiam</span> <span class='ocrx_word' id='word_1_22' title='bbox 1028 301 1171 335; x_wconf 78' lang='lat' dir='ltr'>maciem</span> <span class='ocrx_word' id='word_1_23' title='bbox 1213 301 1391 346; x_wconf 83' lang='lat' dir='ltr'><strong>coguovit.</strong></span> <span class='ocrx_word' id='word_1_24' title='bbox 1449 302 1512 336; x_wconf 83' lang='lat' dir='ltr'><strong>Cui</strong></span> <span class='ocrx_word' id='word_1_25' title='bbox 1553 301 1641 335; x_wconf 83' lang='lat' dir='ltr'><strong>dixit</strong></span> 
     </span>
     <span class='ocr_line' id='line_1_4' title="bbox 252 364 1641 415; baseline -0.003 -10"><span class='ocrx_word' id='word_1_26' title='bbox 252 370 417 415; x_wconf 82' lang='lat' dir='ltr'><strong>Pelagia:</strong></span> <span class='ocrx_word' id='word_1_27' title='bbox 441 368 552 403; x_wconf 89' lang='lat' dir='ltr'><strong>habes</strong></span> <span class='ocrx_word' id='word_1_28' title='bbox 564 368 795 412; x_wconf 81' lang='lat' dir='ltr'><strong>episcopum?</strong></span> <span class='ocrx_word' id='word_1_29' title='bbox 829 365 872 401; x_wconf 89' lang='lat' dir='ltr'><strong>Et</strong></span> <span class='ocrx_word' id='word_1_30' title='bbox 890 366 964 400; x_wconf 87' lang='lat' dir='ltr'><strong>ille:</strong></span> <span class='ocrx_word' id='word_1_31' title='bbox 985 367 1051 400; x_wconf 91' lang='lat' dir='ltr'><strong>imo</strong></span> <span class='ocrx_word' id='word_1_32' title='bbox 1073 365 1223 401; x_wconf 82' lang='lat' dir='ltr'><strong>domine.</strong></span> <span class='ocrx_word' id='word_1_33' title='bbox 1257 364 1301 400; x_wconf 81' lang='lat' dir='ltr'><strong>Et</strong></span> <span class='ocrx_word' id='word_1_34' title='bbox 1318 365 1395 399; x_wconf 84' lang='lat' dir='ltr'><strong>illa:</strong></span> <span class='ocrx_word' id='word_1_35' title='bbox 1413 369 1490 400; x_wconf 89' lang='lat' dir='ltr'><strong>oret</strong></span> <span class='ocrx_word' id='word_1_36' title='bbox 1507 377 1570 411; x_wconf 86' lang='lat' dir='ltr'><strong>pro</strong></span> <span class='ocrx_word' id='word_1_37' title='bbox 1589 377 1641 401; x_wconf 89' lang='lat' dir='ltr'><strong>me</strong></span> 
     </span>
     <span class='ocr_line' id='line_1_5' title="bbox 253 430 1641 479; baseline -0.001 -11"><span class='ocrx_word' id='word_1_38' title='bbox 253 434 299 469; x_wconf 90' lang='lat' dir='ltr'><strong>ad</strong></span> <span class='ocrx_word' id='word_1_39' title='bbox 323 434 507 476; x_wconf 88' lang='lat' dir='ltr'><strong>dominum,</strong></span> <span class='ocrx_word' id='word_1_40' title='bbox 536 435 618 479; x_wconf 87' lang='lat' dir='ltr'><strong>quia</strong></span> <span class='ocrx_word' id='word_1_41' title='bbox 647 444 728 468; x_wconf 80' lang='lat' dir='ltr'><strong>vere</strong></span> <span class='ocrx_word' id='word_1_42' title='bbox 749 432 931 478; x_wconf 87' lang='lat' dir='ltr'><strong>apostolus</strong></span> <span class='ocrx_word' id='word_1_43' title='bbox 951 431 1080 466; x_wconf 87' lang='lat' dir='ltr'><strong>Christi</strong></span> <span class='ocrx_word' id='word_1_44' title='bbox 1109 435 1175 467; x_wconf 80' lang='lat' dir='ltr'><strong>est.</strong></span> <span class='ocrx_word' id='word_1_45' title='bbox 1222 430 1401 466; x_wconf 85' lang='lat' dir='ltr'><strong>Recedens</strong></span> <span class='ocrx_word' id='word_1_46' title='bbox 1423 435 1535 465; x_wconf 86' lang='lat' dir='ltr'><strong>autem</strong></span> <span class='ocrx_word' id='word_1_47' title='bbox 1563 431 1641 466; x_wconf 86' lang='lat' dir='ltr'><strong>inde</strong></span> 
     </span>
     <span class='ocr_line' id='line_1_6' title="bbox 253 496 1643 545; baseline -0.003 -10"><span class='ocrx_word' id='word_1_48' title='bbox 253 501 426 536; x_wconf 86' lang='lat' dir='ltr'><strong>dietertia</strong></span> <span class='ocrx_word' id='word_1_49' title='bbox 437 499 481 534; x_wconf 80' lang='lat' dir='ltr'><strong>ad</strong></span> <span class='ocrx_word' id='word_1_50' title='bbox 492 500 615 534; x_wconf 85' lang='lat' dir='ltr'><strong>cellam</strong></span> <span class='ocrx_word' id='word_1_51' title='bbox 628 501 703 545; x_wconf 87' lang='lat' dir='ltr'><strong>ejus</strong></span> <span class='ocrx_word' id='word_1_52' title='bbox 717 499 834 540; x_wconf 88' lang='lat' dir='ltr'><strong>rediit,</strong></span> <span class='ocrx_word' id='word_1_53' title='bbox 855 497 919 533; x_wconf 91' lang='lat' dir='ltr'><strong>sed</strong></span> <span class='ocrx_word' id='word_1_54' title='bbox 931 508 1005 531; x_wconf 88' lang='lat' dir='ltr'><strong>cum</strong></span> <span class='ocrx_word' id='word_1_55' title='bbox 1021 496 1066 531; x_wconf 87' lang='lat' dir='ltr'><strong>ad</strong></span> <span class='ocrx_word' id='word_1_56' title='bbox 1081 498 1206 531; x_wconf 86' lang='lat' dir='ltr'><strong>ostium</strong></span> <span class='ocrx_word' id='word_1_57' title='bbox 1226 498 1461 542; x_wconf 83' lang='lat' dir='ltr'><strong>percussisset</strong></span> <span class='ocrx_word' id='word_1_58' title='bbox 1479 500 1512 531; x_wconf 90' lang='lat' dir='ltr'><strong>et</strong></span> <span class='ocrx_word' id='word_1_59' title='bbox 1528 496 1643 531; x_wconf 89' lang='lat' dir='ltr'><strong>nullus</strong></span> 
     </span>
     <span class='ocr_line' id='line_1_7' title="bbox 254 562 1643 612; baseline -0.004 -11"><span class='ocrx_word' id='word_1_60' title='bbox 254 568 287 602; x_wconf 82' lang='lat' dir='ltr'><strong>ei</strong></span> <span class='ocrx_word' id='word_1_61' title='bbox 312 567 531 612; x_wconf 86' lang='lat' dir='ltr'><strong>aperuisset,</strong></span> <span class='ocrx_word' id='word_1_62' title='bbox 572 565 761 600; x_wconf 80' lang='lat' dir='ltr'><strong>fenestram</strong></span> <span class='ocrx_word' id='word_1_63' title='bbox 789 565 927 609; x_wconf 86' lang='lat' dir='ltr'><strong>aperuit</strong></span> <span class='ocrx_word' id='word_1_64' title='bbox 955 566 989 598; x_wconf 89' lang='lat' dir='ltr'><strong>et</strong></span> <span class='ocrx_word' id='word_1_65' title='bbox 1016 567 1186 597; x_wconf 88' lang='lat' dir='ltr'><strong>mortuum</strong></span> <span class='ocrx_word' id='word_1_66' title='bbox 1213 573 1288 597; x_wconf 87' lang='lat' dir='ltr'><strong>cum</strong></span> <span class='ocrx_word' id='word_1_67' title='bbox 1314 563 1445 597; x_wconf 82' lang='lat' dir='ltr'><strong>invenit</strong></span> <span class='ocrx_word' id='word_1_68' title='bbox 1479 572 1522 596; x_wconf 88' lang='lat' dir='ltr'><strong>ac</strong></span> <span class='ocrx_word' id='word_1_69' title='bbox 1547 562 1643 597; x_wconf 87' lang='lat' dir='ltr'><strong>vidit.</strong></span> 
     </span>
     <span class='ocr_line' id='line_1_8' title="bbox 254 628 1643 677; baseline -0.003 -11"><span class='ocrx_word' id='word_1_70' title='bbox 254 633 477 677; x_wconf 85' lang='lat' dir='ltr'><strong>Currensque</strong></span> <span class='ocrx_word' id='word_1_71' title='bbox 504 641 578 666; x_wconf 88' lang='lat' dir='ltr'><strong>cum</strong></span> <span class='ocrx_word' id='word_1_72' title='bbox 603 631 670 665; x_wconf 87' lang='lat' dir='ltr'><strong>hoc-</strong></span> <span class='ocrx_word' id='word_1_73' title='bbox 696 632 864 675; x_wconf 81' lang='lat' dir='ltr'><strong>episcopo</strong></span> <span class='ocrx_word' id='word_1_74' title='bbox 891 630 1109 671; x_wconf 75' lang='lat' dir='ltr'><strong>nuntiasset,</strong></span> <span class='ocrx_word' id='word_1_75' title='bbox 1143 630 1331 673; x_wconf 83' lang='lat' dir='ltr'><strong>episcopus</strong></span> <span class='ocrx_word' id='word_1_76' title='bbox 1365 631 1398 663; x_wconf 85' lang='lat' dir='ltr'><strong>et</strong></span> <span class='ocrx_word' id='word_1_77' title='bbox 1431 628 1546 662; x_wconf 87' lang='lat' dir='ltr'><strong>clerus</strong></span> <span class='ocrx_word' id='word_1_78' title='bbox 1571 639 1643 662; x_wconf 89' lang='lat' dir='ltr'><strong>om-</strong></span> 
     </span>
     <span class='ocr_line' id='line_1_9' title="bbox 255 693 1644 742; baseline -0.003 -11"><span class='ocrx_word' id='word_1_79' title='bbox 255 707 388 742; x_wconf 87' lang='lat' dir='ltr'><strong>nesque</strong></span> <span class='ocrx_word' id='word_1_80' title='bbox 413 696 575 730; x_wconf 83' lang='lat' dir='ltr'><strong>monaehi</strong></span> <span class='ocrx_word' id='word_1_81' title='bbox 599 700 845 736; x_wconf 82' lang='lat' dir='ltr'><strong>convenerunt,</strong></span> <span class='ocrx_word' id='word_1_82' title='bbox 872 699 910 728; x_wconf 83' lang='lat' dir='ltr'><strong>ut</strong></span> <span class='ocrx_word' id='word_1_83' title='bbox 934 699 1002 728; x_wconf 85' lang='lat' dir='ltr'><strong>tam</strong></span> <span class='ocrx_word' id='word_1_84' title='bbox 1028 698 1148 728; x_wconf 79' lang='lat' dir='ltr'><strong>sancto</strong></span> <span class='ocrx_word' id='word_1_85' title='bbox 1175 696 1248 728; x_wconf 83' lang='lat' dir='ltr'><strong>viro</strong></span> <span class='ocrx_word' id='word_1_86' title='bbox 1276 695 1462 738; x_wconf 83' lang='lat' dir='ltr'><strong>exsequias</strong></span> <span class='ocrx_word' id='word_1_87' title='bbox 1485 693 1644 728; x_wconf 86' lang='lat' dir='ltr'><strong>celebra-</strong></span> 
     </span>
     <span class='ocr_line' id='line_1_10' title="bbox 258 758 1645 805; baseline -0.003 -10"><span class='ocrx_word' id='word_1_88' title='bbox 258 767 355 803; x_wconf 88' lang='lat' dir='ltr'><strong>rent,</strong></span> <span class='ocrx_word' id='word_1_89' title='bbox 389 771 535 805; x_wconf 83' lang='lat' dir='ltr'><strong>cumque</strong></span> <span class='ocrx_word' id='word_1_90' title='bbox 561 760 603 795; x_wconf 86' lang='lat' dir='ltr'><strong>de</strong></span> <span class='ocrx_word' id='word_1_91' title='bbox 629 760 718 794; x_wconf 90' lang='lat' dir='ltr'><strong>cella</strong></span> <span class='ocrx_word' id='word_1_92' title='bbox 742 770 868 804; x_wconf 88' lang='lat' dir='ltr'><strong>eorpus</strong></span> <span class='ocrx_word' id='word_1_93' title='bbox 894 761 970 804; x_wconf 86' lang='lat' dir='ltr'><strong>ejus</strong></span> <span class='ocrx_word' id='word_1_94' title='bbox 997 760 1253 800; x_wconf 76' lang='lat' dir='ltr'><strong>extraxissent,</strong></span> <span class='ocrx_word' id='word_1_95' title='bbox 1290 762 1517 803; x_wconf 84' lang='lat' dir='ltr'><strong>repererunt,</strong></span> <span class='ocrx_word' id='word_1_96' title='bbox 1553 758 1645 803; x_wconf 85' lang='lat' dir='ltr'><strong>quod</strong></span> 
     </span>
     <span class='ocr_line' id='line_1_11' title="bbox 258 823 1648 870; baseline -0.004 -9"><span class='ocrx_word' id='word_1_97' title='bbox 258 828 382 862; x_wconf 84' lang='lat' dir='ltr'><strong>mulier</strong></span> <span class='ocrx_word' id='word_1_98' title='bbox 413 831 528 869; x_wconf 76' lang='lat' dir='ltr'><strong>esset,</strong></span> <span class='ocrx_word' id='word_1_99' title='bbox 565 829 598 860; x_wconf 90' lang='lat' dir='ltr'><strong>et</strong></span> <span class='ocrx_word' id='word_1_100' title='bbox 630 825 814 870; x_wconf 89' lang='lat' dir='ltr'><strong>plurimum</strong></span> <span class='ocrx_word' id='word_1_101' title='bbox 847 823 1060 858; x_wconf 77' lang='lat' dir='ltr'><strong>admirantes</strong></span> <span class='ocrx_word' id='word_1_102' title='bbox 1089 823 1161 858; x_wconf 88' lang='lat' dir='ltr'><strong>Deo</strong></span> <span class='ocrx_word' id='word_1_103' title='bbox 1199 824 1335 868; x_wconf 79' lang='lat' dir='ltr'><strong>gratias</strong></span> <span class='ocrx_word' id='word_1_104' title='bbox 1362 823 1587 858; x_wconf 86' lang='lat' dir='ltr'><strong>reddiderunt</strong></span> <span class='ocrx_word' id='word_1_105' title='bbox 1614 827 1648 857; x_wconf 77' lang='lat' dir='ltr'><strong>et</strong></span> 
     </span>
     <span class='ocr_line' id='line_1_12' title="bbox 258 887 1648 936; baseline -0.004 -9"><span class='ocrx_word' id='word_1_106' title='bbox 258 897 415 928; x_wconf 84' lang='lat' dir='ltr'><strong>sanctum</strong></span> <span class='ocrx_word' id='word_1_107' title='bbox 449 902 576 936; x_wconf 86' lang='lat' dir='ltr'><strong>corpus</strong></span> <span class='ocrx_word' id='word_1_108' title='bbox 613 889 803 925; x_wconf 82' lang='lat' dir='ltr'><strong>honorifice</strong></span> <span class='ocrx_word' id='word_1_109' title='bbox 838 890 1066 934; x_wconf 85' lang='lat' dir='ltr'><strong>sepelierunt.</strong></span> <span class='ocrx_word' id='word_1_110' title='bbox 1117 888 1214 922; x_wconf 83' lang='lat' dir='ltr'><strong>Obiit</strong></span> <span class='ocrx_word' id='word_1_111' title='bbox 1248 893 1361 923; x_wconf 87' lang='lat' dir='ltr'><strong>autem</strong></span> <span class='ocrx_word' id='word_1_112' title='bbox 1394 887 1483 923; x_wconf 78' lang='lat' dir='ltr'><strong>VHL</strong></span> <span class='ocrx_word' id='word_1_113' title='bbox 1509 888 1565 923; x_wconf 89' lang='lat' dir='ltr'><strong>die</strong></span> <span class='ocrx_word' id='word_1_114' title='bbox 1598 889 1648 921; x_wconf 84' lang='lat' dir='ltr'><strong>in-</strong></span> 
     </span>
     <span class='ocr_line' id='line_1_13' title="bbox 257 953 1215 993; baseline -0.004 -1"><span class='ocrx_word' id='word_1_115' title='bbox 257 962 372 993; x_wconf 82' lang='lat' dir='ltr'><strong>trante</strong></span> <span class='ocrx_word' id='word_1_116' title='bbox 399 956 541 992; x_wconf 75' lang='lat' dir='ltr'><strong>Octobri</strong></span> <span class='ocrx_word' id='word_1_117' title='bbox 567 957 661 990; x_wconf 82' lang='lat' dir='ltr'><strong>circa</strong></span> <span class='ocrx_word' id='word_1_118' title='bbox 686 965 796 990; x_wconf 86' lang='lat' dir='ltr'><strong>annos</strong></span> <span class='ocrx_word' id='word_1_119' title='bbox 823 954 953 988; x_wconf 84' lang='lat' dir='ltr'><strong>domini</strong></span> <span class='ocrx_word' id='word_1_120' title='bbox 980 953 1215 989; x_wconf 85' lang='lat' dir='ltr'>CCLXXXX.</span> 
     </span>
    </p>
   </div>
   <div class='ocr_carea' id='block_1_3' title="bbox 735 1275 1182 1344">
    <p class='ocr_par' dir='ltr' id='par_1_3' title="bbox 735 1275 1182 1344">
     <span class='ocr_line' id='line_1_14' title="bbox 735 1275 1182 1344; baseline 0 -5"><span class='ocrx_word' id='word_1_121' title='bbox 735 1277 861 1344; x_wconf 73' lang='grc' dir='ltr'>ΠΛΡ.</span> <span class='ocrx_word' id='word_1_122' title='bbox 894 1277 996 1341; x_wconf 80' lang='lat' dir='ltr'><strong>cu.</strong></span> <span class='ocrx_word' id='word_1_123' title='bbox 1031 1275 1182 1340; x_wconf 79' lang='grc'>(146.)</span> 
     </span>
    </p>
   </div>
   <div class='ocr_carea' id='block_1_4' title="bbox 509 1375 1402 1433">
    <p class='ocr_par' dir='ltr' id='par_1_4' title="bbox 509 1375 1402 1433">
     <span class='ocr_line' id='line_1_15' title="bbox 509 1375 1402 1433; baseline -0.007 -8"><span class='ocrx_word' id='word_1_124' title='bbox 509 1381 617 1425; x_wconf 80' lang='lat' dir='ltr'><strong>De</strong></span> <span class='ocrx_word' id='word_1_125' title='bbox 662 1381 929 1425; x_wconf 79' lang='lat' dir='ltr'><strong>sancta</strong></span> <span class='ocrx_word' id='word_1_126' title='bbox 972 1375 1402 1433; x_wconf 77' lang='lat' dir='ltr'><strong>Margarita..</strong></span> 
     </span>
    </p>
   </div>
   <div class='ocr_carea' id='block_1_5' title="bbox 266 1474 1655 2773">
    <p class='ocr_par' dir='ltr' id='par_1_5' title="bbox 266 1474 1655 2773">
     <span class='ocr_line' id='line_1_16' title="bbox 355 1474 1652 1536; baseline -0.008 -11"><span class='ocrx_word' id='word_1_127' title='bbox 355 1489 557 1536; x_wconf 80' lang='lat' dir='ltr'><strong>Margarita</strong></span> <span class='ocrx_word' id='word_1_128' title='bbox 583 1474 867 1535; x_wconf 53' lang='lat' dir='ltr'><strong>dicta‘Pelagius</strong></span> <span class='ocrx_word' id='word_1_129' title='bbox 895 1488 995 1534; x_wconf 82' lang='lat' dir='ltr'><strong>virgo</strong></span> <span class='ocrx_word' id='word_1_130' title='bbox 1030 1485 1282 1532; x_wconf 80' lang='lat' dir='ltr'><strong>pulcherrima,</strong></span> <span class='ocrx_word' id='word_1_131' title='bbox 1315 1484 1413 1519; x_wconf 89' lang='lat' dir='ltr'><strong>dives</strong></span> <span class='ocrx_word' id='word_1_132' title='bbox 1452 1485 1486 1518; x_wconf 86' lang='lat' dir='ltr'><strong>et</strong></span> <span class='ocrx_word' id='word_1_133' title='bbox 1510 1480 1652 1523; x_wconf 90' lang='lat' dir='ltr'><strong>nobilis,</strong></span> 
     </span>
     <span class='ocr_line' id='line_1_17' title="bbox 267 1547 1653 1600; baseline -0.006 -12"><span class='ocrx_word' id='word_1_134' title='bbox 267 1558 362 1589; x_wconf 87' lang='lat' dir='ltr'><strong>tanta</strong></span> <span class='ocrx_word' id='word_1_135' title='bbox 395 1555 461 1589; x_wconf 84' lang='lat' dir='ltr'><strong>suit</strong></span> <span class='ocrx_word' id='word_1_136' title='bbox 493 1560 675 1600; x_wconf 89' lang='lat' dir='ltr'><strong>parentum</strong></span> <span class='ocrx_word' id='word_1_137' title='bbox 707 1553 944 1590; x_wconf 72' lang='lat' dir='ltr'><strong>sollicitudIne</strong></span> <span class='ocrx_word' id='word_1_138' title='bbox 977 1552 1153 1587; x_wconf 82' lang='lat' dir='ltr'><strong>custodita</strong></span> <span class='ocrx_word' id='word_1_139' title='bbox 1184 1555 1219 1586; x_wconf 87' lang='lat' dir='ltr'><strong>et</strong></span> <span class='ocrx_word' id='word_1_140' title='bbox 1254 1551 1394 1595; x_wconf 87' lang='lat' dir='ltr'><strong>optimis</strong></span> <span class='ocrx_word' id='word_1_141' title='bbox 1419 1547 1573 1583; x_wconf 89' lang='lat' dir='ltr'><strong>moribus</strong></span> <span class='ocrx_word' id='word_1_142' title='bbox 1601 1547 1653 1580; x_wconf 91' lang='lat' dir='ltr'><strong>in-</strong></span> 
     </span>
     <span class='ocr_line' id='line_1_18' title="bbox 266 1612 1653 1665; baseline -0.007 -10"><span class='ocrx_word' id='word_1_143' title='bbox 266 1624 399 1655; x_wconf 85' lang='lat' dir='ltr'><strong>structa</strong></span> <span class='ocrx_word' id='word_1_144' title='bbox 422 1624 589 1665; x_wconf 84' lang='lat' dir='ltr'><strong>tantaque</strong></span> <span class='ocrx_word' id='word_1_145' title='bbox 617 1621 808 1665; x_wconf 86' lang='lat' dir='ltr'><strong>pudicitiae</strong></span> <span class='ocrx_word' id='word_1_146' title='bbox 834 1619 1019 1654; x_wconf 81' lang='lat' dir='ltr'><strong>honestate</strong></span> <span class='ocrx_word' id='word_1_147' title='bbox 1055 1617 1220 1664; x_wconf 84' lang='lat' dir='ltr'><strong>vigebat,</strong></span> <span class='ocrx_word' id='word_1_148' title='bbox 1261 1615 1352 1662; x_wconf 88' lang='lat' dir='ltr'><strong>quod</strong></span> <span class='ocrx_word' id='word_1_149' title='bbox 1387 1615 1429 1650; x_wconf 87' lang='lat' dir='ltr'><strong>ab</strong></span> <span class='ocrx_word' id='word_1_150' title='bbox 1457 1612 1653 1649; x_wconf 84' lang='lat' dir='ltr'><strong>hominibus</strong></span> 
     </span>
     <span class='ocr_line' id='line_1_19' title="bbox 266 1679 1654 1729; baseline -0.007 -8"><span class='ocrx_word' id='word_1_151' title='bbox 266 1686 378 1721; x_wconf 76' lang='lat' dir='ltr'><strong>videri</strong></span> <span class='ocrx_word' id='word_1_152' title='bbox 414 1686 524 1720; x_wconf 89' lang='lat' dir='ltr'><strong>modis</strong></span> <span class='ocrx_word' id='word_1_153' title='bbox 567 1686 727 1720; x_wconf 91' lang='lat' dir='ltr'><strong>omnibus</strong></span> <span class='ocrx_word' id='word_1_154' title='bbox 768 1685 949 1719; x_wconf 84' lang='lat' dir='ltr'><strong>renuebat.</strong></span> <span class='ocrx_word' id='word_1_155' title='bbox 999 1684 1155 1729; x_wconf 85' lang='lat' dir='ltr'><strong>Denique</strong></span> <span class='ocrx_word' id='word_1_156' title='bbox 1190 1693 1211 1717; x_wconf 90' lang='lat' dir='ltr'><strong>a</strong></span> <span class='ocrx_word' id='word_1_157' title='bbox 1245 1682 1393 1728; x_wconf 87' lang='lat' dir='ltr'><strong>quodam</strong></span> <span class='ocrx_word' id='word_1_158' title='bbox 1429 1679 1654 1715; x_wconf 84' lang='lat' dir='ltr'><strong>adolescente</strong></span> 
     </span>
     <span class='ocr_line' id='line_1_20' title="bbox 267 1746 1655 1797; baseline -0.008 -11"><span class='ocrx_word' id='word_1_159' title='bbox 267 1752 376 1786; x_wconf 90' lang='lat' dir='ltr'><strong>nobili</strong></span> <span class='ocrx_word' id='word_1_160' title='bbox 403 1754 437 1786; x_wconf 87' lang='lat' dir='ltr'><strong>in</strong></span> <span class='ocrx_word' id='word_1_161' title='bbox 461 1752 661 1797; x_wconf 87' lang='lat' dir='ltr'><strong>conjugium</strong></span> <span class='ocrx_word' id='word_1_162' title='bbox 688 1752 868 1796; x_wconf 83' lang='lat' dir='ltr'><strong>quaeritur</strong></span> <span class='ocrx_word' id='word_1_163' title='bbox 896 1754 930 1783; x_wconf 87' lang='lat' dir='ltr'><strong>ct</strong></span> <span class='ocrx_word' id='word_1_164' title='bbox 955 1750 1137 1793; x_wconf 86' lang='lat' dir='ltr'><strong>utriusque</strong></span> <span class='ocrx_word' id='word_1_165' title='bbox 1161 1750 1318 1793; x_wconf 88' lang='lat' dir='ltr'><strong>parentis</strong></span> <span class='ocrx_word' id='word_1_166' title='bbox 1357 1757 1505 1782; x_wconf 91' lang='lat' dir='ltr'><strong>assensu</strong></span> <span class='ocrx_word' id='word_1_167' title='bbox 1530 1746 1655 1778; x_wconf 84' lang='lat' dir='ltr'><strong>cuncta</strong></span> 
     </span>
     <span class='ocr_line' id='line_1_21' title="bbox 266 1808 1655 1863; baseline -0.009 -11"><span class='ocrx_word' id='word_1_168' title='bbox 266 1820 397 1863; x_wconf 90' lang='lat' dir='ltr'><strong>nuptiis</strong></span> <span class='ocrx_word' id='word_1_169' title='bbox 430 1818 634 1853; x_wconf 86' lang='lat' dir='ltr'><strong>necessaria</strong></span> <span class='ocrx_word' id='word_1_170' title='bbox 667 1827 741 1850; x_wconf 90' lang='lat' dir='ltr'><strong>cum</strong></span> <span class='ocrx_word' id='word_1_171' title='bbox 778 1817 943 1849; x_wconf 89' lang='lat' dir='ltr'><strong>immensa</strong></span> <span class='ocrx_word' id='word_1_172' title='bbox 975 1814 1172 1848; x_wconf 76' lang='lat' dir='ltr'><strong>divitiarum</strong></span> <span class='ocrx_word' id='word_1_173' title='bbox 1220 1817 1254 1848; x_wconf 89' lang='lat' dir='ltr'><strong>et</strong></span> <span class='ocrx_word' id='word_1_174' title='bbox 1298 1813 1500 1847; x_wconf 86' lang='lat' dir='ltr'><strong>deliciarum</strong></span> <span class='ocrx_word' id='word_1_175' title='bbox 1538 1808 1655 1854; x_wconf 77' lang='lat' dir='ltr'><strong>gloria</strong></span> 
     </span>
     <span class='ocr_line' id='line_1_22' title="bbox 267 1876 1655 1928; baseline -0.008 -11"><span class='ocrx_word' id='word_1_176' title='bbox 267 1887 534 1928; x_wconf 80' lang='lat' dir='ltr'><strong>praeparantur.</strong></span> <span class='ocrx_word' id='word_1_177' title='bbox 586 1882 667 1915; x_wconf 85' lang='lat' dir='ltr'><strong>Cum</strong></span> <span class='ocrx_word' id='word_1_178' title='bbox 701 1892 786 1926; x_wconf 84' lang='lat' dir='ltr'><strong>ergo</strong></span> <span class='ocrx_word' id='word_1_179' title='bbox 822 1882 1017 1924; x_wconf 88' lang='lat' dir='ltr'><strong>nuptiarum</strong></span> <span class='ocrx_word' id='word_1_180' title='bbox 1054 1879 1130 1912; x_wconf 88' lang='lat' dir='ltr'><strong>dies</strong></span> <span class='ocrx_word' id='word_1_181' title='bbox 1166 1878 1367 1912; x_wconf 88' lang='lat' dir='ltr'><strong>advenisset</strong></span> <span class='ocrx_word' id='word_1_182' title='bbox 1393 1880 1427 1910; x_wconf 90' lang='lat' dir='ltr'><strong>et</strong></span> <span class='ocrx_word' id='word_1_183' title='bbox 1447 1877 1595 1920; x_wconf 84' lang='lat' dir='ltr'><strong>juvenes</strong></span> <span class='ocrx_word' id='word_1_184' title='bbox 1621 1876 1655 1907; x_wconf 90' lang='lat' dir='ltr'><strong>et</strong></span> 
     </span>
     <span class='ocr_line' id='line_1_23' title="bbox 267 1941 1653 1992; baseline -0.006 -11"><span class='ocrx_word' id='word_1_185' title='bbox 267 1947 406 1992; x_wconf 83' lang='lat' dir='ltr'><strong>puellae</strong></span> <span class='ocrx_word' id='word_1_186' title='bbox 432 1951 466 1981; x_wconf 86' lang='lat' dir='ltr'><strong>et</strong></span> <span class='ocrx_word' id='word_1_187' title='bbox 487 1950 612 1980; x_wconf 82' lang='lat' dir='ltr'><strong>cuncta</strong></span> <span class='ocrx_word' id='word_1_188' title='bbox 637 1946 736 1980; x_wconf 86' lang='lat' dir='ltr'><strong>simul</strong></span> <span class='ocrx_word' id='word_1_189' title='bbox 763 1944 929 1978; x_wconf 81' lang='lat' dir='ltr'><strong>nobilitas</strong></span> <span class='ocrx_word' id='word_1_190' title='bbox 945 1947 1024 1978; x_wconf 84' lang='lat' dir='ltr'><strong>ante</strong></span> <span class='ocrx_word' id='word_1_191' title='bbox 1043 1942 1314 1987; x_wconf 80' lang='lat' dir='ltr'><strong>thalamulnjam</strong></span> <span class='ocrx_word' id='word_1_192' title='bbox 1334 1946 1491 1986; x_wconf 85' lang='lat' dir='ltr'><strong>paratum</strong></span> <span class='ocrx_word' id='word_1_193' title='bbox 1513 1941 1653 1984; x_wconf 81' lang='lat' dir='ltr'><strong>nuptia-</strong></span> 
     </span>
     <span class='ocr_line' id='line_1_24' title="bbox 268 2005 1654 2056; baseline -0.006 -9"><span class='ocrx_word' id='word_1_194' title='bbox 268 2024 340 2047; x_wconf 89' lang='lat' dir='ltr'><strong>rum</strong></span> <span class='ocrx_word' id='word_1_195' title='bbox 369 2012 459 2046; x_wconf 74' lang='lat' dir='ltr'><strong>festa</strong></span> <span class='ocrx_word' id='word_1_196' title='bbox 485 2022 557 2045; x_wconf 91' lang='lat' dir='ltr'><strong>cum</strong></span> <span class='ocrx_word' id='word_1_197' title='bbox 583 2011 714 2056; x_wconf 79' lang='lat' dir='ltr'><strong>gaudio</strong></span> <span class='ocrx_word' id='word_1_198' title='bbox 739 2010 969 2051; x_wconf 73' lang='lat' dir='ltr'><strong>celebrarent,</strong></span> <span class='ocrx_word' id='word_1_199' title='bbox 997 2010 1096 2054; x_wconf 80' lang='lat' dir='ltr'><strong>virgo</strong></span> <span class='ocrx_word' id='word_1_200' title='bbox 1112 2007 1186 2042; x_wconf 90' lang='lat' dir='ltr'><strong>Deo</strong></span> <span class='ocrx_word' id='word_1_201' title='bbox 1207 2009 1400 2051; x_wconf 86' lang='lat' dir='ltr'><strong>inspirante</strong></span> <span class='ocrx_word' id='word_1_202' title='bbox 1427 2005 1654 2040; x_wconf 85' lang='lat' dir='ltr'><strong>considerans</strong></span> 
     </span>
     <span class='ocr_line' id='line_1_25' title="bbox 269 2071 1655 2121; baseline -0.005 -10"><span class='ocrx_word' id='word_1_203' title='bbox 269 2077 427 2111; x_wconf 89' lang='lat' dir='ltr'><strong>damnum</strong></span> <span class='ocrx_word' id='word_1_204' title='bbox 447 2077 658 2121; x_wconf 69' lang='lat' dir='ltr'><strong>virginitatis</strong></span> <span class='ocrx_word' id='word_1_205' title='bbox 675 2079 742 2109; x_wconf 89' lang='lat' dir='ltr'><strong>tam</strong></span> <span class='ocrx_word' id='word_1_206' title='bbox 771 2074 947 2108; x_wconf 81' lang='lat' dir='ltr'><strong>damnosis</strong></span> <span class='ocrx_word' id='word_1_207' title='bbox 974 2073 1158 2118; x_wconf 85' lang='lat' dir='ltr'><strong>plausibus</strong></span> <span class='ocrx_word' id='word_1_208' title='bbox 1183 2074 1392 2117; x_wconf 88' lang='lat' dir='ltr'><strong>comparari,</strong></span> <span class='ocrx_word' id='word_1_209' title='bbox 1419 2074 1597 2117; x_wconf 85' lang='lat' dir='ltr'><strong>prostrata</strong></span> <span class='ocrx_word' id='word_1_210' title='bbox 1620 2071 1655 2104; x_wconf 89' lang='lat' dir='ltr'><strong>iu</strong></span> 
     </span>
     <span class='ocr_line' id='line_1_26' title="bbox 268 2137 1654 2186; baseline -0.004 -10"><span class='ocrx_word' id='word_1_211' title='bbox 268 2147 396 2177; x_wconf 85' lang='lat' dir='ltr'><strong>terrain</strong></span> <span class='ocrx_word' id='word_1_212' title='bbox 430 2152 504 2175; x_wconf 88' lang='lat' dir='ltr'><strong>cum</strong></span> <span class='ocrx_word' id='word_1_213' title='bbox 538 2141 699 2185; x_wconf 63' lang='lat' dir='ltr'><strong>lacrymis</strong></span> <span class='ocrx_word' id='word_1_214' title='bbox 733 2140 882 2186; x_wconf 80' lang='lat' dir='ltr'><strong>gloriam</strong></span> <span class='ocrx_word' id='word_1_215' title='bbox 918 2139 1133 2185; x_wconf 86' lang='lat' dir='ltr'><strong>virginitatis</strong></span> <span class='ocrx_word' id='word_1_216' title='bbox 1170 2142 1204 2172; x_wconf 93' lang='lat' dir='ltr'><strong>et</strong></span> <span class='ocrx_word' id='word_1_217' title='bbox 1235 2140 1432 2183; x_wconf 87' lang='lat' dir='ltr'><strong>nuptiarum</strong></span> <span class='ocrx_word' id='word_1_218' title='bbox 1475 2137 1654 2172; x_wconf 86' lang='lat' dir='ltr'><strong>molestias</strong></span> 
     </span>
     <span class='ocr_line' id='line_1_27' title="bbox 268 2203 1654 2250; baseline -0.004 -9"><span class='ocrx_word' id='word_1_219' title='bbox 268 2212 365 2242; x_wconf 87' lang='lat' dir='ltr'><strong>tanta</strong></span> <span class='ocrx_word' id='word_1_220' title='bbox 389 2209 422 2240; x_wconf 92' lang='lat' dir='ltr'><strong>in</strong></span> <span class='ocrx_word' id='word_1_221' title='bbox 449 2206 553 2241; x_wconf 88' lang='lat' dir='ltr'><strong>corde</strong></span> <span class='ocrx_word' id='word_1_222' title='bbox 580 2217 643 2241; x_wconf 90' lang='lat' dir='ltr'><strong>suo</strong></span> <span class='ocrx_word' id='word_1_223' title='bbox 668 2207 953 2250; x_wconf 85' lang='lat' dir='ltr'><strong>compensatione</strong></span> <span class='ocrx_word' id='word_1_224' title='bbox 979 2204 1141 2246; x_wconf 85' lang='lat' dir='ltr'><strong>libravit,</strong></span> <span class='ocrx_word' id='word_1_225' title='bbox 1169 2204 1263 2248; x_wconf 83' lang='lat' dir='ltr'><strong>quod</strong></span> <span class='ocrx_word' id='word_1_226' title='bbox 1290 2205 1405 2237; x_wconf 83' lang='lat' dir='ltr'><strong>onmia</strong></span> <span class='ocrx_word' id='word_1_227' title='bbox 1429 2203 1532 2247; x_wconf 82' lang='lat' dir='ltr'><strong>liujus</strong></span> <span class='ocrx_word' id='word_1_228' title='bbox 1562 2203 1654 2237; x_wconf 86' lang='lat' dir='ltr'><strong>vitae</strong></span> 
     </span>
     <span class='ocr_line' id='line_1_28' title="bbox 268 2268 1653 2319; baseline -0.004 -13"><span class='ocrx_word' id='word_1_229' title='bbox 268 2272 401 2319; x_wconf 88' lang='lat' dir='ltr'><strong>gaudia</strong></span> <span class='ocrx_word' id='word_1_230' title='bbox 436 2272 537 2317; x_wconf 85' lang='lat' dir='ltr'><strong>quasi</strong></span> <span class='ocrx_word' id='word_1_231' title='bbox 570 2275 727 2306; x_wconf 83' lang='lat' dir='ltr'><strong>stercora</strong></span> <span class='ocrx_word' id='word_1_232' title='bbox 759 2269 960 2315; x_wconf 77' lang='lat' dir='ltr'><strong>respuebat.</strong></span> <span class='ocrx_word' id='word_1_233' title='bbox 1008 2268 1104 2303; x_wconf 88' lang='lat' dir='ltr'><strong>Unde</strong></span> <span class='ocrx_word' id='word_1_234' title='bbox 1130 2273 1230 2303; x_wconf 87' lang='lat' dir='ltr'><strong>nocte</strong></span> <span class='ocrx_word' id='word_1_235' title='bbox 1257 2269 1318 2303; x_wconf 91' lang='lat' dir='ltr'><strong>illa</strong></span> <span class='ocrx_word' id='word_1_236' title='bbox 1342 2279 1363 2302; x_wconf 89' lang='lat' dir='ltr'><strong>a</strong></span> <span class='ocrx_word' id='word_1_237' title='bbox 1388 2269 1450 2303; x_wconf 88' lang='lat' dir='ltr'><strong>viri</strong></span> <span class='ocrx_word' id='word_1_238' title='bbox 1478 2268 1653 2302; x_wconf 86' lang='lat' dir='ltr'><strong>consortio</strong></span> 
     </span>
     <span class='ocr_line' id='line_1_29' title="bbox 269 2332 1654 2378; baseline -0.004 -6"><span class='ocrx_word' id='word_1_239' title='bbox 269 2337 462 2378; x_wconf 84' lang='lat' dir='ltr'><strong>abstinens,</strong></span> <span class='ocrx_word' id='word_1_240' title='bbox 488 2336 603 2371; x_wconf 86' lang='lat' dir='ltr'><strong>media</strong></span> <span class='ocrx_word' id='word_1_241' title='bbox 622 2341 722 2370; x_wconf 85' lang='lat' dir='ltr'><strong>nocte</strong></span> <span class='ocrx_word' id='word_1_242' title='bbox 744 2336 817 2370; x_wconf 87' lang='lat' dir='ltr'><strong>Deo</strong></span> <span class='ocrx_word' id='word_1_243' title='bbox 839 2346 877 2370; x_wconf 90' lang='lat' dir='ltr'><strong>se</strong></span> <span class='ocrx_word' id='word_1_244' title='bbox 898 2334 1182 2370; x_wconf 87' lang='lat' dir='ltr'><strong>recommendans</strong></span> <span class='ocrx_word' id='word_1_245' title='bbox 1201 2336 1313 2368; x_wconf 88' lang='lat' dir='ltr'><strong>tonsis</strong></span> <span class='ocrx_word' id='word_1_246' title='bbox 1334 2333 1488 2368; x_wconf 89' lang='lat' dir='ltr'><strong>crinibus</strong></span> <span class='ocrx_word' id='word_1_247' title='bbox 1510 2335 1542 2367; x_wconf 93' lang='lat' dir='ltr'><strong>in</strong></span> <span class='ocrx_word' id='word_1_248' title='bbox 1561 2332 1654 2367; x_wconf 91' lang='lat' dir='ltr'><strong>virili</strong></span> 
     </span>
     <span class='ocr_line' id='line_1_30' title="bbox 268 2399 1652 2447; baseline -0.004 -11"><span class='ocrx_word' id='word_1_249' title='bbox 268 2403 391 2437; x_wconf 82' lang='lat' dir='ltr'><strong>habitu</strong></span> <span class='ocrx_word' id='word_1_250' title='bbox 436 2402 521 2436; x_wconf 86' lang='lat' dir='ltr'><strong>clam</strong></span> <span class='ocrx_word' id='word_1_251' title='bbox 566 2402 715 2447; x_wconf 73' lang='lat' dir='ltr'><strong>aufugit.</strong></span> <span class='ocrx_word' id='word_1_252' title='bbox 779 2401 903 2446; x_wconf 83' lang='lat' dir='ltr'><strong>Longe</strong></span> <span class='ocrx_word' id='word_1_253' title='bbox 943 2405 1054 2435; x_wconf 87' lang='lat' dir='ltr'><strong>antem</strong></span> <span class='ocrx_word' id='word_1_254' title='bbox 1098 2400 1143 2434; x_wconf 86' lang='lat' dir='ltr'><strong>ad</strong></span> <span class='ocrx_word' id='word_1_255' title='bbox 1189 2399 1362 2445; x_wconf 83' lang='lat' dir='ltr'><strong>quoddam</strong></span> <span class='ocrx_word' id='word_1_256' title='bbox 1405 2400 1652 2434; x_wconf 88' lang='lat' dir='ltr'><strong>monasterium</strong></span> 
     </span>
     <span class='ocr_line' id='line_1_31' title="bbox 268 2464 1652 2512; baseline -0.005 -9"><span class='ocrx_word' id='word_1_257' title='bbox 268 2470 410 2503; x_wconf 69' lang='lat' dir='ltr'><strong>veniens</strong></span> <span class='ocrx_word' id='word_1_258' title='bbox 445 2471 479 2502; x_wconf 89' lang='lat' dir='ltr'><strong>et</strong></span> <span class='ocrx_word' id='word_1_259' title='bbox 513 2467 652 2501; x_wconf 81' lang='lat' dir='ltr'><strong>fratrem</strong></span> <span class='ocrx_word' id='word_1_260' title='bbox 688 2466 866 2512; x_wconf 83' lang='lat' dir='ltr'><strong>Pelagium</strong></span> <span class='ocrx_word' id='word_1_261' title='bbox 902 2476 941 2500; x_wconf 87' lang='lat' dir='ltr'><strong>se</strong></span> <span class='ocrx_word' id='word_1_262' title='bbox 974 2465 1157 2510; x_wconf 84' lang='lat' dir='ltr'><strong>appellans</strong></span> <span class='ocrx_word' id='word_1_263' title='bbox 1191 2465 1234 2499; x_wconf 88' lang='lat' dir='ltr'><strong>ab</strong></span> <span class='ocrx_word' id='word_1_264' title='bbox 1261 2464 1388 2500; x_wconf 85' lang='lat' dir='ltr'><strong>abbate</strong></span> <span class='ocrx_word' id='word_1_265' title='bbox 1415 2468 1573 2509; x_wconf 85' lang='lat' dir='ltr'><strong>receptus</strong></span> <span class='ocrx_word' id='word_1_266' title='bbox 1599 2466 1652 2497; x_wconf 90' lang='lat' dir='ltr'><strong>est</strong></span> 
     </span>
     <span class='ocr_line' id='line_1_32' title="bbox 269 2527 1650 2579; baseline -0.006 -11"><span class='ocrx_word' id='word_1_267' title='bbox 269 2537 303 2568; x_wconf 88' lang='lat' dir='ltr'><strong>et</strong></span> <span class='ocrx_word' id='word_1_268' title='bbox 338 2533 528 2579; x_wconf 81' lang='lat' dir='ltr'><strong>diligenter</strong></span> <span class='ocrx_word' id='word_1_269' title='bbox 564 2534 763 2567; x_wconf 85' lang='lat' dir='ltr'><strong>instructus.</strong></span> <span class='ocrx_word' id='word_1_270' title='bbox 813 2531 877 2571; x_wconf 89' lang='lat' dir='ltr'><strong>Qui</strong></span> <span class='ocrx_word' id='word_1_271' title='bbox 911 2535 979 2565; x_wconf 85' lang='lat' dir='ltr'><strong>tam</strong></span> <span class='ocrx_word' id='word_1_272' title='bbox 1017 2534 1139 2565; x_wconf 85' lang='lat' dir='ltr'><strong>sancte</strong></span> <span class='ocrx_word' id='word_1_273' title='bbox 1171 2540 1213 2564; x_wconf 85' lang='lat' dir='ltr'><strong>ac</strong></span> <span class='ocrx_word' id='word_1_274' title='bbox 1247 2531 1415 2576; x_wconf 81' lang='lat' dir='ltr'><strong>religiose</strong></span> <span class='ocrx_word' id='word_1_275' title='bbox 1445 2540 1483 2563; x_wconf 89' lang='lat' dir='ltr'><strong>se</strong></span> <span class='ocrx_word' id='word_1_276' title='bbox 1516 2527 1650 2570; x_wconf 86' lang='lat' dir='ltr'><strong>habuit,</strong></span> 
     </span>
     <span class='ocr_line' id='line_1_33' title="bbox 270 2592 1652 2641; baseline -0.002 -11"><span class='ocrx_word' id='word_1_277' title='bbox 270 2599 360 2641; x_wconf 86' lang='lat' dir='ltr'><strong>quod</strong></span> <span class='ocrx_word' id='word_1_278' title='bbox 393 2599 556 2633; x_wconf 81' lang='lat' dir='ltr'><strong>defuncto</strong></span> <span class='ocrx_word' id='word_1_279' title='bbox 592 2597 907 2632; x_wconf 78' lang='lat' dir='ltr'><strong>sanctimonialiinu</strong></span> <span class='ocrx_word' id='word_1_280' title='bbox 943 2597 1126 2641; x_wconf 86' lang='lat' dir='ltr'><strong>provisore</strong></span> <span class='ocrx_word' id='word_1_281' title='bbox 1161 2595 1204 2630; x_wconf 89' lang='lat' dir='ltr'><strong>de</strong></span> <span class='ocrx_word' id='word_1_282' title='bbox 1236 2597 1410 2630; x_wconf 86' lang='lat' dir='ltr'><strong>seniorum</strong></span> <span class='ocrx_word' id='word_1_283' title='bbox 1441 2592 1589 2626; x_wconf 89' lang='lat' dir='ltr'><strong>consilio</strong></span> <span class='ocrx_word' id='word_1_284' title='bbox 1618 2597 1652 2627; x_wconf 91' lang='lat' dir='ltr'><strong>et</strong></span> 
     </span>
     <span class='ocr_line' id='line_1_34' title="bbox 269 2657 1649 2707; baseline 0 -14"><span class='ocrx_word' id='word_1_285' title='bbox 269 2661 408 2695; x_wconf 85' lang='lat' dir='ltr'><strong>abbatis</strong></span> <span class='ocrx_word' id='word_1_286' title='bbox 444 2664 589 2707; x_wconf 86' lang='lat' dir='ltr'><strong>imperio</strong></span> <span class='ocrx_word' id='word_1_287' title='bbox 631 2662 714 2698; x_wconf 87' lang='lat' dir='ltr'><strong>licet</strong></span> <span class='ocrx_word' id='word_1_288' title='bbox 749 2663 876 2696; x_wconf 84' lang='lat' dir='ltr'><strong>invitus</strong></span> <span class='ocrx_word' id='word_1_289' title='bbox 915 2662 1126 2696; x_wconf 87' lang='lat' dir='ltr'><strong>monasterio</strong></span> <span class='ocrx_word' id='word_1_290' title='bbox 1163 2658 1333 2706; x_wconf 84' lang='lat' dir='ltr'><strong>virginum</strong></span> <span class='ocrx_word' id='word_1_291' title='bbox 1371 2662 1426 2693; x_wconf 90' lang='lat' dir='ltr'><strong>est</strong></span> <span class='ocrx_word' id='word_1_292' title='bbox 1458 2657 1649 2701; x_wconf 88' lang='lat' dir='ltr'><strong>praelatus.</strong></span> 
     </span>
     <span class='ocr_line' id='line_1_35' title="bbox 269 2722 1650 2773; baseline -0.001 -14"><span class='ocrx_word' id='word_1_293' title='bbox 269 2724 354 2760; x_wconf 85' lang='lat' dir='ltr'><strong>Dum</strong></span> <span class='ocrx_word' id='word_1_294' title='bbox 387 2736 471 2772; x_wconf 83' lang='lat' dir='ltr'><strong>crgo</strong></span> <span class='ocrx_word' id='word_1_295' title='bbox 505 2728 549 2761; x_wconf 86' lang='lat' dir='ltr'><strong>iis</strong></span> <span class='ocrx_word' id='word_1_296' title='bbox 581 2738 649 2762; x_wconf 90' lang='lat' dir='ltr'><strong>non</strong></span> <span class='ocrx_word' id='word_1_297' title='bbox 683 2727 795 2763; x_wconf 91' lang='lat' dir='ltr'><strong>solum</strong></span> <span class='ocrx_word' id='word_1_298' title='bbox 829 2737 1032 2773; x_wconf 84' lang='lat' dir='ltr'><strong>corporum,</strong></span> <span class='ocrx_word' id='word_1_299' title='bbox 1067 2726 1128 2762; x_wconf 89' lang='lat' dir='ltr'><strong>sed</strong></span> <span class='ocrx_word' id='word_1_300' title='bbox 1164 2727 1265 2761; x_wconf 86' lang='lat' dir='ltr'><strong>etiam</strong></span> <span class='ocrx_word' id='word_1_301' title='bbox 1297 2724 1487 2758; x_wconf 84' lang='lat' dir='ltr'><strong>animarum</strong></span> <span class='ocrx_word' id='word_1_302' title='bbox 1520 2722 1650 2769; x_wconf 84' lang='lat' dir='ltr'><strong>pabula</strong></span> 
     </span>
    </p>
   </div>
   <div class='ocr_carea' id='block_1_6' title="bbox 1715 760 1742 943">
    <p class='ocr_par' dir='ltr' id='par_1_6' title="bbox 1715 733 1742 943">
     <span class='ocr_line' id='line_1_36' title="bbox 1738 760 1741 833; baseline 0 -7"><span class='ocrx_word' id='word_1_303' title='bbox 1738 760 1741 833; x_wconf 57' lang='lat' dir='ltr'><strong>i</strong></span> 
     </span>
     <span class='ocr_line' id='line_1_37' title="bbox 1715 879 1742 943; baseline 0 0"><span class='ocrx_word' id='word_1_304' title='bbox 1715 879 1716 885; x_wconf 73' lang='grc'>’</span> <span class='ocrx_word' id='word_1_305' title='bbox 1739 879 1742 943; x_wconf 63' lang='lat' dir='ltr'><strong>i</strong></span> 
     </span>
    </p>
   </div>
   <div class='ocr_carea' id='block_1_7' title="bbox 1728 1023 1742 1068">
    <p class='ocr_par' dir='ltr' id='par_1_7' title="bbox 1728 1023 1742 1068">
     <span class='ocr_line' id='line_1_38' title="bbox 1728 1023 1742 1068; baseline 0.357 -7"><span class='ocrx_word' id='word_1_306' title='bbox 1728 1023 1742 1068; x_wconf 73' lang='lat' dir='ltr'><strong>{i</strong></span> 
     </span>
    </p>
   </div>
  </div>
 </body>
</html>
