1742 3005
245 113 328 152 550
515 116 612 162 Cap.
643 113 816 149 cxxiv.
880 113 939 149 De
970 119 1101 149 sancto
1134 112 1358 162 Augustino.

246 218 419 252 affirmant
451 220 484 250 et
515 216 630 248 carnis
666 218 959 249 resurrectionem
995 219 1145 260 negant,
1192 215 1316 249 incidit
1358 218 1393 250 et
1425 216 1459 249 ln
1494 225 1534 250 eo
1571 226 1636 261 per

248 291 357 316 annos
383 279 451 321 IX,
479 279 558 313 dum
581 279 697 314 adhuc
727 279 936 315 adolescens
965 285 1082 323 esset,
1107 281 1315 325 permansit.
1361 280 1416 314 Ad
1439 279 1503 315 has
1530 283 1634 316 etiam

249 356 360 391 nugas
392 345 565 379 adductus
599 349 671 387 est,
707 350 744 379 ut
778 346 939 379 arborem
974 346 1029 380 fici
1054 346 1195 391 plorare
1223 345 1372 387 diceret,
1408 356 1482 380 cum
1516 347 1559 381 ab
1595 357 1638 382 ea

248 412 369 445 solium
411 410 465 445 vel
499 410 583 445 sicus
616 411 810 446 tolleretur.
861 411 944 445 Cum
980 413 1088 457 igitur
1126 415 1222 446 esset
1268 421 1435 445 annorum
1476 411 1559 447 XIX
1604 419 1638 449 et

248 476 423 522 quondam
452 476 577 510 librum
601 477 783 521 cujusdam
815 477 1073 522 ¹)philosophi,
1100 479 1136 511 iu
1162 487 1230 522 quo
1253 478 1389 511 vanitas
1414 477 1531 511 mundi
1555 489 1638 513 eon-

248 542 434 576 temnenda
461 546 496 576 et
523 541 750 586 philosophia
784 542 984 587 appetenda
1010 543 1212 585 dicebatur,
1248 543 1469 588 perlegeret,
1506 555 1549 578 ex
1573 543 1640 580 hoe

252 607 390 652 quidem
418 607 509 641 liber
535 607 716 651 plurimum
741 608 891 652 placuit,
917 608 979 643 sed
1006 611 1089 653 quia
1113 619 1237 643 nomen
1260 608 1344 643 Jesu
1371 608 1520 651 Christi,
1547 610 1641 655 qnod

251 683 272 707 a
298 677 409 707 matre
443 672 648 714 imbiberat,
681 673 729 707 ibi
755 684 824 707 non
851 678 945 715 erat,
979 674 1098 708 dolere
1127 675 1263 718 coepit,
1305 677 1415 708 mater
1447 684 1528 708 vero
1565 677 1640 720 ejus

252 738 435 783 plurimum
466 737 573 771 flebat
597 741 632 772 et
655 739 766 781 ipsum
801 738 845 771 ad
874 740 1096 781 ²)veritaten1
1120 739 1203 773 fidei
1237 739 1406 774 reducere
1440 740 1641 785 satagebat.

255 803 412 843 Quadam
425 804 629 848 igiturvice,
654 806 691 836 ut
708 803 884 848 legiturin
902 802 992 836 libro
1012 802 1067 836 111.
1091 803 1361 843 confessionum,
1391 805 1476 839 vidit
1491 816 1529 840 se
1548 811 1642 842 stare

254 871 290 903 in
316 868 465 914 quadam
491 869 585 902 linea
609 868 728 913 lignea
767 868 849 902 licet
879 870 1012 902 tristem
1039 872 1073 903 et
1098 868 1238 912 quidam
1275 871 1307 903 ei
1333 870 1474 913 juvenis
1508 870 1646 906 adstitit

257 939 291 970 et
320 944 459 968 causam
483 938 603 967 tantae
632 935 798 968 tristitiae
826 935 1022 978 requisivit.
1073 934 1169 973 Quae
1194 944 1268 968 cum
1294 934 1445 969 diceret:
1473 936 1644 980 perditio-

256 1011 333 1035 nem
359 1001 427 1034 mei
451 998 513 1032 tilii
539 998 706 1043 deploro,
734 999 793 1033 ille
820 999 1021 1044 respondit:
1049 1004 1124 1034 esto
1153 1010 1298 1041 secura,
1325 1001 1407 1045 quia
1430 1001 1489 1034 nbi
1518 1006 1566 1044 tu,
1596 1003 1646 1037 ihi

257 1066 328 1100 ille.
378 1064 420 1098 Et
445 1074 524 1098 ecce
550 1065 712 1098 continuo
740 1064 844 1098 lilium
883 1076 980 1099 suum
1009 1067 1112 1110 juxta
1135 1075 1173 1099 se
1206 1070 1300 1099 stare
1329 1066 1427 1103 vidit.
1474 1066 1547 1101 lloc
1572 1078 1648 1102 cum

257 1131 456 1176 Augustino
480 1129 682 1171 retulisset,
715 1130 774 1164 ille
799 1132 866 1164 ait:
904 1130 1060 1172 falleris,
1086 1135 1217 1172 mater,
1252 1131 1388 1165 falleris
1413 1142 1476 1166 nec
1507 1134 1559 1167 sic
1582 1134 1649 1168 tibi

261 1196 388 1230 dictum
414 1199 486 1236 est,
525 1194 588 1228 scd
616 1194 676 1228 ubi
702 1206 792 1241 ego,
829 1196 878 1229 ibi
904 1200 953 1229 tu.
1001 1195 1153 1230 Econtra
1178 1196 1239 1230 illa
1264 1197 1421 1231 dicebat:
1456 1209 1544 1240 non,
1581 1199 1647 1242 fili3

240 1261 346 1307 ,nulii
371 1261 498 1294 dietum
525 1265 597 1294 est:
633 1261 693 1294 ubi
727 1261 803 1304 ille,
837 1260 885 1294 ibi
909 1265 965 1304 tu,
1001 1261 1063 1296 sed
1094 1272 1179 1295 non:
1206 1262 1267 1295 ubi
1291 1266 1347 1303 tu,
1385 1262 1434 1296 ibi
1460 1263 1530 1298 ille.
1579 1264 1649 1299 Ro-

260 1326 371 1373 gabat
404 1327 514 1372 igitur
548 1325 672 1360 sedula
705 1331 817 1361 mater
850 1328 950 1371 quasi
983 1328 1181 1371 importuna
1223 1327 1394 1372 quendam
1435 1331 1649 1375 episcopum,

263 1394 354 1427 sicut
378 1393 412 1426 in
436 1392 558 1427 eodem
585 1391 676 1425 libro
701 1391 961 1427 confessionum
986 1394 1205 1438 Augustinus
1229 1397 1401 1436 testatur,
1427 1399 1464 1428 ut
1491 1406 1554 1439 pro
1580 1396 1651 1431 lilio

264 1469 327 1493 suo
354 1457 572 1492 intercedere
598 1457 817 1503 dignaretur.
866 1459 932 1498 Qui
968 1462 1066 1493 tanta
1103 1459 1357 1504 quodammodo
1392 1460 1653 1504 importunitate

265 1523 421 1558 devictus
449 1523 658 1568 prophetica
684 1534 770 1559 voce
795 1524 998 1569 respondit:
1035 1524 1123 1558 vade
1148 1535 1293 1567 secura,
1329 1526 1410 1570 quia
1436 1526 1655 1570 impossibile

266 1593 336 1630 est,
362 1593 398 1622 ut
425 1588 516 1622 filius
541 1593 713 1623 tantarum
742 1590 968 1634 lacrymarum
997 1594 1131 1634 pereat.
1182 1590 1262 1624 Cum
1295 1596 1409 1625 autem
1442 1591 1535 1636 apud
1569 1592 1654 1627 Car-

263 1653 442 1699 thaginem
468 1653 583 1687 multis
610 1656 709 1687 annis
737 1655 942 1690 rhetoricam
968 1655 1157 1697 docuisset,
1186 1656 1321 1692 occulte
1347 1661 1456 1691 matre
1478 1659 1656 1693 nesciente

266 1719 407 1755 Romam
433 1721 528 1753 venit
555 1723 589 1754 et
614 1719 741 1754 ibidem
767 1721 892 1754 multos
920 1722 1113 1766 discipulos
1139 1725 1380 1768 congregavit.
1432 1723 1516 1758 Cum
1542 1728 1655 1758 autem

267 1790 378 1819 mater
401 1796 513 1830 usque
539 1785 584 1819 ad
613 1791 748 1830 portam
775 1796 850 1820 eum
877 1791 997 1821 secuta
1022 1788 1167 1825 suisset,
1197 1792 1234 1820 ut
1269 1792 1328 1821 ant
1353 1799 1427 1822 eum
1462 1789 1657 1823 retraheret

269 1856 329 1885 aut
353 1862 467 1885 secum
498 1852 582 1893 iret,
629 1853 706 1896 ipse
734 1862 808 1886 eam
837 1852 1016 1895 decipiens
1050 1857 1152 1885 nocte
1177 1852 1327 1886 latenter
1351 1854 1508 1887 recessit.
1558 1853 1658 1892 Quod

270 1917 332 1951 illa
371 1927 470 1951 mane
510 1916 736 1950 considerans
777 1927 880 1951 aures
916 1917 978 1951 Dei
1012 1916 1223 1950 clamoribus
1258 1917 1434 1961 implebat.
1492 1918 1657 1957 Quolibet

271 1987 383 2017 autem
412 1982 488 2024 die,
517 1992 615 2016 manc
642 1987 675 2016 et
702 1993 866 2027 vespere,
894 1982 938 2016 ad
965 1982 1147 2016 ecelesiam
1175 1982 1248 2015 ibat
1275 1986 1308 2016 et
1332 1994 1394 2027 pro
1423 1983 1492 2017 lilio
1520 1985 1656 2019 orabat.

270 2048 331 2082 His
369 2048 586 2092 temporibus
626 2047 860 2082 Athenienses
901 2057 922 2081 a
965 2047 1170 2091 Symmacho
1214 2048 1396 2091 praesecto
1429 2047 1660 2083 Rornanorum

272 2115 466 2158 petierunt,
517 2113 585 2146 sibi
629 2113 806 2147 doctorem
849 2100 882 2146 in
926 2111 1102 2146 rhetorica
1142 2112 1322 2148 destinari.
1388 2113 1664 2149 Praesulabatur

271 2184 351 2213 tunc
376 2179 425 2212 ibi
451 2180 504 2213 vir
529 2179 592 2213 Dei
619 2178 827 2213 Ambrosius
861 2183 896 2213 et
921 2177 966 2212 ad
993 2188 1116 2222 preces
1142 2177 1381 2213 Mediolanum
1409 2179 1490 2213 illuc
1516 2181 1663 2215 mittitur

273 2245 503 2289 Augustinus.
550 2244 666 2278 Mater
699 2249 813 2278 autern
851 2245 928 2289 ejus
964 2245 1146 2288 quiescere
1179 2255 1248 2278 non
1287 2243 1408 2279 valens
1444 2255 1518 2278 cum
1555 2245 1663 2279 multa

275 2311 480 2345 difficultate
516 2309 560 2344 ad
598 2320 673 2344 eum
708 2311 803 2344 venit
837 2314 871 2344 et
895 2311 1007 2354 ipsum
1026 2311 1099 2354 jam
1133 2320 1195 2344 nee
1221 2320 1302 2345 vere
1327 2309 1571 2345 Manichaeum
1599 2321 1664 2345 neo

274 2388 355 2412 vere
381 2375 590 2410 catholicum
619 2376 761 2419 reperit.
812 2375 937 2420 Coepit
959 2379 1073 2409 autem
1102 2375 1320 2420 Augustinus
1345 2375 1450 2410 beato
1476 2376 1664 2417 Ambrosio·

275 2442 470 2477 adhaerere
516 2446 551 2477 et
585 2442 662 2486 ejus
698 2440 982 2485 praedicationes
1018 2422 1221 2486 frequenter
1254 2441 1389 2478 audire.
1435 2440 1520 2475 Erat
1550 2444 1662 2474 autem

276 2506 378 2543 valde
403 2510 437 2542 in
462 2506 726 2552 praedieatione
751 2516 957 2551 suspensuS,
987 2516 1029 2540 ne
1054 2506 1137 2551 quid
1161 2510 1283 2540 contra
1307 2508 1418 2551 ipsam
1434 2504 1663 2542 Manichaeo-

279 2584 349 2611 rum
390 2573 553 2608 haeresin
586 2572 639 2607 vel
673 2582 734 2617 pro
769 2574 848 2617 ipsa
884 2572 1071 2608 diceretur.
1120 2570 1276 2611 Quadam
1311 2573 1399 2606 enim
1434 2571 1508 2605 vice
1543 2574 1664 2603 contra

279 2638 371 2671 illum
397 2650 548 2673 errorem
576 2638 782 2673 Ambrosius
809 2637 939 2672 diutius
965 2637 1158 2682 disputarit
1192 2641 1226 2672 et
1260 2638 1371 2681 ipsum
1399 2636 1532 2680 apertis
1556 2635 1665 2669 ratio-

352 2716 374 2747 Ι)
395 2714 452 2740 Alii
473 2715 600 2742 midnntx
619 2716 782 2742 scilicet
804 2715 1018 2744 Ciceronis.
1120 2716 1149 2748 2)
1169 2712 1243 2741 Alli:
1263 2711 1464 2739 uni‘u'llt‘ln·
