1742 3005
91 611 262 676 lneipit
295 611 524 676 prologus
561 626 707 676 super
743 610 948 675 legenda
983 617 1268 662 sanctoruni.
1337 614 1477 663 Alias

89 689 406 747 Lombardiea
441 689 683 755 hystoria,
728 707 864 754 quam
901 690 1171 755 compilavit
1205 691 1353 739 frater
1387 693 1477 739 Ja-

210 769 360 817 eobus
397 770 590 816 natione
625 768 906 828 Jalltieiisis‚
944 768 1125 817 ordinis
1164 768 1355 816 fratrum

578 846 969 912 praedicatorum.

86 1063 297 1123 [nivei-suin
334 1091 470 1133 tenipus
505 1091 701 1133 praesentis
738 1091 828 1123 vitae
863 1092 897 1123 in
930 1093 1080 1134 ‹piatnor
1115 1088 1361 1133 distinguitur.
1409 1094 1467 1125 sci

85 1153 167 1187 licet
191 1155 225 1186 in
249 1157 383 1198 tempus
408 1154 640 1198 deviationis,
669 1157 906 1190 renotationis
932 1157 1007 1189 sive
1035 1156 1290 1196 reserationis,
1320 1160 1473 1192 reconci-

84 1219 240 1253 liationis
267 1223 301 1253 et
320 1222 628 1266 peregrinationis.
657 1221 809 1266 Tempus
834 1221 1043 1255 deviationis
1072 1220 1135 1252 suit
1159 1219 1202 1253 ah
1226 1221 1349 1256 Adam.
1377 1227 1475 1266 post-

86 1295 187 1330 quam
212 1285 344 1320 scilicet
371 1296 392 1320 a
416 1286 489 1320 Deo
515 1286 689 1327 deviavit,
718 1291 752 1321 et
778 1286 915 1319 durmit
944 1296 1052 1329 usqne
1080 1285 1124 1318 ad
1149 1285 1295 1329 Moysen
1324 1291 1357 1320 et
1383 1289 1473 1321 istud

86 1353 219 1394 tempus
262 1355 505 1395 repraesentat
544 1352 695 1385 eeclesia
737 1362 758 1384 a
801 1352 1063 1395 septuagesima
1100 1360 1208 1394 usqne
1244 1350 1288 1384 ad
1325 1350 1470 1387 Pascha.

88 1414 183 1449 Unde
210 1420 244 1449 et
280 1420 358 1449 tunc
391 1415 521 1461 legitur
556 1415 701 1450 Genesis
738 1415 846 1457 liber,
909 1416 1041 1449 scilicet
1074 1417 1105 1448 in
1140 1426 1207 1460 qno
1241 1418 1381 1460 ponitur
1411 1419 1472 1454 de-

87 1481 194 1514 viatio
229 1482 416 1525 primorum
450 1486 642 1525 parentum.
692 1481 843 1525 Tempus
872 1482 1109 1513 renovationis
1136 1482 1210 1514 sive
1237 1486 1472 1518 revocationis

83 1547 213 1590 incepit
244 1555 266 1579 a
298 1545 421 1591 Moyse
456 1550 491 1579 et
511 1545 649 1580 duravit
675 1557 783 1591 usqne
808 1546 852 1579 ad
879 1547 1094 1579 nativitatem
1123 1545 1263 1581 Christi.
1338 1548 1375 1582 In
1403 1562 1470 1595 qno

83 1610 238 1645 homines
263 1622 327 1656 per
350 1610 541 1656 prophetas
567 1611 612 1645 ad
638 1611 737 1646 tidem
763 1612 917 1646 revocati
943 1615 1021 1644 sunt
1047 1615 1079 1643 et
1105 1613 1274 1645 renovati.
1311 1612 1353 1647 Et
1380 1617 1470 1650 istud

82 1681 217 1721 tempus
243 1681 486 1722 repraesentat
511 1677 659 1711 ecclesia
683 1677 727 1711 ab
753 1677 903 1711 adventu
938 1676 1072 1710 Domini
1100 1687 1209 1721 nsque
1234 1677 1279 1710 ad
1306 1681 1469 1715 nativita-

81 1747 149 1778 tem
183 1741 322 1777 Christi.
381 1742 478 1778 Unde
509 1748 589 1777 tune
623 1743 752 1789 legitur
787 1742 952 1786 Ysaias„
980 1741 1038 1776 nbi
1073 1741 1114 1776 de
1147 1741 1211 1775 hac
1247 1747 1469 1781 revocatione

83 1812 203 1853 aperte
241 1810 369 1854 agitur.
445 1808 597 1854 Tempus
630 1808 925 1843 reconciliationis
963 1811 1015 1841 est
1042 1811 1199 1852 tenipus,
1251 1809 1286 1842 in
1313 1821 1380 1855 qno
1406 1823 1469 1856 per

81 1873 255 1908 Christum
281 1884 396 1908 sumus
423 1874 649 1909 reconciliati.
707 1873 751 1909 Et
775 1874 866 1908 istud
892 1878 1026 1917 tempus
1053 1878 1296 1917 repraesentat
1318 1877 1469 1912 ecelesia.

82 1950 103 1974 a
128 1939 265 1975 Pascha
289 1950 398 1985 usque
423 1939 467 1974 ad
492 1939 757 1974 Pentheeosten.
817 1939 913 1974 Unde
950 1943 983 1972 et
1006 1943 1086 1973 tnnc
1113 1939 1243 1984 legitur
1267 1940 1467 1988 Apoealyp-

82 2007 151 2047 sis,
188 2005 246 2039 ubi
272 2004 373 2049 plene
399 2006 517 2051 agitur
543 2005 585 2040 de
610 2007 775 2050 mysterio
803 2004 906 2051 hujus
933 2005 1240 2039 reconciliationis.
1314 2006 1466 2052 Tempus

83 2071 376 2116 peregrinationis
411 2074 465 2105 est
490 2074 625 2115 tempus
652 2072 848 2116 praesentis
876 2072 989 2111 vitae,
1040 2071 1074 2104 in
1108 2081 1175 2115 quo
1202 2074 1467 2117 peregrinamur

82 2141 117 2171 et
141 2137 174 2170 in
200 2146 319 2182 pugna
343 2146 481 2181 semper
505 2146 633 2170 sumus.
708 2135 752 2170 Et
777 2135 861 2169 illud
887 2141 1022 2180 tenipus
1049 2141 1292 2179 repraesentat
1317 2139 1467 2174 ecclesia.

83 2202 127 2236 ab
153 2206 278 2235 octava
298 2201 546 2246 penthecosten
572 2212 683 2247 usque
710 2202 753 2236 ad
779 2202 962 2236 adventum
990 2201 1136 2235 Domini.
1189 2200 1284 2236 Unde
1310 2207 1390 2238 tune
1415 2205 1466 2239 le-

81 2270 210 2313 guntur
231 2265 311 2300 libri
336 2266 468 2313 Regum
494 2270 528 2302 et
549 2267 834 2309 Machabeorum,
862 2269 896 2301 in
923 2266 1048 2312 quihus
1076 2266 1118 2301 de
1142 2267 1323 2312 multiplici
1348 2280 1467 2315 pugna

81 2333 210 2378 agitur,
238 2341 301 2375 per
325 2341 426 2376 quam
449 2337 570 2367 nostra
592 2344 712 2380 pugna
736 2332 930 2378 spiritualis
956 2334 1127 2378 signatur.
1172 2332 1323 2377 Tempus
1351 2339 1485 2368 autem,

81 2397 187 2438 illud,
227 2395 319 2441 quod
343 2399 396 2430 est
421 2406 443 2430 a
466 2398 576 2432 natali
601 2383 742 2433 Domini
777 2407 887 2443 usque
914 2398 957 2431 ad
983 2397 1296 2441 septuagesimam,
1340 2401 1463 2442 partim

79 2464 274 2498 continetur
299 2461 362 2495 sub
387 2466 543 2506 tempore
570 2464 885 2504 reconciliationis,
938 2461 1030 2506 quod
1057 2465 1111 2495 est
1135 2466 1269 2506 tempus
1291 2461 1461 2504 laetitiae,

80 2528 212 2562 scilieet
231 2537 253 2561 a
271 2527 378 2561 natali
398 2537 508 2572 usque
527 2527 571 2562 ad
590 2532 747 2562 octavam
767 2526 986 2572 epyphaniae
1013 2531 1047 2560 et
1069 2537 1179 2572 usqne
1205 2526 1249 2561 ad
1273 2532 1460 2576 septuage

81 2595 212 2628 simam.
248 2592 294 2628 Et
318 2597 435 2638 potest
460 2594 572 2637 accipi
597 2592 652 2626 hie
676 2592 951 2637 quadrupliciter
975 2596 1165 2636 temporum
1192 2593 1360 2628 narratio.
1387 2593 1461 2627 Pria

82 2668 135 2692 mo
162 2669 269 2703 penes
302 2665 452 2703 quatuor
487 2663 676 2704 temporum
706 2658 970 2700 distinctiones,
1022 2662 1058 2691 nt
1083 2657 1191 2694 hiems
1219 2658 1393 2693 referatur
1419 2660 1462 2692 ad

1172 2726 1189 2757 l
