1742 3005
323 61 419 112 Cap.
451 61 568 99 LXX.
627 61 686 100 De
719 61 859 99 letania
890 63 1023 113 majori
1056 70 1093 101 et
1123 64 1273 101 minori.
1413 63 1492 101 313

107 167 189 211 quia
222 175 285 209 pro
316 175 443 212 magno
480 169 514 201 et
540 168 749 212 gravissimo
777 167 909 203 morbo.
958 167 1104 202 Romani
1132 169 1220 203 enim
1246 177 1320 202 cum
1348 168 1382 201 in
1407 177 1494 212 qua*

105 231 307 276 dragesima
330 233 546 267 continenter
572 233 742 267 vixissent
768 237 801 268 et
834 234 868 267 in
895 233 1027 277 pascha
1050 244 1177 278 corpus
1204 233 1333 267 domini
1358 234 1495 277 recipe-

106 291 202 338 rent,
228 296 446 341 postmodum
473 298 802 340 comissationibus,
829 297 919 332 ludis
948 303 982 333 et
1006 298 1166 333 luxuriae
1194 298 1293 333 frena
1317 297 1496 338 laxabant,

105 361 256 407 ideoque
292 361 386 397 Deus
410 368 622 407 provocatus
656 367 789 408 pestem
816 365 997 396 maximam
1022 365 1056 397 in
1081 374 1141 398 eos
1168 365 1282 406 misit,
1318 374 1418 409 quam
1444 365 1498 397 in—

105 428 302 473 guinariam
328 432 474 470 vocant,
500 429 535 462 id
562 433 615 463 est
639 432 821 472 apostema
846 430 922 462 sive
946 428 1142 462 inflaturam
1158 430 1191 462 in
1208 430 1362 474 inguine.
1411 428 1496 463 Tam

107 503 216 528 saeva
241 497 354 527 autem
381 494 442 527 illa
468 494 578 538 pestis
606 492 689 533 suit,
722 496 757 526 ut
781 492 938 527 homines
967 495 1001 527 in
1029 495 1103 535 via,
1137 495 1171 527 in
1197 504 1335 533 mensa,
1375 495 1409 527 in
1444 494 1496 527 lu-

107 560 186 602 dis,
214 561 248 593 in
274 559 459 603 colloquiis
488 559 604 592 subito
630 562 866 599 morerentur,
892 559 941 592 ita
968 559 1082 603 quod,
1111 568 1184 592 cum
1213 559 1354 604 aliquis,
1380 564 1415 592 ut
1444 559 1497 592 di—

108 627 208 668 citur,
233 623 466 665 steriiutabat,
494 633 602 668 saepe
627 633 702 657 cum
729 624 808 668 ipsa
833 625 1089 659 sternutatione
1116 626 1274 669 spiritum
1294 624 1495 658 exhalabat.

107 690 216 732 Unde,
243 699 318 723 cum
345 688 473 733 aliquis
499 689 652 734 aliquem
679 693 929 723 sternutantem
948 689 1126 732 audiebat,
1155 691 1271 724 statim
1293 700 1499 725 accurrens:

78 794 89 800 ,
106 756 201 791 Deus
219 759 252 790 te
273 754 430 799 adjuvet,
459 754 687 796 acclamabat,
717 759 751 789 et
778 754 918 797 abinde,
947 759 984 788 ut
1010 755 1138 797 dicunt,
1165 756 1277 789 adbuc
1304 755 1389 790 haec
1415 766 1498 789 eon-

108 820 257 856 suetudo
279 824 458 863 servatur,
483 824 540 863 ut,
568 830 642 854 cum
670 820 820 865 aliquem
846 824 1095 855 sternutantem
1133 822 1311 863 audimus,
1345 822 1439 855 Deus
1467 826 1500 855 te

108 887 271 933 adjuvet,
306 886 547 920 acclamemus.
596 886 749 927 Rursus,
794 890 831 920 ut
868 886 1000 928 fertur,
1045 896 1119 920 cum
1150 886 1277 931 aliquis
1313 887 1500 927 oscitabat,

109 955 312 999 frequenter
338 953 501 986 continuo
529 955 562 985 et
587 952 702 985 subito
731 954 887 996 spiritum
911 951 1101 986 emittebat.
1150 951 1246 986 Unde
1272 962 1346 986 cnm
1374 953 1501 997 aliquis

110 1031 149 1054 se
173 1018 264 1054 velle
293 1019 444 1052 oscitare
469 1016 664 1059 sentiebat,
702 1019 864 1051 continuo
898 1020 1033 1063 signum
1070 1019 1181 1051 crucis
1210 1017 1278 1051 sibi
1305 1019 1501 1062 imprimere

110 1083 321 1125 festinabat,
346 1086 380 1117 et
406 1082 494 1117 haec
519 1083 736 1117 consuetudo
763 1084 924 1118 similiter
950 1083 1178 1128 usquemodo
1195 1088 1367 1117 servatur.
1410 1083 1502 1118 llaec

109 1155 223 1185 autem
250 1150 359 1194 pestis
388 1149 539 1194 qualiter
565 1153 675 1183 ortum
701 1149 884 1190 habuerit,
913 1152 946 1183 in
974 1151 1044 1182 vita
1072 1150 1185 1182 sancti
1212 1149 1374 1196 Gregorii
1400 1162 1501 1195 repe-

108 1218 206 1251 ritur.
255 1214 415 1249 Secundo
448 1214 576 1249 dicitur
605 1217 788 1260 processio
823 1215 1036 1259 septiformis
1076 1225 1118 1249 ex
1152 1226 1215 1257 eo,
1250 1216 1343 1261 quod
1378 1216 1502 1250 beatus

111 1281 303 1328 Gregorius
338 1282 608 1325 processiones,
645 1291 731 1325 quas
768 1285 849 1314 tunc
876 1280 1054 1322 faciebat,
1095 1291 1158 1325 per
1195 1285 1327 1325 septem
1362 1282 1502 1315 ordines

110 1347 338 1391 disponebat:
375 1355 453 1379 nam
487 1347 522 1379 in
555 1348 666 1390 primo
703 1346 825 1380 ordine
861 1350 936 1381 erat
970 1348 1079 1380 omnis
1106 1347 1244 1389 clerus,
1280 1348 1314 1381 in
1347 1346 1503 1381 secundo

111 1422 230 1447 omnes
266 1410 427 1445 monachi
464 1415 498 1445 et
531 1411 715 1456 religiosi,
762 1412 796 1445 in
830 1414 933 1446 tertio
970 1413 1274 1454 sanctimoniales,
1310 1414 1344 1446 in
1380 1418 1503 1457 quarto

111 1488 230 1513 omnes
256 1476 431 1518 infantes,
468 1476 502 1510 in
535 1478 652 1521 quinto
689 1489 808 1512 omnes
841 1478 952 1523 layci,
986 1480 1019 1512 in
1046 1482 1146 1512 sexto
1174 1488 1292 1512 omnes
1318 1477 1444 1511 viduae
1471 1482 1503 1511 et

110 1545 348 1585 continentes,
383 1544 419 1577 in
452 1544 600 1587 septimo
636 1554 753 1579 omnes
790 1545 1028 1589 ¹)conjugati.
1077 1544 1146 1578 Sed
1183 1543 1284 1588 quod⁴
1312 1543 1413 1576 modo
1435 1554 1504 1576 non

110 1619 297 1654 possumus
325 1610 360 1642 in
386 1619 528 1643 numero
553 1620 804 1653 personarum,
831 1610 1032 1655 supplemus
1058 1610 1092 1644 in
1117 1620 1259 1644 numero
1284 1608 1504 1649 letaniarum,

112 1676 195 1721 quia
228 1675 361 1719 septies
395 1674 464 1708 dici
499 1675 648 1718 dehent,
692 1680 878 1721 antequam
910 1677 1065 1721 insignia
1099 1675 1329 1720 deponantur.
1380 1675 1504 1709 Tertio

113 1741 273 1774 dicuntur
297 1750 418 1774 cruces
445 1741 583 1785 nigrae,
611 1743 773 1786 quoniam
799 1743 833 1775 in
859 1743 995 1787 signum
1020 1743 1191 1776 moeroris
1217 1752 1259 1776 ex
1275 1745 1371 1775 tanta
1387 1744 1506 1786 strage

112 1805 285 1840 hominum
319 1809 361 1858 0²„
386 1805 421 1839 iu
446 1806 582 1851 signum
611 1809 848 1851 poenitentiae
870 1807 1028 1842 homines
1057 1809 1169 1853 nigris
1196 1807 1353 1842 vestibus
1384 1806 1505 1840 indue-

111 1867 260 1914 bantur,
290 1876 325 1907 et
360 1871 452 1906 sorte
488 1877 634 1917 propter
670 1873 815 1908 eandem
852 1884 993 1908 causam
1030 1883 1150 1908 cruces
1176 1878 1211 1909 et
1238 1874 1367 1908 altaria
1392 1875 1506 1908 sacris

112 1937 260 1971 cilicinis
294 1937 471 1972 velabant.
520 1937 683 1974 Homines
718 1941 823 1974 etiam
857 1939 979 1975 fideles
1003 1944 1120 1974 vestes
1145 1940 1417 1984 poenitentiales
1444 1940 1505 1974 de-

113 2001 198 2036 bent
229 2011 419 2037 assumere.
468 2003 550 2038 Alia
584 2010 698 2039 autem
732 2005 860 2039 dicitur
890 2005 1021 2040 letania
1046 2007 1177 2047 minor,
1218 2016 1309 2050 quae
1336 2005 1372 2038 fit
1394 2005 1506 2038 tribus

114 2066 238 2101 diebus
280 2071 361 2102 ante
403 2068 692 2112 adscensionem,
739 2081 841 2115 quam
882 2070 1008 2105 beatus
1050 2071 1277 2106 Mammertus
1321 2072 1508 2114 episcopus

113 2131 323 2168 Viennensis
357 2136 514 2179 tempore
552 2135 683 2169 Leonis
720 2136 964 2181 imperatoris,
1007 2137 1065 2181 qui
1104 2137 1219 2180 coepit
1253 2146 1343 2170 anno
1380 2135 1509 2169 domini

115 2196 338 2233 CCCCLVlII
363 2203 443 2234 ante
468 2201 722 2236 institutionem
749 2203 882 2246 primae
910 2202 1082 2242 instituit,
1109 2211 1200 2247 quae
1227 2201 1354 2235 dicitur
1378 2201 1510 2236 letania

115 2263 250 2305 minor,
283 2267 487 2310 rogationes
525 2270 559 2301 et
590 2269 786 2312 processio.
836 2268 970 2303 Dicitur
1005 2271 1119 2302 autem
1156 2267 1289 2302 letania
1318 2268 1431 2300 minor
1464 2265 1509 2299 ad

115 2327 349 2363 differentiam
376 2332 526 2375 primae,
553 2334 635 2378 quia
659 2333 793 2368 scilicet
821 2324 981 2368 instituta
1007 2337 1061 2368 est
1087 2343 1108 2367 a
1131 2334 1256 2366 minori
1282 2333 1448 2376 episcopo
1475 2332 1510 2365 in

115 2394 240 2427 minori
265 2393 342 2428 loco
370 2399 405 2428 et
428 2406 492 2440 pro
514 2399 638 2431 minori
662 2396 796 2434 morbo.
846 2398 962 2433 Causa
993 2402 1107 2432 autem
1140 2398 1369 2431 institutionis
1404 2396 1509 2441 hujus

115 2458 207 2494 haec
233 2459 309 2494 suit.
356 2459 454 2495 'runc
489 2463 578 2496 enim
612 2463 705 2506 apud
732 2463 898 2498 Viennam
933 2463 1133 2508 frequentes
1167 2466 1202 2496 et
1231 2463 1370 2495 maximi
1393 2465 1509 2496 terrae

117 2527 230 2559 motus
265 2523 416 2569 flebant,
465 2536 556 2572 quae
595 2527 717 2562 domos
760 2532 796 2562 et
835 2528 1005 2564 eeclesias
1042 2528 1210 2574 plurimas
1244 2527 1508 2570 subvertebant,

186 2669 214 2702 1)
232 2669 287 2700 Ed.
305 2661 350 2699 ΡΥ..
369 2678 526 2706 perperam
547 2680 588 2698 co
599 2680 616 2698 n
627 2672 634 2705 j
646 2681 663 2698 n
674 2679 690 2704 g
700 2680 715 2698 a
726 2675 737 2698 t
747 2680 788 2699 ae
808 2670 889 2705 legit.
