1742 3005
249 114 342 164 Cap.
376 115 524 152 CXLV.
584 116 642 153 De
676 123 807 153 sancto
837 117 1023 156 Michaele
1068 119 1308 169 archangelo,
1393 118 1475 159 645

81 216 300 264 gerarchiae„
351 217 496 258 Quidam
527 230 609 254 vero
645 226 907 267 praeponuntur
939 222 981 256 ad
1008 224 1165 269 regimen
1188 222 1336 268 aliquus
1362 225 1471 268 partis

82 284 203 329 regni,
246 287 284 317 ut
313 285 507 328 praepositi
544 289 578 319 et
609 285 717 320 balivi
742 290 776 321 ct
800 286 999 332 hujusmodi
1025 289 1176 323 minores
1201 287 1382 323 officiales.
1428 287 1472 322 Et

79 348 134 383 his
169 349 301 384 similes
336 353 416 383 sunt
450 350 593 385 ordines
627 353 753 386 tertiae
786 352 1008 397 gerarchiae.
1059 353 1150 388 Tres
1184 355 1293 399 igitur
1336 354 1469 398 primae

79 414 289 459 gerarchiae
331 415 573 460 accipiuntur,
620 417 653 449 in
687 421 849 461 quantum
884 417 956 451 Deo
1000 419 1171 451 assistunt
1208 422 1242 452 et
1278 418 1322 451 ad
1355 420 1468 463 ipsum

78 483 335 514 convertuntur.
384 480 438 515 Ad
464 480 551 516 haec
576 485 690 515 tamen
716 482 785 514 tria
810 481 1015 515 neccssaria
1040 486 1138 523 sunt,
1177 482 1311 516 scilicet
1336 493 1467 517 summa

79 545 241 588 dilectio,
270 550 305 580 et
328 545 396 579 hoc
424 548 587 590 quantum
615 545 659 578 ad
686 545 840 579 ordinem
868 545 1057 590 seraphin,
1092 547 1182 591 qnod
1217 547 1466 590 interpretatur

76 610 260 653 ardentes;
286 610 444 655 perfecta
470 611 645 655 cognitio,
673 614 707 645 et
734 609 801 644 hoc
830 615 994 656 quantum
1021 611 1065 646 ad
1093 611 1274 654 cherubin,
1301 613 1463 657 quoniam

76 677 325 719 interpretatur
342 674 523 719 plenitudo
543 676 732 717 scientiae3
761 680 931 720 perpetua
949 677 1215 722 comprehensio
1234 678 1310 713 sive
1328 676 1461 721 fruitio,

73 744 108 775 et
129 739 196 774 hoc
220 744 384 786 quantum
411 740 455 775 ad
480 741 647 783 thronos,
680 741 772 786 quod
799 744 1074 786 interpretantur
1096 743 1216 785 sedes,
1251 744 1333 788 quia.
1358 744 1391 776 in
1416 744 1459 776 iis

72 805 173 841 sedet
199 805 292 840 Deus
318 810 353 841 et
377 808 541 853 quiescit,
568 806 646 840 dum
674 816 734 841 eos
755 808 789 840 in
809 817 848 841 se
874 808 1058 852 quiescere
1084 807 1177 842 facit.
1228 807 1319 841 Tres
1345 812 1458 842 autem

71 871 213 907 ordines
237 872 373 907 mediae
397 871 606 918 gerarchiae
637 873 875 916 accipiuntur,
903 874 936 906 in
958 878 1120 918 quantum
1139 873 1269 907 habent
1290 883 1458 917 praeesse

71 941 106 972 et
130 947 254 983 regere
278 939 539 972 universitatem
565 937 738 971 hominum
764 938 797 969 in
826 939 1006 972 communi.
1056 938 1127 972 Hoc
1161 942 1273 972 autem
1301 939 1457 984 regimen

69 1004 231 1037 consistit
261 1004 294 1037 in
327 1002 457 1037 tribus:
494 1004 602 1047 primo
640 1003 672 1035 in
707 1001 942 1046 praesidendo
976 1004 1051 1038 sive
1076 1003 1293 1048 imperando,
1327 1006 1361 1037 et
1388 1002 1456 1037 hoc

67 1070 222 1113 pertinet
251 1068 294 1102 ad
329 1068 485 1102 ordinem
517 1067 810 1110 dominationum,
851 1067 894 1101 ad
926 1079 1027 1113 quem
1059 1073 1195 1114 spectat
1227 1068 1454 1103 interioribus

67 1143 234 1178 praeesse
260 1137 295 1168 et
319 1143 383 1168 eos
410 1135 444 1167 in
469 1133 628 1168 omnibus
653 1134 856 1168 ministeriis
884 1133 1012 1168 divinis
1038 1133 1194 1180 dirigere
1212 1144 1251 1168 ac
1275 1135 1317 1167 iis
1338 1135 1454 1168 omnia

66 1200 259 1244 imperare,
290 1199 383 1245 quod
418 1200 530 1234 innuit
564 1199 712 1234 Zachar.
741 1198 803 1240 V.,
837 1198 897 1232 ubi
929 1209 1016 1233 unus
1042 1199 1190 1245 angelus
1216 1199 1319 1234 alteri
1345 1198 1452 1233 dixit:

65 1274 166 1300 curre
193 1268 227 1299 et
249 1264 396 1310 loquere
422 1264 466 1300 ad
493 1276 635 1310 puerum
661 1267 763 1299 istum
781 1264 900 1298 dicens
919 1268 982 1298 etc.
1032 1264 1191 1300 Secundo
1207 1266 1242 1299 in
1259 1264 1451 1309 operando,

64 1333 99 1365 et
123 1330 189 1364 hoc
214 1332 367 1375 pertinet
390 1330 434 1365 ad
463 1330 618 1365 ordinem
647 1331 827 1372 virtutum,
864 1329 990 1374 quibus
1025 1330 1113 1364 nihil
1147 1335 1201 1365 est
1232 1330 1451 1375 impossibile

65 1397 234 1441 exsequi,
268 1395 362 1440 quod
394 1397 604 1440 imperatur,
640 1396 721 1440 quia
755 1396 797 1428 iis
830 1394 945 1429 datum
978 1399 1032 1430 est
1064 1406 1171 1440 posse
1205 1406 1311 1440 super
1335 1397 1450 1430 omnia

63 1460 222 1495 difficilia
256 1459 301 1494 ad
334 1459 484 1494 divinum
510 1461 735 1494 ministerium
764 1462 992 1505 pertinentia,
1034 1465 1069 1495 et
1100 1461 1180 1496 ideo
1213 1462 1256 1494 iis
1289 1461 1450 1494 attribuit

62 1526 232 1561 miracula
256 1525 387 1561 facere.
436 1524 559 1560 Tertio
589 1526 622 1559 in
649 1525 821 1568 arcendo,
854 1529 891 1559 ut
922 1526 1057 1561 scilicet
1082 1526 1310 1570 impedientia
1334 1529 1368 1560 et
1393 1527 1445 1559 in-

62 1592 230 1627 festantia
253 1595 458 1633 arceantur,
493 1595 527 1626 et
560 1591 625 1625 hoc
657 1593 808 1635 pertinet
839 1591 883 1625 ad
909 1590 1063 1625 ordinem
1091 1595 1322 1635 potestatum,
1358 1601 1447 1636 quae

61 1657 193 1692 babent
221 1667 385 1692 coercere
422 1658 618 1691 contrarias
653 1660 871 1701 potestatcs3
907 1655 1000 1701 quod
1028 1658 1202 1701 signatum
1229 1660 1283 1690 est
1309 1656 1446 1690 Tobiae

60 1733 136 1768 cap.
163 1721 258 1765 VIII,
293 1721 353 1756 ubi
379 1722 520 1764 dicitur,
557 1721 649 1767 quod
681 1721 838 1765 Raphael
870 1721 1035 1767 religavit
1067 1722 1285 1756 daemonium
1322 1722 1355 1755 in
1382 1721 1443 1756 de-

60 1792 155 1823 serto
191 1789 384 1833 superioris
417 1787 584 1833 Aegypti.
639 1786 731 1821 Tres
767 1797 849 1821 vero
885 1786 1028 1821 ordines
1063 1787 1204 1821 ultimae
1236 1786 1446 1833 gerarchiae

59 1855 296 1899 accipiuntur,
322 1852 511 1887 secundum
538 1852 632 1898 quod
660 1851 792 1887 babent
821 1854 976 1898 regimen
1002 1852 1266 1887 determinatum
1293 1857 1327 1887 et
1353 1852 1444 1885 limi-

58 1922 179 1954 tatum.
230 1918 375 1958 Quidam
411 1920 499 1953 enim
533 1929 651 1953 eorum
681 1921 849 1963 praesunt
878 1920 935 1952 uni
968 1919 1183 1963 provinciae.
1230 1917 1270 1951 Hi
1297 1922 1377 1952 sunt
1402 1917 1446 1952 de

60 1983 182 2018 ordine
214 1985 450 2029 principatus,
493 1986 581 2018 sicut
622 1989 698 2019 erat
731 1986 894 2029 princeps
930 1983 1137 2026 Persarum,
1180 1985 1238 2028 qui
1281 1986 1447 2027 praeerat

59 2049 198 2090 Persis3
232 2047 276 2082 de
304 2059 372 2092 quo
398 2048 548 2084 habetur
572 2049 708 2084 Daniel.
732 2049 798 2083 X.:
831 2048 971 2093 quidam
1005 2059 1088 2083 vero
1115 2048 1272 2093 deputati
1296 2051 1376 2082 sunt
1400 2046 1446 2081 ad

60 2115 218 2161 regimen
248 2112 498 2156 multitudinis,
538 2117 595 2155 ut,
630 2118 734 2158 puta,
778 2114 879 2147 unius
921 2114 1093 2153 civitatis,
1137 2116 1171 2146 et
1210 2112 1246 2145 hi
1284 2112 1447 2145 dicuntur

59 2177 282 2224 archangeli3
316 2177 456 2222 quidam
487 2188 571 2213 vero
604 2178 649 2212 ad
684 2179 838 2223 regimen
874 2187 1048 2222 personae
1084 2177 1299 2222 singularis,
1340 2180 1374 2211 ct
1410 2176 1447 2209 hi

59 2244 221 2279 dicuntur
243 2242 375 2289 angeli.
422 2241 519 2277 Unde
553 2246 586 2277 et
622 2242 782 2277 dicuntur
815 2244 954 2277 minima
992 2243 1152 2277 nuntiare
1185 2252 1228 2277 ex
1255 2252 1318 2283 eo,
1353 2240 1445 2286 quod

61 2320 178 2345 eorum
214 2308 442 2343 ministerium
477 2307 522 2342 ad
553 2318 655 2342 unum
687 2307 859 2342 hominem
892 2308 1078 2350 limitatur,
1121 2306 1326 2351 archangeli
1360 2316 1444 2341 vero

61 2373 223 2408 dicuntur
256 2373 391 2418 majora
421 2374 601 2416 nuntiare,
636 2374 719 2418 quia
749 2372 875 2407 bonum
909 2374 1011 2407 unius
1043 2372 1271 2406 multitudinis
1303 2371 1444 2415 dignius

60 2442 132 2481 est,
169 2447 269 2483 quam
305 2436 432 2471 honum
463 2439 565 2472 unius
597 2438 759 2473 hominis.
807 2437 844 2472 In
878 2439 1121 2484 assignatione
1146 2441 1260 2471 autem
1286 2434 1444 2468 ordinum

61 2505 192 2550 primae
223 2501 433 2549 gerarchiae
478 2501 671 2548 Gregorius
706 2506 740 2537 et
772 2501 972 2536 Bernartius
1008 2512 1083 2536 cum
1107 2502 1274 2545 Dionysio
1298 2509 1443 2534 concor-

62 2568 168 2613 dant,
203 2569 286 2614 quia
320 2568 493 2612 accipitur
525 2577 633 2612 penes
666 2577 783 2601 eorum
825 2566 1045 2608 fruitionem,
1089 2575 1178 2610 quae
1214 2566 1376 2599 consistit
1409 2566 1443 2598 in

63 2633 211 2669 ferventi
244 2633 429 2668 dilectione
457 2643 525 2677 quo
552 2631 598 2665 ad
622 2630 807 2676 seraphin,
849 2629 1027 2675 profunda
1060 2630 1261 2676 cognitione
1304 2641 1371 2675 quo
1398 2629 1441 2664 ad

63 2698 253 2742 cherubin,
291 2685 461 2743 perpetua
504 2698 698 2733 retentione
733 2706 799 2741 quo
833 2695 876 2729 ad
906 2695 1064 2731 thronos.
1113 2695 1181 2731 Sed
1219 2696 1252 2729 in
1279 2696 1442 2741 assigna-
