1742 3005
239 94 293 133 96
576 96 672 144 Cap,
706 94 805 131 xvi.
866 95 922 132 De
955 102 1084 132 sancto
1116 94 1303 146 Remigio.

242 201 350 235 sionis
377 203 412 234 ut
441 202 594 239 scutum,
623 199 848 243 pugnationis
874 202 908 232 ut
933 198 1095 245 gladius,
1132 200 1330 234 munitionis
1359 204 1394 234 ut
1420 200 1530 234 lorica
1556 200 1629 234 sive

240 266 356 312 galea.
404 264 570 298 Luctatus
597 267 649 297 est
673 264 781 309 igitur
804 268 925 298 contra
950 263 1134 308 dyabolum
1159 268 1256 299 scuto
1282 265 1374 308 lidei,
1399 264 1519 311 gladio
1534 264 1630 300 verbi

241 332 303 366 Dei
331 334 364 365 et
389 329 493 375 galea
518 330 606 374 spei.
651 328 736 374 Ejus
764 331 867 364 vitam
898 330 932 375 ¹)
961 328 1162 365 llincmarus
1190 329 1368 366 Remensis
1393 330 1627 376 archiepisco

238 408 302 442 pus
329 397 479 440 scripsit.

328 462 507 507 Remigius
552 460 674 496 doctoi·
720 463 886 508 egregius
934 466 968 497 et
1007 461 1191 497 confessor
1231 461 1359 497 domini
1398 461 1576 508 gloriosus
1609 473 1629 497 a

240 529 390 575 quodam
414 529 558 563 eremita
584 529 679 562 nasci
704 527 822 564 taliter
848 533 900 563 est
927 530 1122 574 praevisus.
1173 528 1256 563 Cum
1282 530 1371 563 enim
1394 528 1630 564 Vandalorum

239 595 437 640 persecutio
464 598 572 628 totam
596 592 777 628 Franciam
805 594 1040 637 devastasset,
1067 594 1207 640 quidam
1231 594 1388 629 reclusus
1404 595 1456 629 vir
1475 598 1628 632 sanetus,

239 663 299 707 qui
323 661 432 695 lucem
457 660 633 694 oculorum
658 661 843 703 amiserat,
873 671 935 706 pro
962 670 1048 705 pace
1072 660 1242 695 ecclesiae
1267 660 1469 695 Gallicanae
1495 659 1629 696 crebris

239 725 457 760 orationibus
484 725 655 759 dominum
680 725 862 760 exorabat.
935 725 978 760 Et
1003 736 1081 761 ecce
1107 726 1254 771 angelus
1279 725 1407 759 domini
1432 728 1466 760 iu
1495 728 1571 768 visu
1596 729 1628 761 ei

239 792 376 826 adstitit
400 793 502 836 eique
529 790 635 824 dixit:
685 791 773 824 scito
800 791 892 835 quod
915 792 1038 826 mulier
1063 792 1125 825 illa
1148 794 1283 826 nomine
1310 792 1423 826 Cilina
1448 792 1550 826 lilium
1565 803 1626 826 no—

239 859 327 892 mine
352 857 545 903 Remigium
570 855 777 902 generabit,
821 857 878 901 qui
906 861 1045 903 gentem
1073 867 1168 891 suam
1195 867 1216 891 a.
1240 857 1407 891 malorum
1430 857 1626 891 incursibus

238 922 412 958 liberabit.
464 922 617 967 Cumque
641 922 868 968 evigilasset,
921 925 1038 957 statim
1063 923 1108 957 ad
1134 922 1269 958 denium
1301 923 1435 958 Cilinae
1463 925 1555 959 venit
1580 928 1625 966 et,

238 989 330 1035 quod
358 988 512 1030 viderat,
547 990 736 1023 enarravit.
787 988 940 1034 Cumque
966 989 1027 1023 illa
1051 1000 1117 1023 non
1146 990 1324 1032 erederet,
1352 1000 1393 1024 eo
1420 989 1513 1035 quod
1539 999 1624 1024 auus

233 1058 307 1102 jam
344 1058 456 1097 esset,
511 1054 569 1089 ille
605 1056 805 1100 respondit:
853 1056 945 1090 scias
982 1054 1073 1100 quod
1109 1066 1182 1089 cum
1207 1066 1351 1101 puerum
1377 1055 1625 1091 ablactaveris,

238 1121 357 1156 oculos
382 1130 477 1155 meos
503 1119 545 1154 de
570 1120 660 1155 laete
684 1126 744 1155 tuo
770 1131 945 1167 perunges
971 1125 1004 1155 et
1026 1122 1188 1155 continuo
1217 1120 1299 1154 milii
1325 1122 1434 1156 visum
1449 1122 1625 1156 restitues.

239 1188 391 1233 Cumque
418 1197 482 1231 per
507 1186 662 1221 ordinem
691 1187 776 1222 haee
803 1188 919 1221 omnia
952 1188 1203 1232 contigissent,
1253 1187 1431 1233 Remigius
1465 1187 1625 1221 mundum

238 1255 327 1300 sugit
354 1258 387 1288 et
413 1252 638 1287 reclusorium
665 1254 818 1291 intravit.
869 1253 1054 1288 Crescente
1079 1256 1192 1287 autem
1219 1253 1294 1298 ejus
1323 1253 1435 1296 sama,
1469 1264 1543 1287 cum
1570 1262 1625 1287 es-

238 1324 291 1356 set
325 1320 449 1365 viginti
486 1318 630 1352 duorum
665 1329 852 1363 annorum,
885 1318 929 1353 ab
957 1320 1047 1352 0111111
1073 1318 1204 1363 populo
1229 1318 1406 1354 Rcmensis
1432 1318 1616 1364 archiepis

236 1398 344 1432 copus
372 1389 424 1420 est
449 1384 592 1419 electus.
657 1384 793 1420 Tantae
818 1390 932 1420 autem
959 1384 1234 1420 mansuetudinis
1268 1385 1353 1427 snit,
1404 1385 1496 1430 quod
1522 1386 1625 1420 etiam

237 1454 282 1488 ad
307 1461 459 1488 mensam
487 1452 562 1496 ejus
596 1460 761 1496 passeres
797 1451 983 1486 veniebant
1014 1455 1048 1486 et
1083 1449 1125 1485 de
1150 1460 1252 1485 manu
1281 1461 1356 1496 ejus
1384 1451 1551 1496 reliquias
1577 1451 1623 1485 ci-

235 1520 356 1554 borum
382 1516 620 1552 comedebant.
695 1517 851 1557 Quodam
884 1521 1039 1562 tempore
1064 1526 1137 1550 cum
1164 1517 1199 1550 in
1224 1516 1325 1551 domo
1350 1516 1529 1563 cujusdam
1554 1526 1624 1550 ma-

235 1591 359 1620 tronae
382 1583 580 1627 hospitatus
607 1582 732 1617 suisset
757 1587 792 1618 et
815 1583 877 1616 illa
900 1582 1069 1616 modicum
1096 1583 1165 1617 vini
1183 1582 1340 1625 liaberet,
1363 1582 1540 1628 Remigius
1555 1582 1621 1616 cel>

236 1653 358 1686 larium
386 1650 542 1683 introitit
567 1652 600 1683 et
626 1658 733 1693 super
757 1647 884 1682 dolium
910 1658 1043 1683 crucem
1073 1648 1173 1690 secit3
1202 1658 1345 1693 (uinique
1371 1648 1497 1682 ibidem
1524 1658 1622 1682 oras-

236 1722 308 1759 set,
346 1727 424 1750 mox
450 1714 601 1759 desuper
626 1716 737 1748 vinum
763 1713 964 1759 egreditur,
992 1714 1042 1747 ita
1070 1713 1162 1759 quod
1187 1725 1250 1759 per
1273 1709 1421 1748 medium
1446 1714 1621 1750 cellarium

237 1782 455 1818 sumlebatur.
507 1781 589 1814 (lum
616 1786 729 1815 autem
746 1779 944 1814 clodoveus
970 1790 1031 1815 rex
1057 1779 1226 1815 Franciae
1254 1784 1330 1814 tune
1356 1782 1520 1825 temporis
1536 1791 1620 1827 gen-

235 1849 304 1883 tilis
331 1851 504 1882 essetnec
530 1846 573 1880 ab
599 1857 706 1881 uxore
732 1855 797 1879 sua
823 1845 1114 1880 christianissima
1138 1847 1293 1880 converti
1318 1850 1459 1891 posset,
1488 1847 1621 1881 videns.

235 1914 328 1960 qnod
359 1913 512 1947 inlinitus
547 1914 720 1947 exereitus
754 1912 1022 1946 Alemannorum
1054 1922 1159 1957 super
1193 1922 1231 1946 se
1258 1913 1434 1954 venisset,
1485 1911 1621 1946 domino

234 1980 330 2022 Deo,
357 1990 456 2024 quem
483 1990 570 2013 uxor
595 1990 658 2013 sua
685 1978 844 2021 colebat,
871 1981 986 2012 votum
1015 1979 1132 2020 vovit,
1159 1977 1272 2022 quod,
1295 1978 1325 2012 si
1351 1977 1392 2012 dc
1419 1977 1620 2012 Alemannis

233 2045 301 2079 sibi
327 2046 505 2079 victoriam
531 2044 758 2088 concederet,
807 2054 887 2078 mox
912 2043 1010 2078 tidem
1037 2043 1164 2078 Christi
1190 2046 1372 2089 reciperet.
1422 2043 1521 2084 Quod
1546 2053 1619 2077 eum

233 2111 358 2145 suisset
383 2111 425 2144 ad
453 2110 584 2144 libitum
610 2115 837 2154 consecutus,
864 2110 1027 2162 'beatum
1054 2109 1245 2155 Remigium
1271 2110 1356 2144 adiit
1383 2115 1417 2144 et
1442 2121 1479 2144 se
1505 2108 1617 2154 bapti-—

233 2178 306 2210 zari
331 2178 504 2221 poposcit.
581 2176 733 2222 (lunique
767 2177 811 2210 ad
838 2176 967 2211 sontem
994 2175 1215 2219 baptismatis
1241 2175 1443 2209 advenisset
1466 2184 1529 2209 nec
1554 2173 1619 2207 ibi-

232 2242 308 2276 dem
333 2252 467 2275 sacrum
492 2241 642 2276 chrisma
666 2242 825 2284 haberet,
849 2252 927 2276 ecce
952 2239 1112 2275 columba
1140 2240 1310 2285 quaedam
1336 2239 1521 2284 ampullam
1545 2249 1618 2273 cum

232 2307 416 2341 chrismate
443 2308 476 2340 in
501 2311 615 2341 rostro
641 2307 785 2349 detulit,
832 2306 874 2341 de
912 2317 980 2352 quo
1016 2316 1132 2352 regem
1166 2306 1323 2350 pontifex
1358 2306 1479 2339 linivit.
1529 2305 1619 2339 llaec

232 2378 345 2408 autem
372 2372 524 2417 ampulla
548 2375 581 2407 in
605 2373 764 2408 Remensi
791 2371 940 2407 ecclesia
967 2375 1195 2405 conservatur
1220 2376 1254 2405 et
1279 2371 1357 2405 inde
1383 2380 1491 2415 usque
1516 2369 1619 2404 hodio

233 2450 335 2485 reges
368 2438 536 2473 Franciae
563 2440 781 2484 inunguntur.
855 2437 939 2471 Post
970 2437 1109 2481 longum
1138 2442 1271 2481 tempus
1295 2447 1369 2470 eum
1397 2435 1618 2471 (lenebaldus

232 2507 283 2538 vir
310 2505 476 2549 providus
512 2509 546 2538 et
577 2503 703 2550 dignus
737 2509 873 2548 nepti-m
899 2503 993 2538 beati
1018 2502 1164 2548 Remigii
1189 2504 1223 2536 in
1250 2513 1390 2537 uxorem
1417 2502 1562 2536 liaberet
1588 2506 1621 2535 et

232 2582 270 2606 se
304 2571 485 2616 religionis
518 2579 626 2604 causa
661 2573 777 2604 mutuo
821 2569 1078 2610 absolvissent,
1129 2567 1340 2612 praedictum
1384 2565 1619 2602 Genebaldum

301 2715 328 2745 Ι)
347 2712 443 2745 Vulgo
463 2712 540 2740 male
561 2713 718 2745 ignarus
739 2713 853 2745 legitur,
873 2712 1004 2740 restitui:
1033 2711 1101 2739 11111
1115 2720 1238 2738 (11111111
1251 2720 1272 2737 s.
