1742 3005
292 110 373 149 814
430 112 526 160 (Tap.
559 107 746 145 CLXXX.
806 108 864 144 De
897 107 1035 143 sanctis
1066 107 1245 144 Barlaain
1278 116 1315 145 et
1343 109 1541 159 Josaphat.

295 218 386 249 tione
426 216 521 253 erat,
570 211 631 246 sed
685 220 800 245 coram
842 213 942 255 patre
988 209 1155 244 laetitiam
1198 211 1447 255 protendebat,
1497 212 1677 257 plurimum

295 277 502 312 desiderans
532 278 566 310 in
594 275 792 321 hujusmodi
819 274 925 320 dirigi
952 278 987 308 et
1014 274 1143 309 doceri.
1190 274 1301 320 Igitur
1327 275 1465 321 quidam
1491 277 1678 312 monachus

293 345 364 378 vita
388 346 422 376 et
448 342 613 385 opinione
645 340 822 385 perfectus
848 339 1012 374 habitans
1040 342 1074 373 in
1101 340 1243 374 deserto
1270 344 1386 375 terrae
1414 340 1590 385 Sennaar,
1616 354 1678 376 no<

293 410 382 442 inine
409 407 592 447 Bai-laam,
624 405 701 448 liic,
736 415 826 450 quae
863 406 958 439 circa
990 404 1096 439 filium
1128 406 1225 450 regis
1257 406 1474 451 agebantur,
1511 417 1574 451 per
1605 409 1678 453 spi-

293 476 393 508 ritum
427 473 593 518 cognovit
626 476 661 507 et
693 472 897 506 mercatoris
932 469 1088 505 habitum
1123 480 1262 505 sumens
1297 471 1342 505 ad
1373 473 1549 506 civitatem
1584 472 1677 506 illam

294 540 437 574 devenit
470 537 714 582 accedensque
746 536 959 582 paedagogo
997 536 1060 570 filii
1091 538 1188 582 regis
1215 536 1350 571 locutus
1377 541 1449 571 est:
1482 547 1571 583 ego,
1605 547 1678 572 eum

293 606 494 650 negotiator
519 604 596 645 sim,
620 602 771 646 lapidem
799 603 991 646 pretiosum
1017 602 1171 636 venalem
1198 601 1323 645 habeo,
1350 603 1409 647 qui
1433 604 1548 638 caeeis
1567 603 1680 638 lumen

293 672 434 711 tribuit,
470 668 585 702 surdis
619 677 722 701 aures
761 668 892 710 aperit,
928 671 1040 701 mutos
1075 667 1172 712 loqui
1204 666 1308 709 facit,
1348 667 1595 712 insipientibus
1620 677 1678 702 sa-

294 736 460 780 pientiam
488 732 656 773 inl'undit3
689 742 777 764 nunc
808 723 917 776 igitur
950 731 1016 765 duc
1041 743 1093 766 me
1118 732 1163 766 ad
1187 732 1292 767 filium
1318 735 1414 779 regis
1440 738 1474 768 et
1498 733 1589 766 linnc
1612 732 1679 767 sibi

294 801 442 836 tradam.
492 798 555 832 Cui
580 796 657 832 ille:
684 796 816 830 videris
842 795 944 829 homo
970 800 1126 830 maturae
1152 797 1369 840 prudentiae,
1397 798 1461 832 sed
1490 797 1598 832 verba
1621 802 1681 831 tua

294 866 501 911 prudentiae
527 873 595 897 non
620 861 854 903 concordant,
890 865 1124 896 verumtamen
1157 871 1231 895 cum
1257 862 1411 906 lapidum
1436 865 1592 897 notitiam
1617 863 1681 897 lia-

296 933 420 972 beam‚
446 932 558 974 ipsum
586 927 738 972 lapidem
764 926 845 960 mihi
872 926 1019 961 ostende
1045 931 1099 969 et,
1133 928 1163 960 si
1189 927 1292 969 talis,
1328 932 1365 961 ut
1391 929 1544 970 asseris,
1577 928 1681 962 suerit

295 996 555 1042 comprobatus,
581 1003 603 1026 a
627 992 697 1026 filio
724 994 820 1036 regis
846 991 999 1026 honores
1024 994 1191 1026 maximos
1219 995 1456 1038 consequeris.
1504 993 1558 1028 Ad
1582 1003 1680 1038 quem

297 1065 376 1098 ille:
404 1062 496 1106 lapis
522 1069 617 1093 meus
643 1059 786 1101 insuper
810 1057 900 1091 hanc
926 1057 1034 1092 habet
1062 1059 1239 1100 virtutem,
1267 1060 1371 1103 quia,
1399 1060 1455 1104 qui
1483 1069 1551 1092 non
1576 1058 1683 1093 habet

296 1138 416 1164 sanam
451 1125 629 1160 oculorum
661 1124 771 1156 aciem
805 1128 839 1157 et
875 1124 930 1167 qui
964 1134 1032 1157 non
1059 1127 1177 1157 servat
1203 1125 1374 1168 integram
1400 1125 1616 1166 castitatem,
1651 1125 1682 1158 si

297 1195 388 1229 sorte
413 1192 507 1226 illum
540 1189 765 1233 adspexerit,
802 1190 913 1232 ipsam
952 1190 1131 1231 virtutem,
1167 1198 1267 1233 quam
1301 1188 1407 1224 habet
1446 1189 1680 1233 ¹)visibilem,

297 1259 431 1305 perdit3
474 1265 541 1302 ego
583 1259 697 1288 autem
733 1253 951 1288 medicinalis
989 1255 1074 1288 artis
1105 1265 1174 1288 non
1210 1264 1335 1298 expers
1369 1254 1470 1289 video
1505 1259 1540 1289 te
1575 1264 1680 1289 sanos

297 1324 418 1359 oculos
453 1332 521 1356 non
553 1319 708 1362 habere,
751 1320 856 1353 {ilium
897 1323 1010 1354 autem
1051 1321 1145 1365 regis
1185 1319 1304 1353 audivi
1342 1319 1502 1364 pudicum
1535 1331 1614 1355 esse
1648 1325 1682 1355 et

297 1390 419 1424 oculos
452 1386 706 1432 pulcherrimos
741 1385 873 1420 habere
908 1389 941 1419 et
974 1395 1092 1419 sanos.
1142 1385 1204 1420 Cui
1240 1384 1318 1419 ille:
1355 1385 1408 1419 sic
1438 1387 1468 1419 si
1503 1389 1575 1428 est,
1609 1386 1679 1420 noli

298 1455 382 1490 mihi
413 1452 620 1493 ostendere,
663 1453 745 1496 quia
775 1455 809 1486 et
844 1450 967 1485 oculos
1002 1461 1108 1485 sanos
1143 1461 1212 1484 non
1243 1450 1359 1485 haheo
1394 1455 1427 1486 et
1458 1453 1491 1485 in
1528 1453 1680 1496 peccatis

296 1520 477 1555 sordesco.
535 1516 706 1551 Nuntians
740 1517 848 1562 igitur
881 1517 952 1551 tilio
987 1518 1082 1562 regis
1117 1518 1228 1560 ipsum
1272 1516 1316 1550 ad
1358 1528 1434 1552 eum
1473 1518 1680 1562 quantocius

298 1585 499 1619 introduxit.
548 1583 630 1616 Cum
664 1592 750 1627 ergo
786 1582 1003 1617 introductus
1040 1582 1166 1617 suisset
1199 1585 1233 1616 et
1265 1592 1326 1616 rex
1365 1593 1442 1617 eum
1481 1585 1682 1616 reverenter

297 1651 536 1694 suscepisset,
566 1649 615 1681 ait
638 1646 820 1680 Barlaam:
849 1648 881 1681 in
908 1647 993 1690 hoc,
1021 1658 1101 1690 rex,
1137 1646 1224 1682 bene
1249 1647 1388 1690 fecisti,
1415 1648 1497 1692 quia
1522 1646 1564 1681 de
1593 1646 1681 1681 soris

300 1716 515 1761 ¹··)parvitati
541 1713 725 1757 apparenti
754 1722 823 1745 non
857 1712 1058 1754 attendisti,
1089 1723 1166 1747 nam
1201 1723 1261 1747 rex
1294 1713 1432 1757 quidam
1464 1721 1611 1756 magnus
1646 1713 1681 1746 in

299 1792 401 1816 curru
427 1780 595 1814 deaurato
628 1776 833 1822 procedeuS,
867 1787 940 1811 cum
970 1777 1177 1822 quibusdam
1212 1779 1342 1811 attritis
1370 1777 1525 1812 vestibus
1551 1777 1680 1812 indutis

298 1852 334 1880 et
359 1847 467 1880 macie
494 1844 685 1878 attenuatis
704 1842 896 1884 obviasset,
924 1844 1086 1876 continuo
1114 1842 1157 1876 de
1182 1852 1284 1876 curru
1312 1843 1478 1876 exsiliens
1506 1842 1549 1876 ad
1571 1842 1679 1886 pedes

299 1910 486 1955 procidens
511 1911 608 1953 ipsos
634 1909 794 1943 adoravit
819 1913 853 1943 et
877 1917 1025 1951 surgens
1055 1909 1088 1940 in
1116 1907 1237 1941 oscula
1262 1917 1379 1941 eorum
1405 1907 1486 1947 ruit,
1514 1917 1680 1950 proceres

298 1980 411 2010 autem
448 1976 524 2019 ejus
561 1974 704 2019 indigne
742 1973 808 2007 hoc
845 1973 1017 2013 serentes,
1050 1972 1113 2006 sed
1148 1982 1266 2016 regem
1299 1981 1405 2015 super
1438 1971 1503 2005 hoc
1531 1981 1680 2017 arguere

299 2040 526 2074 formidantes
552 2039 650 2073 fratri
669 2040 744 2083 ejus
765 2038 968 2078 retulerunt,
994 2036 1167 2082 quomodo
1187 2047 1247 2071 rex
1271 2036 1550 2080 magnificentiae
1568 2038 1681 2082 regali

298 2105 443 2151 indigna
475 2104 639 2145 fecisset,
675 2102 785 2137 frater
819 2090 932 2136 autem
965 2112 1082 2147 regem
1119 2112 1226 2146 super
1256 2100 1324 2135 hoc
1357 2099 1550 2147 redarguit.
1598 2101 1681 2136 Erat

297 2175 413 2205 antem
440 2171 515 2215 regi
541 2168 779 2210 consuetudo,
815 2167 926 2213 quod,
960 2167 1098 2211 quando
1133 2167 1262 2212 aliquis
1289 2168 1390 2201 morti
1417 2165 1566 2200 traditus
1593 2170 1680 2208 erat,

298 2246 359 2271 rex
385 2239 464 2270 ante
488 2236 564 2279 eJus
583 2234 726 2277 januam
753 2243 959 2277 praeconem
984 2243 1057 2267 eum
1078 2232 1163 2266 tuba
1183 2231 1227 2266 ad
1243 2231 1309 2265 hoc
1326 2230 1494 2275 deputata
1509 2231 1679 2266 mittebat.

298 2301 455 2346 Vespere
489 2301 596 2345 igitur
636 2300 792 2333 veniente
826 2303 906 2333 ante
941 2298 1059 2332 fratris
1091 2299 1233 2342 januam
1268 2295 1384 2330 tubam
1418 2297 1540 2330 sonari
1583 2296 1678 2331 feeit.

299 2366 398 2407 Quod
435 2365 494 2400 ille
527 2364 672 2399 audiens
708 2368 742 2398 et
775 2363 818 2398 de
855 2373 921 2398 sua
953 2363 1147 2397 salvatione
1179 2362 1373 2406 desperans
1405 2364 1513 2395 totam
1544 2365 1678 2396 noctem

298 2434 487 2466 insomnem
521 2429 619 2464 duxit
655 2433 689 2464 et
719 2432 960 2463 testamentum
998 2429 1098 2469 fecit,
1133 2437 1232 2461 mane
1265 2431 1380 2461 autem
1412 2425 1504 2460 sacto
1540 2425 1678 2460 indutus

297 2499 411 2541 nigris
439 2495 595 2531 vestibus
619 2505 692 2528 cum
718 2504 827 2529 uxore
854 2498 888 2528 et
912 2493 992 2528 filiis
1018 2493 1062 2527 ad
1091 2493 1184 2527 sores
1212 2491 1335 2536 palatii
1365 2491 1491 2537 lugens
1516 2490 1675 2525 accessit.

299 2562 406 2601 Quem
435 2572 496 2597 rex
521 2561 565 2596 ad
590 2571 629 2596 se
653 2559 792 2606 ingredi
819 2558 952 2594 faciens
979 2558 1085 2593 dixit:
1117 2568 1138 2592 o
1163 2557 1288 2600 stulte,
1315 2558 1347 2592 si
1370 2564 1575 2601 praeconem
1604 2553 1676 2588 sra-

369 2705 395 2735 1)
415 2703 465 2732 Ed.
486 2707 528 2733 Pr.
548 2704 826 2732 insensibilem
845 2702 940 2732 offert.
1043 2703 1072 2735 2)
1091 2702 1144 2731 Ed.
1164 2705 1206 2731 l’r.
1226 2695 1420 2735 pravitati
1438 2696 1517 2729 legil-
