1742 3005
232 71 314 110 428
471 73 565 121 Cap.
597 70 733 108 XCIX.
792 70 849 106 De
888 78 1018 106 sancto
1048 71 1191 107 Jacobo
1228 71 1382 120 majore.

233 182 365 221 pratum
400 176 575 214 venimus,
618 173 676 207 ubi
713 174 813 219 virgo
848 172 954 207 beata
991 173 1217 208 cum‘multis
1251 176 1383 209 sanetis
1417 174 1621 219 colloquens

233 240 425 275 residebat.
475 238 538 272 Cui
565 249 639 273 cum
666 238 792 273 beatus
815 237 968 273 Jacobus
994 248 1057 282 pro
1084 249 1136 273 me
1162 245 1373 284 conquestus
1398 241 1536 281 fuisset,
1562 239 1624 272 illa

232 307 412 351 plurimum
442 304 630 339 daemones
658 306 853 349 increpavit
877 308 911 338 et
939 314 991 338 me
1017 304 1111 338 vitae
1138 306 1274 338 restitui
1302 308 1492 351 praecepit.
1530 304 1620 341 Rea<

231 377 286 406 tus
321 373 430 417 igitur
461 370 616 406 Jacobus
650 381 703 405 me
736 371 934 414 suscipiens
960 371 1053 404 vitae
1081 370 1255 412 reddidit,
1289 375 1326 404 ut
1351 371 1491 408 videtis,
1540 372 1624 406 Post

230 437 381 471 triduum
409 447 495 483 ergo
520 437 608 471 solis
632 439 666 471 in
693 437 754 471 illo
779 435 1005 471 cicatricibus
1031 436 1291 471 remanentibus
1324 437 1392 471 iter
1417 438 1566 481 arripuit
1590 441 1624 472 et

227 504 368 548 juvenis
403 504 510 537 sociis
547 505 663 538 omnia
694 513 757 548 per
781 502 935 537 ordinem
963 503 1151 536 enarravit.
1177 523 1220 527 —
1246 523 1288 528 *—
1316 522 1357 528 -
1397 505 1444 540 S,
1469 501 1623 537 Francus

232 569 394 614 quidam,
421 573 457 603 ut
483 570 533 603 ait
560 569 718 603 Calixtus
744 578 857 614 papa,
888 569 982 602 eirca
1007 578 1131 602 annum
1162 568 1293 602 domini
1319 568 1385 604 Mt:
1414 579 1490 602 cum
1514 579 1624 603 uxore

231 640 265 670 et
291 634 372 669 filiis
398 635 442 669 ad
467 639 621 669 sanctum
643 634 810 670 Jacobum
844 634 935 675 ibat,
969 639 1037 668 tum
1075 633 1197 668 volens
1231 634 1498 676 mortalitatem,
1534 644 1624 680 quae

232 706 307 734 erat
341 703 373 734 in
407 699 575 742 Francia,
610 700 755 746 fugere,
791 705 862 734 tum
896 704 1051 734 sanetum
1083 699 1252 735 ,Iacobum
1287 702 1431 744 cupiens
1467 701 1621 734 visitare.

231 765 297 805 Qui
333 776 406 799 cuin
439 765 482 799 ad
517 766 636 800 urbem
662 765 912 809 Pampillonem
939 767 1114 805 venisset,
1150 776 1239 799 uxor
1271 766 1348 810 ejus
1382 766 1509 800 ibidem
1535 767 1625 800 obiit

231 837 265 866 et
295 831 425 876 hospes
460 836 567 866 totam
596 831 689 865 illius
718 832 898 876 pecuniam
926 831 995 864 sibi
1021 841 1094 865 cum
1125 831 1306 876 jumento,
1341 842 1409 876 quo
1444 831 1621 866 veheban-

229 903 286 932 tur
310 899 421 942 pueri,
447 899 638 942 usurpavit.
688 897 751 931 Ille
779 901 891 931 autem
918 896 1099 931 desolatus
1126 896 1291 931 incedens
1307 907 1436 942 pueros
1455 897 1623 943 quosdam

230 966 263 998 in
289 963 441 998 humeris
474 965 647 1008 portavit,
687 963 855 1008 quosdam
893 962 936 996 ad
970 973 1104 996 inanum
1139 962 1314 997 trahebat.
1365 962 1427 997 Cui
1463 965 1516 997 vir
1549 974 1622 997 cum

230 1032 331 1065 asino
360 1031 605 1073 compassione
630 1033 820 1063 commotus
847 1038 1036 1063 occurrens
1060 1028 1129 1061 sibi
1154 1030 1288 1062 asinum
1314 1029 1561 1071 commodavit,
1589 1034 1625 1063 ut

230 1107 336 1141 super
358 1095 453 1129 illum
477 1096 574 1139 pueri
603 1094 823 1128 veherentur.
873 1094 938 1134 Qui
971 1104 1045 1128 cum
1079 1093 1122 1127 ad
1158 1098 1313 1128 sanetum
1338 1094 1507 1129 Jacobnm
1542 1107 1624 1140 per-

230 1165 404 1204 venisset,
443 1160 554 1197 eidem
582 1160 742 1206 vigilanti
769 1164 803 1194 et
828 1161 942 1194 oranti
969 1163 1111 1193 sanctus
1137 1159 1290 1194 Jacobus
1317 1162 1482 1205 apparuit
1507 1167 1552 1204 et,
1579 1172 1622 1195 an

231 1239 269 1264 se
300 1230 551 1273 cognosceret,
585 1226 781 1271 requisivit.
832 1225 895 1260 Cui
941 1226 1087 1271 neganti
1130 1227 1196 1259 ait:
1243 1236 1309 1271 ego
1353 1237 1427 1260 sum
1468 1227 1622 1262 Jacobus

230 1294 434 1340 apostolus,
462 1294 520 1338 qui
544 1292 609 1326 tibi
636 1302 745 1326 meum
771 1292 917 1325 asinum
933 1291 1193 1325 accommodavi
1211 1295 1245 1325 et
1261 1293 1382 1326 iterum
1400 1294 1623 1328 accommodo

231 1360 442 1401 revertenti,
485 1358 547 1393 sed
582 1359 671 1392 seito
709 1367 965 1402 praenoscens,
1005 1356 1097 1402 quod
1137 1356 1268 1402 hospes
1301 1361 1381 1392 tuus
1418 1358 1461 1393 de
1490 1359 1622 1393 solario

229 1436 397 1461 corruens
426 1426 594 1459 morietur
618 1428 653 1459 et
678 1425 804 1465 onmia,
832 1433 921 1468 quae
947 1423 1011 1457 tibi
1037 1423 1244 1464 abstulerat,
1274 1423 1476 1459 rehabebis.
1527 1425 1623 1465 Quae

232 1503 306 1527 cum
333 1494 448 1526 omnia
468 1492 713 1536 contigissent,
739 1489 799 1524 ille
827 1489 961 1523 domum
989 1489 1102 1524 laetus
1127 1488 1233 1524 rediit
1258 1494 1291 1524 et
1315 1491 1435 1535 pueris
1457 1490 1500 1525 de
1521 1492 1622 1525 asino

230 1559 402 1604 depositis
434 1559 555 1592 asinus
589 1557 705 1589 statim
732 1555 914 1601 disparuit.
943 1575 987 1580 --
1012 1576 1055 1580 ——
1079 1576 1120 1580 —-
1156 1558 1206 1592 9.
1234 1555 1379 1595 Quidam
1405 1561 1580 1591 mercator
1604 1567 1624 1590 a

232 1625 383 1670 quodam
407 1629 552 1668 tyranno
578 1623 706 1667 injuste
735 1622 908 1666 spoliatus
936 1623 968 1655 in
992 1621 1155 1655 custodia
1178 1622 1382 1663 tenebatur,
1411 1623 1468 1667 qui
1497 1622 1623 1657 devote

231 1695 386 1725 sam-tuin
416 1689 582 1724 Jacobum
618 1689 651 1721 in
681 1689 734 1721 sui
769 1687 935 1721 auxilium
969 1687 1164 1721 invocabat,
1214 1687 1277 1722 Cui
1304 1692 1445 1723 sanctus
1469 1688 1624 1724 Jacobus

233 1756 461 1803 vigilantibus
488 1754 692 1789 custodibus
718 1753 881 1798 apparuit
913 1756 947 1786 et
979 1762 1089 1797 usquc
1114 1752 1157 1786 ad
1182 1754 1289 1786 turris
1316 1755 1544 1788 summitatem
1570 1755 1622 1797 ip-

231 1834 304 1857 sum
330 1821 492 1866 perduxit
515 1821 703 1864 statimque
728 1820 834 1852 turris
859 1817 949 1852 adeo
976 1828 1013 1851 se
1040 1817 1240 1858 inclinavit,
1275 1818 1367 1863 quod
1395 1820 1505 1863 ipsius
1531 1829 1622 1852 sum-

232 1890 333 1922 mitas
366 1891 482 1922 terrae
515 1885 676 1930 aequalis
711 1884 795 1925 suit,
829 1882 872 1917 de
904 1894 972 1928 quo
1007 1884 1083 1917 sine
1117 1882 1208 1916 saltu
1241 1883 1460 1918 descendens
1486 1884 1622 1918 solutus

232 1954 399 1994 recessit,
433 1962 531 1996 quem
557 1950 722 1985 custodes
748 1951 972 1994 insequentes
999 1948 1078 1982 licet
1099 1949 1202 1993 juxta
1227 1959 1301 1983 eum
1329 1954 1536 1994 pergerent,
1569 1954 1624 1984 ta-

231 2029 308 2054 men
341 2019 452 2062 ipsum
487 2016 606 2050 videre
638 2026 707 2049 non
740 2018 913 2059 poterant.
947 2034 989 2039 —-
1024 2032 1053 2038 -
1082 2035 1125 2038 —
1159 2017 1240 2051 10.
1272 2014 1357 2048 Dum
1383 2018 1456 2049 tres
1485 2015 1624 2061 milites,

232 2089 269 2118 ut
300 2085 351 2118 ait
382 2082 532 2117 Ubertus
566 2081 799 2126 Bysuntinus,
831 2079 1081 2126 Lugdunensis
1114 2080 1289 2115 dioecesis
1315 2080 1357 2114 ad
1384 2085 1540 2114 sanctuni
1564 2081 1624 2116 Ja-

233 2149 356 2185 cobum
381 2151 589 2194 pergerent,
621 2157 708 2180 unus
734 2157 851 2181 eorum
878 2155 899 2179 a
924 2146 1073 2191 quadam
1099 2145 1304 2181 muliere-ula
1329 2150 1475 2192 rogatus
1500 2156 1623 2180 saecu-

232 2216 299 2249 lum
325 2216 437 2259 ipsius
463 2223 580 2247 amore
605 2213 717 2246 sancti
741 2211 864 2247 Jacobi
890 2222 997 2256 super
1022 2222 1145 2257 equum
1171 2222 1268 2245 suum
1294 2211 1472 2256 portabat,
1500 2212 1626 2247 deinde

232 2280 404 2327 quendam
436 2277 605 2312 infirmum
640 2279 674 2311 in
706 2278 763 2311 via
787 2277 1003 2312 deiicientem
1030 2267 1207 2311 inveniens
1233 2278 1344 2321 ipsum
1371 2288 1477 2323 super
1501 2289 1624 2324 equum

232 2347 351 2392 posuit
386 2348 420 2379 et
452 2342 575 2377 inlirmi
609 2342 801 2377 burdonem
836 2354 909 2378 eum
945 2343 1086 2377 sacculo
1120 2343 1274 2378 mulieris
1299 2345 1477 2388 accipiens
1503 2354 1626 2389 equum

234 2412 367 2457 pariter
391 2408 624 2454 sequebatur,
663 2408 725 2443 sed
752 2409 890 2444 fervore
916 2409 1002 2443 solis
1027 2412 1062 2442 et
1087 2408 1209 2443 labore
1234 2410 1369 2444 itineris
1395 2408 1525 2444 fractus
1551 2418 1625 2442 cum

234 2476 404 2511 (ialiciam
430 2474 650 2516 advenisset,
677 2473 876 2509 infirmitate
902 2475 1113 2520 gravissima
1138 2474 1326 2517 laboravit,
1351 2485 1496 2520 cumque
1521 2483 1542 2507 a
1567 2483 1625 2507 so-

234 2543 299 2575 ciis
332 2541 375 2575 de
409 2540 523 2575 salute
556 2541 692 2574 animae
729 2543 936 2585 rogaretur,
971 2539 1031 2574 ille
1055 2539 1167 2574 tribus
1193 2540 1317 2575 diebus
1343 2540 1477 2575 exstitit
1501 2543 1626 2581 mutus,

238 2605 299 2640 sed
333 2610 456 2650 quarto
487 2605 544 2640 die
577 2606 685 2639 sociis
719 2605 796 2649 ejus
825 2609 976 2639 -mortetn
1009 2605 1295 2649 exspectantibus
1327 2605 1486 2651 graviter
1510 2605 1626 2648 suspi-

238 2680 319 2706 rans
354 2671 422 2703 ait:
456 2672 590 2715 gratias
619 2670 694 2706 Deo
729 2674 764 2706 et
795 2674 918 2705 sancto
951 2670 1107 2713 Jacobo,
1152 2671 1235 2715 quia
1273 2671 1350 2715 ejus
1387 2680 1460 2705 suin
1494 2671 1627 2706 meritis
