1742 3005
326 80 422 129 Cap.
456 78 595 115 XC1X.
651 79 711 125 De
742 86 872 115 sancto
902 76 1045 114 Jacobo
1083 78 1242 128 majore.
1396 75 1478 117 425

87 185 191 227 altos,
217 183 260 218 ad
286 194 404 230 regem
429 182 620 228 Hispaniae
647 183 849 225 destinavit,
879 187 915 217 ut
941 184 1019 228 ejus
1046 192 1152 227 super
1176 182 1244 217 hoc
1271 193 1477 217 consensum

88 250 270 292 haberent,
306 251 365 294 qui
400 259 461 284 eos
497 250 589 294 cepit
626 253 660 284 et
695 250 729 283 in
753 259 927 284 carcerem
953 249 1106 284 reclusit.
1157 248 1240 283 Cum
1275 253 1389 283 autem
1417 249 1477 283 ille

87 315 340 355 discumberet,
376 314 523 360 angelus
560 314 689 348 domini
723 324 897 361 carcerem
931 315 1069 359 aperuit
1097 318 1131 348 et
1154 324 1215 349 eos
1243 313 1354 349 libere
1378 314 1477 349 abire

87 382 257 426 permisit.
307 379 407 419 Quod
443 379 520 413 dum
556 379 615 413 ille
647 380 893 425 cognovisset,
932 379 1100 413 velociter
1135 384 1216 423 post
1250 390 1311 414 eos
1338 381 1478 422 milites,

89 448 148 491 qui
174 456 235 480 eos
263 449 448 489 caperent,
475 443 673 478 destinavit.
724 444 806 478 Cum
832 447 946 477 autem
974 443 1102 477 milites
1130 443 1180 476 illi
1200 449 1339 488 pontem
1364 450 1478 479 trans—

89 512 201 552 irent,
243 510 356 544 fracto
390 513 495 554 ponte
537 519 659 542 omnes
701 510 735 542 in
765 506 903 542 flumine
937 512 1017 542 sunt
1051 507 1234 543 submersi.
1285 510 1385 550 Quod
1421 512 1479 546 ille

88 576 233 611 audiens
262 576 476 620 poenitentia
503 573 628 607 ductus
653 573 722 607 sibi
748 578 781 608 et
806 575 879 607 suis
905 577 1061 607 metuens
1087 575 1182 608 misit
1208 580 1289 619 post
1315 576 1395 610 illos
1422 588 1478 611 ro-

89 653 191 688 gans,
218 646 255 675 ut
278 640 323 675 ad
349 650 387 674 se
413 639 569 674 redirent
595 643 640 679 et,
668 639 888 684 quidcunque
915 639 1055 681 vellent,
1083 640 1127 674 ad
1152 640 1287 675 libitum
1314 643 1479 687 impetra-

89 713 174 742 rent.
222 706 278 741 Illi
312 709 425 739 autem
463 704 644 739 redierunt
679 710 714 740 et
749 704 912 750 populum
952 706 1103 739 civitatis
1139 706 1182 739 ad
1214 706 1314 742 fidem
1351 708 1480 750 domim

89 775 352 808 converterunt:
385 769 477 815 quod
504 769 606 815 Lupa
637 771 784 805 audiens
813 771 1034 805 veliementer
1058 771 1169 806 doluit
1195 776 1228 806 et
1255 773 1481 809 redeuntibus

88 838 134 873 ad
177 849 216 873 se
263 837 447 882 discipulis
490 841 524 871 et
561 847 741 871 assensum
778 838 874 882 regis
909 837 1148 880 aperientibus
1183 838 1245 871 illa
1280 840 1481 883 respondit:

90 906 240 949 accipite
274 903 406 945 boves,
443 912 530 947 quos
564 902 677 936 habeo
713 904 747 936 iu
778 902 840 936 tali
875 903 953 936 loco
982 903 1034 938 vel
1060 907 1195 945 monte,
1232 908 1265 938 et
1291 905 1482 948 plaustrum

87 971 227 1016 jungite
253 979 294 1003 ac
320 978 448 1013 corpus
477 968 606 1001 domini
635 969 740 1001 vestri
768 968 903 1002 deserte
930 974 963 1003 et
995 968 1126 1011 locum,
1162 970 1253 1003 sicut
1287 970 1481 1005 volueritis.

91 1036 288 1071 aedificate.
336 1033 428 1068 Haec
464 1038 579 1067 autem
616 1033 737 1078 lupina
772 1036 988 1080 cogitatione
1021 1034 1182 1075 dicebat,
1226 1035 1360 1070 sciebat
1394 1039 1482 1071 enim

92 1102 200 1136 boves
233 1105 354 1135 tauros
391 1110 472 1134 esse
508 1099 695 1134 indomitos
722 1105 755 1134 et
781 1100 983 1142 silvestres,
1017 1105 1052 1135 et
1085 1101 1164 1135 ideo
1202 1102 1356 1145 putavit,
1391 1103 1483 1147 quod

91 1177 159 1201 non
184 1170 331 1211 possent
351 1166 454 1211 jungi
479 1176 542 1200 nee
567 1166 756 1210 applicari,
795 1166 849 1200 vel
886 1168 916 1200 si
947 1167 1202 1211 jungerentur,
1239 1166 1303 1200 liuc
1331 1167 1484 1213 illucque

93 1232 348 1274 discurrerent,
378 1237 412 1266 et
437 1234 486 1266 sic
511 1243 647 1266 currum
675 1232 891 1276 dissiparent
917 1236 950 1266 et
976 1242 1102 1276 eorpus
1123 1232 1318 1277 dejicerent
1336 1237 1370 1268 et
1386 1234 1484 1278 ipsos

92 1302 271 1333 necarent.
319 1298 389 1332 Sed
426 1309 493 1331 non
528 1302 582 1332 est
615 1299 791 1342 sapientia
831 1302 952 1332 contra
990 1297 1109 1332 Deum.
1157 1297 1213 1332 Illi
1251 1299 1339 1333 enim
1368 1298 1484 1333 dolum

94 1366 172 1409 eJus
211 1373 281 1397 non
326 1364 525 1408 cogitantes
570 1367 717 1397 montem
755 1363 969 1398 adscendunt
1013 1368 1047 1399 et
1087 1363 1273 1398 draconem
1315 1365 1484 1410 quendam

96 1430 211 1474 ignem
239 1430 430 1474 spirantem
457 1433 491 1463 et
516 1429 548 1462 in
575 1439 635 1463 eos
661 1431 890 1464 incurrentem
924 1439 1026 1464 cruce
1052 1431 1217 1474 opposita
1251 1440 1314 1474 per
1338 1430 1485 1464 medium

96 1498 249 1529 ventrem
282 1494 453 1528 scindunt.
503 1493 610 1528 Facto
653 1496 755 1529 etiam
798 1496 900 1540 signo
944 1498 1056 1529 crucis
1099 1506 1206 1540 super
1238 1500 1359 1530 tauros
1395 1497 1487 1531 velut

95 1561 180 1605 agni
205 1558 322 1594 subito
349 1565 594 1594 mansuescunt
620 1565 654 1594 et
681 1570 742 1595 eos
765 1561 956 1606 jungentes
984 1571 1110 1605 corpus
1137 1564 1248 1595 sancti
1265 1561 1387 1596 Jacobi
1413 1574 1486 1597 cum

98 1625 236 1669 lapide,
278 1637 384 1671 super
421 1637 521 1671 quem
556 1627 705 1670 positum
740 1612 870 1668 suerat,
915 1628 950 1661 in
987 1637 1088 1661 curru
1122 1632 1324 1672 posuerunt.
1373 1628 1487 1663 Boves

96 1695 211 1725 autem
240 1693 315 1726 sine
350 1692 500 1736 alicujus
539 1692 708 1737 regimine
743 1701 869 1737 eorpus
908 1693 940 1726 in
980 1692 1126 1727 medium
1164 1693 1330 1738 palatium
1366 1693 1488 1739 Lupae

97 1755 314 1791 detulerunt:
341 1757 432 1802 quod
460 1757 521 1791 illa
548 1757 670 1792 videns
697 1762 730 1792 et
755 1763 900 1803 stupens
922 1759 1072 1793 eredidit
1096 1764 1130 1793 et
1149 1758 1343 1793 christiana
1363 1759 1491 1794 effecta

64 1837 68 1839 ⁴
97 1824 231 1864 omnia,
259 1833 349 1868 quae
378 1824 573 1867 petierunt,
610 1823 733 1858 tribuit
758 1828 792 1858 et
816 1824 983 1869 palatium
1011 1826 1043 1858 in
1074 1824 1257 1859 ecelesiam
1284 1829 1404 1859 sancto
1428 1825 1489 1861 Ja-

97 1887 186 1921 cobo
212 1887 379 1923 dedicans
403 1888 586 1934 magnifiee
614 1891 725 1934 ipsam
752 1889 888 1924 dotavit
925 1895 959 1924 et
992 1892 1025 1923 in
1064 1892 1164 1925 bonis
1194 1891 1360 1936 operibus
1386 1893 1490 1926 vitam

99 1952 220 1985 linivit.
248 1971 290 1978 —
320 1973 363 1978 ——
390 1973 435 1978 —
467 1958 513 1991 2.
540 1954 604 1988 Vir
641 1955 781 2000 quidam
816 1957 952 1990 nomine
980 1956 1180 1990 Bernartius
1215 1957 1257 1991 de
1286 1959 1492 2001 episcopatu

100 2015 310 2058 Mutinensi,
343 2022 380 2051 ut
413 2020 463 2052 ait
488 2018 644 2053 Calixtus
671 2031 782 2064 papa,
819 2021 897 2054 dum
923 2026 1047 2066 captus
1083 2026 1116 2056 et
1143 2026 1324 2057 catenatus
1349 2024 1384 2054 in
1410 2033 1491 2066 pro-

101 2082 209 2116 fundo
238 2083 345 2116 turris
381 2085 518 2127 positus
554 2088 670 2125 esset,
704 2090 738 2119 et
775 2096 912 2129 semper
939 2086 1078 2120 beatum
1103 2087 1273 2122 Jacobum
1299 2089 1492 2127 invocaret,

100 2149 266 2192 apparuit
292 2149 324 2182 ei
348 2153 490 2182 sanctus
513 2148 667 2184 Jacobus
693 2150 832 2185 dicens:
865 2152 964 2192 veni,
993 2162 1143 2196 sequere
1167 2163 1220 2187 me
1249 2154 1283 2186 in
1310 2152 1493 2195 Galiciam,

102 2218 137 2248 et
163 2213 354 2248 confractis
379 2216 512 2249 catenis
539 2225 612 2249 cum
641 2215 895 2261 disparuisset,
933 2217 992 2252 ille
1017 2218 1164 2253 vinculis
1190 2218 1234 2253 ad
1260 2218 1386 2252 collum
1414 2228 1493 2251 sus-

102 2280 223 2323 pensis
259 2278 305 2313 ad
339 2281 568 2315 summitatem
602 2283 708 2315 turris
740 2282 945 2317 conscendit
980 2287 1013 2318 et
1046 2284 1126 2319 inde
1160 2286 1235 2320 sine
1267 2284 1385 2329 aliqua
1417 2283 1492 2317 lae-

102 2345 203 2378 sione
227 2345 365 2378 unicum
390 2345 516 2380 saltum
542 2345 647 2389 fecit,
681 2357 754 2381 cum
781 2351 897 2382 tamen
921 2350 1028 2382 turris
1052 2349 1115 2384 LX
1143 2352 1338 2384 cubitorum
1372 2348 1492 2382 altitu-

102 2409 216 2443 dinem
243 2409 455 2454 possideret..
481 2429 525 2435 -—
550 2432 592 2436 —-
617 2432 659 2436 —
685 2416 732 2449 3,
759 2413 905 2452 Quidam
922 2441 929 2453 ,
965 2418 1002 2447 ut
1026 2415 1076 2448 ait
1101 2414 1219 2456 Beda,
1252 2425 1327 2449 cum
1353 2424 1493 2448 enorme

102 2474 284 2519 plurimum
311 2480 488 2520 peccatum
515 2478 747 2512 commisisset
782 2483 817 2512 et
841 2479 1028 2523 episeopus
1064 2480 1282 2514 confitentem
1308 2479 1494 2514 absolvere

101 2541 294 2583 timuisset,
338 2541 506 2575 hominem
541 2542 636 2575 illum
670 2553 745 2577 cum
779 2543 970 2584 schedula,
1016 2546 1050 2578 in
1086 2555 1156 2591 qua
1190 2545 1276 2579 illud
1314 2549 1493 2590 peccatum

103 2607 270 2650 scriptum
295 2611 390 2648 erat,
416 2607 460 2641 ad
487 2611 643 2641 sanctum
669 2607 834 2643 Jacohum
860 2610 964 2644 misit.
1014 2611 1097 2645 Cum
1124 2621 1210 2657 ergo
1232 2612 1265 2644 in
1288 2610 1378 2645 festo
1396 2611 1490 2656 ejus-

103 2670 180 2706 dem
221 2671 422 2708 schedulam
466 2684 572 2717 super
605 2673 718 2709 altare
752 2675 931 2719 posuisset
966 2679 1000 2710 et
1033 2680 1188 2711 sanctum
1224 2675 1413 2719 Jacobum,
1459 2680 1495 2710 ut
