1742 3005
328 94 424 146 Cap.
452 93 588 132 LXlll.
647 93 706 132 De
736 99 868 132 sancto
899 93 1013 132 Petro
1053 92 1219 130 martire.
1385 89 1465 130 285

80 199 269 239 midarent,
306 198 445 243 quidam
483 197 526 233 de
558 199 603 232 iis
638 197 999 236 nationeJanucnsis
1034 197 1128 232 sacto
1158 197 1299 233 silentio
1329 197 1379 231 sic
1404 206 1467 231 eos

79 265 287 310 alloquitur:
313 265 378 298 viri
404 264 551 307 fratres,
581 264 744 309 numquid
767 274 835 298 non
861 264 1028 305 audistiS,
1055 263 1206 308 qualiter
1230 262 1368 308 quidam
1394 262 1466 296 sra-

77 335 133 366 ter
159 329 202 364 de
227 329 348 365 ordine
375 330 655 375 praedicatorum
678 331 814 364 nomine
840 328 949 363 frater
973 328 1096 363 Petrus
1131 339 1243 373 nuper
1274 328 1318 362 ob
1343 328 1466 363 desen-

80 397 212 431 sionem
246 394 327 430 fidei
361 395 556 430 catholicae
590 397 637 429 sit
671 394 714 428 ab
750 395 936 429 haereticis
967 394 1171 427 interfectus
1206 394 1382 440 multaque
1408 406 1470 439 per

80 472 156 496 eum
182 461 338 496 dominus
366 462 470 506 signa
493 459 665 496 ostendat.
714 458 812 493 Nunc
845 460 954 504 igitur
986 458 1111 493 devote
1139 460 1215 503 ejus
1239 462 1469 503 patrocinium

79 528 325 573 imploremus,
362 528 443 572 quia
481 536 611 570 spero,
646 524 740 570 quod
774 534 794 558 a
830 528 952 558 nostra
987 534 1207 569 nequaquam
1232 526 1470 569 postulatione

81 593 331 627 fraudabimur.
378 592 585 625 Assentiunt
616 591 770 624 universi
804 589 945 624 beatum
980 589 1117 624 Petrum
1154 591 1188 624 in
1223 592 1277 624 sui
1303 592 1467 626 auxilium

82 658 216 693 devotis
242 656 403 702 precibus
429 657 644 691 invocantes.
690 655 767 689 Illis
794 657 844 690 sic
870 656 1051 690 orantibus
1079 667 1156 690 mox
1182 660 1334 691 antenna
1357 659 1469 700 navis,

80 726 116 757 in
141 733 209 768 qua
232 722 344 758 velum
371 722 600 768 appenditur,
622 723 736 756 cereis
763 723 919 756 accensis
942 726 1017 755 tota
1042 722 1147 767 plena
1170 724 1395 767 conspicitur,
1423 725 1471 757 ita

81 789 175 835 quod
207 790 317 823 omnis
349 787 547 822 obscuritas
583 789 737 832 ipsorum
773 798 950 822 cereorum
985 787 1136 821 mirabili
1163 788 1303 833 fulgore
1330 789 1473 835 sugatur

81 866 219 900 noxque
252 854 314 888 illa
346 858 416 888 tam
448 854 647 899 caliginosa
682 855 718 887 in
742 853 832 887 diem
860 853 1087 887 clarissimam
1116 858 1353 888 commutatur.
1403 854 1470 889 Re-

80 920 271 966 spicientes
295 919 456 954 viderunt
483 919 654 965 quendam
680 929 754 953 cum
780 919 902 953 habitu
931 919 1074 952 fratrum
1104 918 1385 963 praedIcatorlun
1413 931 1471 954 su—

80 997 144 1032 per
169 986 280 1021 velum
308 989 476 1027 stantem,
512 984 554 1019 de
579 995 647 1030 quo
672 985 757 1018 nulli
785 984 924 1018 dubium
950 984 1033 1026 suit,
1070 986 1152 1030 quin
1186 984 1311 1019 beatu-s
1346 984 1470 1020 Petrus

82 1052 266 1087 exstiterit.
294 1050 376 1084 Cum
405 1061 489 1096 ergo
507 1049 679 1095 praedicti
705 1054 832 1085 nautae
855 1050 1001 1085 Januam
1022 1050 1213 1084 incolumes
1232 1050 1470 1092 advenissent,

80 1118 127 1152 ad
163 1117 300 1151 domum
335 1116 479 1151 fratrum
511 1116 793 1161 praedicatorum
819 1120 988 1151 venerunt
1023 1120 1057 1150 et
1081 1116 1154 1150 Deo
1179 1120 1214 1151 et
1239 1116 1343 1151 beato
1367 1117 1471 1152 Petro

80 1185 216 1230 gratias
250 1181 444 1217 reserentes
480 1182 611 1217 eisdem
636 1182 803 1216 fratribus
839 1183 948 1215 totius
972 1181 1131 1216 miraculi
1154 1183 1277 1216 seriem
1302 1193 1471 1218 narrave-

83 1253 170 1283 runt.
197 1269 242 1274 —
264 1268 309 1274 -—
332 1267 376 1273 —-
411 1251 463 1285 9.
490 1247 621 1283 Mulier
645 1247 815 1293 quaedam
841 1249 874 1281 in
899 1247 1065 1282 Flandria
1089 1258 1163 1282 cum
1186 1248 1258 1293 Jam
1283 1250 1356 1282 ires
1381 1249 1472 1283 lilios

82 1319 236 1348 moituos
261 1315 460 1359 peperisset
482 1317 517 1348 et
541 1324 583 1348 ex
608 1314 674 1347 hoc
701 1323 723 1346 a
747 1315 822 1347 viro
851 1313 933 1347 odio
966 1311 1157 1348 haberetur
1173 1340 1181 1354 ,
1217 1315 1358 1358 rogavit
1389 1323 1471 1347 san-

83 1384 172 1414 ctum
196 1379 353 1421 Petrum,
389 1382 426 1413 ut
450 1378 520 1412 sibi
544 1380 577 1412 in
603 1378 768 1412 auxilium
794 1377 903 1413 fieret.
952 1379 1035 1413 Cum
1074 1389 1158 1424 ergo
1185 1383 1342 1424 quartum
1368 1378 1474 1413 filium

82 1446 302 1490 peperisset,
337 1445 498 1478 similiter
528 1447 683 1478 mortuus
717 1448 771 1479 est
806 1448 976 1488 repertus.
1028 1444 1135 1484 Quem
1162 1448 1275 1478 mater
1298 1445 1474 1489 accipiens

82 1510 127 1545 ad
150 1509 345 1556 rogandum
366 1514 521 1544 sanctum
536 1509 674 1544 Petrum
697 1513 805 1544 totam
832 1519 870 1543 se
893 1510 1050 1552 contulit,
1078 1520 1167 1551 eum,
1191 1514 1228 1543 ut
1248 1508 1352 1543 filium
1375 1520 1473 1544 suum

81 1577 292 1612 reviviscere
319 1575 471 1618 faceret,
509 1576 673 1620 precibus
699 1575 837 1610 devotis
862 1585 1023 1610 exorans.
1072 1575 1155 1609 Cum
1182 1576 1292 1620 igitur
1315 1575 1361 1610 ad
1385 1576 1474 1621 bap-

82 1645 219 1678 tismum
242 1645 403 1687 portatus
428 1641 574 1684 suisset,
608 1645 642 1676 et
664 1645 701 1675 ut
724 1640 902 1675 Johanncs
927 1645 1136 1684 vocaretur,
1163 1641 1338 1675 delinitum
1365 1646 1474 1683 esset,

82 1708 262 1749 sacerdos,
289 1717 363 1741 cum
388 1707 463 1752 ejus
488 1717 612 1741 nomen
637 1707 752 1741 dicere
778 1706 909 1749 debuit,
934 1709 1096 1741 nesciens
1118 1707 1205 1741 dixit
1221 1706 1357 1749 Petrus,
1381 1707 1475 1742 unde

82 1774 169 1809 illud
195 1783 320 1808 nomen
343 1771 564 1817 postmodum
586 1782 629 1806 cx
649 1772 836 1807 devotione
857 1774 970 1807 sancti
990 1772 1084 1808 Petri
1105 1783 1243 1818 semper
1262 1775 1415 1809 retinuit.
1430 1795 1474 1799 -—-

81 1860 126 1866 --
150 1860 194 1865 —
226 1838 368 1877 1o.1n
392 1839 575 1883 provincia
602 1837 800 1873 Teutoniae
827 1838 920 1883 apud
947 1838 1151 1884 Trajectum
1175 1839 1338 1873 mulieres
1365 1849 1474 1885 quae—

83 1905 162 1940 dam
186 1905 346 1940 videntes
370 1904 415 1938 ad
441 1904 624 1939 ecclesiam
649 1904 793 1938 fratrum
820 1904 1103 1949 praedicatorum
1135 1905 1170 1938 in
1203 1904 1338 1940 honore
1364 1907 1476 1940 sancti

82 1970 177 2005 Petri
198 1970 350 2006 martiris
377 1980 538 2015 magnum
563 1980 768 2004 concursum
794 1969 870 2004 fieri
893 1969 1113 2015 populorum,
1142 1970 1221 2004 dum
1243 1972 1313 2015 ipsi
1337 1972 1372 2005 in
1397 1971 1475 2015 pla-

82 2039 141 2070 tea
163 2035 396 2069 consisterent
422 2038 457 2069 et
479 2033 627 2077 filarent,
654 2035 874 2069 adstantibus
900 2037 950 2069 sic
977 2035 1158 2070 dicebant:
1185 2046 1265 2070 ecce
1290 2037 1350 2069 isti
1368 2046 1473 2080 prae-

82 2100 258 2135 dicatores
285 2111 418 2135 omnem
445 2100 581 2134 modum
606 2099 766 2134 lucrandi
789 2104 971 2143 noverunt,
1006 2111 1084 2134 nam
1106 2106 1144 2134 ut
1161 2110 1320 2146 magnam
1338 2102 1477 2144 possint

82 2167 264 2211 pecuniam
287 2162 463 2201 cumulare
490 2170 524 2200 et
549 2166 623 2200 lata
648 2164 836 2200 aedificare
851 2165 996 2209 palatia,
1023 2176 1126 2199 unum
1153 2176 1278 2199 novum
1298 2167 1474 2200 martirem

82 2232 297 2265 invenerunt.
345 2230 431 2265 Dum
464 2231 553 2266 haec
587 2235 622 2266 et
658 2231 787 2265 similia
820 2231 993 2273 dicerent,
1035 2241 1117 2266 ecce
1150 2231 1266 2265 subito
1302 2230 1394 2265 filum
1419 2235 1475 2265 to-

83 2300 153 2330 tum
178 2297 350 2341 sanguine
373 2301 574 2332 cruentatur
598 2301 634 2332 et
657 2296 772 2343 digiti,
799 2297 925 2342 quibus
944 2295 1036 2330 filum
1054 2296 1276 2342 torquebant,
1301 2298 1473 2342 sanguine

84 2371 164 2395 mox
188 2360 378 2405 replentur.
428 2362 529 2401 Quod
553 2363 605 2396 illi
627 2362 787 2397 videntes
824 2366 858 2396 et
889 2362 1102 2396 admirantes
1126 2362 1259 2407 digitos
1285 2361 1474 2405 diligenter

83 2430 287 2472 extergent,
309 2436 354 2461 ne
377 2425 468 2460 forte
490 2428 527 2460 in
549 2428 593 2461 iis
619 2427 808 2462 accidisset
831 2426 951 2471 aliqua
972 2427 1174 2460 inscissura.
1222 2426 1293 2460 Sed
1314 2436 1389 2460 cum
1417 2426 1471 2460 di-

82 2493 178 2537 gitos
203 2492 341 2526 omnino
366 2501 471 2526 sanos
493 2493 740 2537 conspicerent
766 2496 800 2526 et
832 2490 925 2525 filum
958 2491 1010 2524 sic
1041 2490 1347 2536 sanguinolentum
1372 2491 1470 2527 vide-

84 2561 178 2600 rent,
201 2561 391 2593 trementes
418 2566 459 2592 ac
483 2558 705 2602 poenitentes
731 2556 847 2591 dicere
873 2560 1080 2601 coeperunt:
1106 2566 1199 2599 vere,
1227 2557 1309 2602 quia
1324 2558 1472 2602 pretiosi

83 2624 235 2658 martiris
266 2624 430 2670 sanguini
461 2622 696 2665 detraximus,
730 2621 833 2656 nobis
870 2621 937 2656 hoc
961 2622 1142 2668 sanguinis
1174 2621 1376 2657 miraculum
1400 2626 1471 2657 tam

82 2687 287 2733 stupendum
314 2690 439 2725 evenit.
489 2688 675 2725 Currentes
700 2688 810 2735 igitur
831 2687 876 2724 ad
901 2687 1037 2724 domum
1052 2687 1195 2724 fratrum
1222 2688 1332 2734 priori
1357 2688 1472 2723 omnia
