1742 3005
409 35 505 85 Cap.
540 35 676 73 CXIII.
739 36 796 73 De
828 46 957 73 sancto
986 36 1200 74 Dominico.
1411 36 1491 76 467

111 140 279 185 episcopo
316 137 506 175 Oxoviensi
543 141 577 175 in
613 150 677 175 sua
702 140 854 176 ecclesia
879 143 1064 177 canonieus
1092 141 1266 188 regularis
1291 142 1441 177 efficitur
1466 148 1501 178 et

111 204 330 250 postmodum
357 205 468 239 factus
494 205 652 240 omnibus
679 208 771 241 vitae
795 206 972 252 speculum
998 217 1019 242 a
1045 209 1222 242 canonicis
1248 210 1414 254 supprior
1439 219 1499 244 or-

111 270 262 305 dinatur.
310 270 390 316 lpse
435 275 547 306 autem
593 271 648 307 die
691 282 732 307 ac
772 276 871 307 nocte
904 273 1047 306 lectioni
1082 276 1116 307 et
1150 274 1302 307 orationi
1336 274 1500 317 vacabat,

111 335 257 371 assidue
282 336 390 371 Deum
416 347 589 379 exorans,
624 341 661 371 ut
686 336 755 370 sibi
780 337 869 370 hanc
894 338 1044 382 gratiam
1072 337 1255 373 infundere
1281 339 1499 385 dignaretur,

112 411 181 447 qua
213 412 251 437 se
285 406 395 436 totum
429 402 618 447 aliquando
654 402 761 436 saluti
792 405 914 446 posset
942 402 1142 446 impendere
1168 405 1415 447 proximorum.
1463 405 1501 440 In

111 466 202 501 libro
228 478 367 513 quoque
392 466 435 502 tle
463 467 710 501 collationibus
736 471 871 511 patrum
897 466 1156 501 studiosissime
1188 467 1310 514 legens
1339 479 1500 515 magnum

110 532 340 576 perfectionis
376 531 545 566 cumulum
579 530 824 576 apprehendit.
873 531 1028 577 Pergens
1064 536 1177 567 autem
1213 542 1287 567 cum
1316 534 1499 578 praedicto

111 599 278 642 episcopo
314 597 484 631 Tolosam
520 596 749 640 deprehendit
781 596 952 641 hospitem
987 607 1083 631 suum
1119 596 1299 633 haeretica
1324 601 1500 644 pravitate

111 666 327 706 corruptum,
360 673 460 708 quem
489 661 533 696 ad
560 660 659 696 iidem
686 661 816 696 Christi
845 664 1017 696 convertit
1043 667 1077 697 et
1103 665 1203 708 qnasi
1229 665 1400 709 quendam
1426 667 1499 710 pri-

109 727 280 761 mitiarum
314 728 524 773 manipulum
563 727 700 762 suturae
736 729 859 762 messis
886 727 1023 762 domino
1051 731 1301 773 praesentavit.
1350 731 1500 776 Legitur

108 793 143 826 in
168 795 281 838 gestis
306 795 443 827 comitis
467 792 726 835 Montisfortis,
753 792 860 838 quod,
886 803 961 827 cum
986 793 1109 827 beatus
1130 794 1331 829 Dominicus
1350 796 1499 841 quadam

109 860 185 894 vice
214 859 268 895 vel
293 859 349 895 die
382 859 553 894 adversus
589 858 786 893 haereticos
821 858 1084 902 praedicasset,
1121 861 1373 902 auctoritates,
1411 872 1498 906 quas

108 925 144 959 in
176 924 324 960 medium
350 924 585 970 produxerat,
626 923 766 969 redegit
806 925 840 957 in
881 925 1022 968 scriptis
1072 928 1105 959 et
1146 925 1283 959 cuidam
1316 925 1497 961 haeretico

108 990 311 1026 schedulam
344 991 439 1025 illam
472 988 637 1030 tradidit,
679 992 717 1022 ut
759 999 866 1034 super
908 989 1057 1034 objectis
1099 989 1298 1026 deliberare
1340 991 1496 1027 deberet.

107 1055 172 1091 Illa
194 1061 308 1092 autem
332 1060 436 1090 nocte
463 1055 509 1090 ad
534 1056 650 1101 ignem
675 1052 864 1089 haereticis
892 1056 1119 1100 cougregatis
1145 1055 1366 1098 schedulam,
1394 1068 1497 1102 quam

107 1125 310 1166 receperat,
346 1121 514 1167 produxit
546 1122 582 1154 in
614 1119 775 1155 medium.
826 1119 888 1154 Cui
913 1121 1000 1154 socii
1027 1119 1210 1163 dixerunt,
1241 1126 1279 1156 ut
1312 1123 1346 1156 in
1381 1125 1496 1169 iguem

106 1188 202 1223 illam
219 1190 410 1234 projiceret
429 1190 463 1222 et
481 1187 511 1220 si
534 1184 690 1220 comburi
717 1187 960 1230 contingeret,
1002 1195 1120 1220 eorum
1142 1186 1241 1229 tides,
1260 1188 1327 1221 imo
1347 1188 1497 1233 perfidia

106 1265 192 1290 vera
205 1257 320 1295 esset,
349 1254 380 1287 si
406 1262 488 1287 vero
512 1250 669 1286 comburi
684 1261 752 1285 non
768 1254 901 1295 posset,
929 1261 1045 1285 veram
1073 1250 1173 1287 fidem
1190 1252 1366 1289 Romanae
1383 1255 1495 1290 eccle-

106 1321 184 1354 siae
207 1318 465 1364 praedicarent.
515 1317 738 1361 Quapropter
760 1315 928 1350 schedula
948 1317 984 1350 iu
1014 1318 1128 1362 ignem
1155 1319 1350 1362 projicitur.
1399 1319 1495 1359 Quae

105 1395 179 1420 cum
204 1383 458 1429 aliquantulum
483 1391 613 1415 moram
639 1382 672 1415 in
704 1381 846 1427 ignibus
880 1380 1046 1424 fecisset,
1084 1383 1301 1417 incombusta
1334 1384 1377 1418 ab
1414 1386 1495 1430 igne

105 1451 266 1495 protinus
281 1448 444 1494 prosiliit.
482 1446 711 1492 Stupentibus
729 1448 861 1480 cunctis
879 1457 966 1481 unus
982 1449 1134 1482 caeteris
1149 1448 1270 1482 durior
1288 1450 1356 1482 ait:
1382 1452 1494 1494 proji-

103 1516 350 1551 ciatur-iterum
363 1514 458 1548 etsie
474 1513 679 1557 experentia
695 1512 830 1556 plenius
852 1513 1048 1556 reperietur
1070 1516 1104 1547 ct
1122 1513 1258 1557 plenius
1276 1517 1496 1559 experiemur

106 1582 299 1616 veritatem.
323 1578 512 1624 Projicitur
534 1578 655 1611 iterum
675 1580 710 1611 et
731 1578 851 1616 iterum
870 1577 1263 1621 prosiliitincombusta.
1288 1579 1413 1615 Iterum
1435 1581 1494 1616 ille

104 1646 215 1680 dixit:
240 1647 346 1680 tertio
368 1644 576 1689 projiciatur
593 1646 628 1677 et
649 1652 738 1676 nuuc
758 1644 833 1677 sine
854 1641 961 1677 dubio
991 1644 1043 1678 rei
1071 1645 1198 1678 exitum
1229 1655 1492 1690 cognoscemus.

103 1711 291 1757 Projicitur
312 1711 417 1744 tertio
443 1713 477 1744 et
501 1710 624 1743 iterum
649 1707 868 1743 incombusta
894 1708 1048 1753 prosiliit
1074 1713 1107 1744 et
1132 1709 1269 1744 illaesa.
1318 1710 1494 1746 Haeretici

104 1780 218 1811 autem
250 1777 286 1810 in
317 1786 383 1811 sua
414 1775 546 1810 duritia
579 1778 822 1820 permanentes
855 1773 1117 1809 districtissima
1141 1776 1230 1810 inter
1255 1787 1293 1811 se
1313 1778 1494 1822 juratione

104 1840 344 1884 firmaverunt,
377 1852 420 1876 ne
452 1840 521 1875 hoc
555 1840 684 1885 aliquis
711 1839 916 1884 publicaret.
966 1840 1113 1879 Quidam
1139 1844 1254 1876 tamen
1278 1843 1398 1884 miles,
1435 1844 1494 1888 qui

104 1907 154 1942 ibi
187 1907 311 1941 aderat
349 1911 384 1941 et
416 1911 560 1941 nostrae
585 1905 667 1940 fidei
700 1905 954 1950 aliquantulum
987 1905 1225 1942 adhaerebat.
1262 1907 1357 1941 istud
1387 1909 1493 1942 mira-

103 1971 217 2006 culum
243 1971 462 2016 postmodum
490 1971 693 2015 publicavit.
741 1969 882 2003 Factum
908 1974 963 2004 est
985 1974 1099 2004 autem
1134 1970 1199 2004 hoc
1227 1972 1321 2015 apud
1346 1977 1494 2007 montem

103 2036 341 2071 victorialem.
391 2035 512 2070 Simile
546 2034 720 2080 quoddam
756 2035 881 2068 dicitur
916 2034 1092 2068 accidisse
1127 2034 1219 2078 apud
1254 2035 1369 2070 sanum
1395 2036 1494 2071 Jovis

104 2101 236 2136 indicta
260 2100 388 2136 ibidem
415 2102 451 2135 in
476 2100 599 2134 diebus
625 2099 696 2133 illis
726 2103 848 2133 contra
867 2098 1067 2133 haereticos
1087 2099 1236 2144 quadam
1255 2101 1494 2146 disputatione

104 2167 279 2202 sollemni.
327 2165 487 2201 Caeteris
513 2167 623 2212 igitur
650 2164 694 2199 ad
720 2166 866 2209 propria
892 2163 1118 2199 redeuntibus
1143 2169 1177 2200 et
1201 2167 1371 2211 episcopo
1400 2166 1494 2201 Oxo-

104 2232 216 2266 viensi
241 2231 404 2266 defuneto
430 2231 527 2266 solus
552 2230 679 2265 ibidem
706 2234 846 2265 sanctus
871 2229 1072 2264 Dominicus
1102 2240 1177 2265 cum
1204 2233 1329 2276 paucis
1356 2242 1493 2266 reman-

104 2298 152 2332 sit
182 2300 305 2331 contra
336 2296 536 2331 haereticos
571 2300 773 2332 constanter
807 2295 950 2330 verbum
986 2295 1117 2329 domini
1144 2298 1363 2331 annuntians.
1411 2297 1494 2331 Irri-

105 2362 236 2398 debant
262 2366 378 2397 autem
403 2372 479 2396 eum
504 2360 701 2396 adversarii
728 2362 907 2403 veritatis,
944 2365 1068 2405 sputa,
1102 2361 1208 2395 lutum
1236 2365 1270 2395 et
1296 2361 1495 2407 huJusmodi

106 2429 193 2464 vilia
226 2429 453 2474 projicientes
488 2428 523 2460 in
555 2436 631 2461 eum
663 2431 697 2461 et
734 2436 755 2460 a
787 2429 890 2471 tergo
925 2437 988 2470 pro
1027 2426 1145 2461 derisu
1170 2427 1239 2460 sibi
1264 2426 1387 2471 paleas
1413 2427 1493 2462 alli-

106 2498 244 2541 ganteS.
292 2493 376 2529 Cum
409 2496 523 2528 autent
557 2490 627 2526 sibi
658 2493 835 2527 interitum
864 2492 1098 2534 minarentur,
1145 2493 1399 2537 imperterritus
1439 2503 1495 2527 rer

108 2556 322 2605 spondebat:
364 2570 433 2594 uon
470 2568 537 2604 ego
571 2559 718 2593 martirii
752 2558 880 2604 dignus
914 2567 988 2592 sum
1022 2557 1158 2603 gloria,
1199 2557 1348 2592 nondum
1383 2561 1493 2593 merui

110 2626 210 2661 istam
235 2629 387 2662 mortem.
438 2625 661 2670 Quapropter
693 2624 805 2660 locum
841 2623 1036 2660 transiens.
1073 2623 1105 2657 iu
1140 2634 1206 2668 qno
1241 2624 1308 2658 sibi
1347 2628 1491 2670 paratae

1125 2689 1169 2723 30
1194 2689 1210 2711 t
