1742 3005
268 149 350 189 674
649 145 748 195 Cap.
778 143 857 182 CL,
915 142 976 181 De
1009 145 1141 180 sancta
1167 141 1336 192 Pelagia.

270 255 394 299 positis
429 253 605 295 postremo
639 258 677 283 so
712 247 757 283 ad
787 248 889 283 navis
924 247 1053 283 exitum
1087 249 1336 292 praepararet,
1378 246 1539 283 revoluta
1570 254 1659 282 nave

271 320 346 362 ipse
388 318 423 349 in
462 314 673 360 profundum
715 313 865 349 fluminis
904 316 959 349 est
999 312 1194 348 demersus„
1242 310 1423 347 Fratribus
1458 314 1568 359 igitur
1597 322 1661 357 pro

269 383 483 417 liberatione
517 380 690 415 submersi
725 379 865 414 beatum
898 377 1120 413 Franciscum
1154 375 1413 420 invocantibus,
1445 377 1524 423 ipso
1558 379 1662 413 etiam

269 447 397 490 corde,
422 451 460 481 ut
484 450 642 491 poterat,
667 445 763 480 beati
787 444 968 480 Francisci
995 444 1160 479 auxillum
1185 442 1414 489 implorante,
1449 452 1532 478 ecce
1558 453 1663 488 prae-

271 513 386 547 dictus
420 512 530 548 frater
563 523 625 557 per
661 510 870 557 profundum
906 512 996 546 sicut
1032 521 1095 556 per
1126 508 1260 544 aridam
1295 507 1501 544 ambulabat
1533 511 1569 544 et
1602 508 1663 543 de—

271 588 418 613 mersam
451 578 646 614 naviculam
683 578 827 622 capiens
861 587 937 611 cum
961 586 1004 612 ea
1031 576 1193 622 pervenit
1218 575 1264 610 ad
1290 574 1403 610 littus.
1449 573 1667 610 Vestimenta

264 647 386 679 vautem
413 644 446 679 ei
472 642 613 678 madida
638 653 706 678 non
736 646 816 678 sunt
842 652 905 678 nec
930 651 1044 687 aquae
1069 645 1172 688 gutta
1197 641 1409 687 proximavit
1433 638 1479 675 ad
1503 640 1667 677 tunicam.

755 962 881 1024 GAP.
916 963 995 1025 ci.
1045 961 1201 1026 (145.)

574 1064 681 1107 De
721 1064 990 1108 sancta
1028 1060 1416 1127 pelagia„

368 1169 515 1215 Pelagia
540 1172 652 1214 prima
679 1169 880 1205 seminarum
906 1171 1116 1207 Antiochiae
1153 1173 1307 1206 civitatis
1344 1170 1448 1206 rebus
1475 1173 1508 1204 et
1535 1169 1668 1204 divitiis

277 1236 400 1281 plena,
437 1245 584 1280 corpore
619 1235 876 1281 pulcherrima,
916 1236 1038 1271 habitu
1072 1237 1259 1272 ambitiosa
1295 1241 1329 1272 et
1362 1237 1519 1278 vana1),
1554 1237 1668 1270 animo

280 1306 314 1336 et
345 1312 493 1346 corpore
534 1301 709 1347 impudica
743 1302 890 1348 quadam
927 1304 1002 1337 vice
1035 1314 1100 1347 per
1141 1305 1317 1337 civitatem
1361 1313 1435 1337 cum
1480 1301 1669 1336 ambitione
1712 1339 1713 1343 ,

276 1368 427 1401 maxima
451 1368 646 1410 transibat,
680 1369 727 1402 ita
760 1372 797 1402 ut
829 1368 916 1402 nihil
949 1379 1055 1413 super
1088 1379 1162 1404 eam
1187 1370 1254 1403 nisi
1280 1379 1399 1403 aurum
1427 1371 1461 1402 et
1486 1371 1667 1414 argentum

276 1436 311 1468 et
350 1434 498 1478 pretiosi
534 1433 685 1478 lapides⁴
712 1433 930 1476 viderentur,
978 1435 1028 1468 ita
1072 1438 1127 1477 ut,
1170 1444 1375 1480 quocunque
1416 1434 1508 1476 iret,
1552 1436 1667 1468 aerem

277 1499 493 1534 diversorum
520 1502 711 1534 aromatum
737 1499 845 1535 odore
873 1500 1036 1545 repleret.
1088 1500 1195 1540 Quam
1221 1499 1457 1545 praecedebat
1481 1503 1515 1535 et
1542 1509 1667 1544 seque-

275 1564 381 1598 batur
412 1564 595 1598 multitudo
621 1567 770 1599 maxima
794 1566 988 1610 puellarum
1020 1570 1054 1601 et
1078 1577 1283 1611 puerorum,
1321 1567 1380 1611 qui
1406 1569 1439 1600 et
1466 1566 1535 1610 ipsi
1561 1573 1666 1609 prae-

276 1630 382 1664 claris
401 1633 499 1664 erant
524 1630 633 1663 induti
660 1633 888 1666 vestimentis.
940 1632 1048 1672 Quam
1075 1632 1215 1677 quidam
1242 1636 1385 1666 sanctus
1413 1635 1514 1677 pater
1528 1631 1666 1665 nomine

278 1696 315 1739 ²)
328 1694 487 1730 Veronus
520 1696 706 1739 episcopus
741 1695 986 1741 HeliopoleOS‚
1022 1709 1113 1743 quac
1144 1708 1233 1732 nunc
1276 1698 1477 1742 ³)Damieta
1510 1699 1665 1738 vocatur,

274 1760 397 1795 videns
421 1761 638 1794 amarissime
664 1760 747 1795 flere
771 1763 888 1806 coepit
915 1773 956 1796 ex
983 1773 1045 1805 eo,
1072 1764 1165 1808 quod
1181 1764 1347 1809 majorem
1370 1773 1485 1798 curam
1512 1760 1667 1796 habebat

274 1826 418 1870 placere
434 1826 571 1868 mundo,
588 1836 688 1872 quam
701 1827 944 1871 ipseliaberet‚
963 1828 1101 1873 placere
1114 1829 1199 1871 Deo,
1219 1829 1475 1874 procidensque
1486 1836 1592 1871 super
1602 1834 1664 1869 pa-

274 1892 458 1926 vimentum
478 1891 601 1925 faciem
619 1902 716 1926 suam
736 1902 810 1926 cum
828 1896 923 1927 terra
942 1894 1161 1937 percutiebat
1182 1897 1215 1928 et
1231 1895 1340 1937 ipsam
1358 1897 1486 1927 terram
1502 1892 1663 1935 lacrymis

274 1957 396 2001 rigans
414 1955 574 1990 dicebat:
595 1958 764 1992 altissime
779 1957 884 1998 Deus,
903 1959 1048 2003 ignosce
1065 1958 1145 1991 mibi
1168 1959 1358 2003 peccatori,
1379 1959 1460 2003 quia
1474 1958 1576 1990 unius
1595 1956 1665 1990 diei

274 2023 468 2056 meretricis
487 2027 630 2056 ornatus
648 2024 755 2056 totius
776 2025 867 2057 vitae
885 2033 981 2057 meae
1002 2023 1207 2057 industriam
1224 2024 1415 2067 superavit.
1442 2022 1492 2057 Ne
1511 2032 1575 2063 me,
1598 2020 1662 2055 do-

272 2088 375 2128 mine,
402 2086 592 2121 confundat
615 2089 716 2121 unius
735 2089 927 2122 meretricis
948 2092 1091 2123 ornatus
1115 2092 1195 2123 ante
1217 2092 1442 2133 conspectum
1464 2086 1664 2122 tremendae

272 2154 470 2198 majestatis
490 2156 591 2195 tuae;
618 2152 679 2187 illa
696 2164 758 2198 pro
780 2154 930 2188 terrenis
949 2164 1080 2189 summo
1107 2165 1144 2189 se
1163 2154 1278 2189 studio
1298 2154 1490 2196 decoravit,
1517 2151 1663 2198 egotibi

271 2218 457 2252 immortali
476 2217 615 2252 domino
635 2219 773 2263 placere
792 2220 960 2264 proposui
979 2224 1012 2254 ct
1030 2231 1093 2264 per
1110 2229 1219 2255 meam
1240 2220 1491 2266 negligentiam
1509 2228 1577 2252 non
1598 2219 1661 2251 im-

271 2283 377 2328 plevi.
424 2283 589 2328 Dixitque
614 2283 690 2325 his,
717 2285 774 2329 qui
800 2294 914 2319 secum
940 2288 1059 2319 erant:
1091 2287 1124 2319 iu
1151 2287 1299 2321 veritate
1325 2285 1404 2319 dico
1430 2284 1550 2326 vobis,
1580 2283 1662 2329 quia

269 2348 364 2383 Deus
389 2347 477 2383 lianc
502 2353 624 2383 contra
650 2360 713 2384 nos
742 2349 931 2395 injudicio
951 2350 1184 2395 producturus
1204 2354 1270 2394 est,
1299 2352 1460 2396 quoniam
1488 2349 1575 2384 baec
1591 2353 1660 2383 tam

270 2413 423 2448 sollicite
451 2424 490 2449 se
515 2413 694 2460 depingit,
733 2418 771 2448 ut
795 2416 942 2449 terrenis
970 2416 1187 2451 amatoribus
1221 2417 1380 2462 placeat,
1418 2420 1453 2451 et
1482 2425 1547 2450 nos
1577 2423 1658 2449 coe-

269 2479 352 2513 lesti
379 2490 509 2524 sponso
536 2480 677 2525 placere
703 2480 928 2526 negligimus.
977 2481 1062 2516 Dum
1089 2481 1176 2517 baec
1201 2486 1236 2517 et
1260 2482 1389 2516 similia
1414 2481 1562 2521 diceret,
1597 2489 1657 2513 su-

268 2543 342 2578 bito
368 2544 578 2579 obdormivit
604 2547 781 2591 risumque
808 2550 862 2581 est
889 2546 968 2590 sibi,
998 2548 1089 2593 quod
1117 2548 1286 2593 quaedam
1313 2547 1471 2582 columba
1497 2547 1599 2590 nigra
1624 2549 1657 2580 et

269 2609 404 2643 foetida
421 2612 520 2644 nimis
540 2612 634 2645 circa
651 2622 725 2646 eum
750 2611 984 2648 celebrantem
1010 2614 1151 2648 missam
1170 2613 1318 2649 volaret.
1367 2612 1433 2652 Qui
1458 2610 1535 2645 dum
1561 2615 1655 2646 cate-

335 2705 362 2737 1)
383 2706 433 2733 Ed.
455 2712 497 2736 1¹r.
517 2709 602 2737 addit
620 2710 727 2738 verba:
748 2719 789 2737 ac
808 2709 930 2738 varia.
1041 2712 1070 2746 2)
1091 2711 1142 2740 Ed.
1162 2714 1203 2738 I’r.
1223 2713 1408 2739 Neronus.
1529 2709 1557 2742 3)
1578 2708 1653 2736 Alii:

266 2751 290 2775 D
301 2758 315 2774 n
327 2758 355 2775 m
367 2748 375 2775 i
385 2758 399 2773 a
411 2759 426 2775 n
439 2759 464 2778 ιι,
