1742 3005
327 80 422 130 Cap·
454 79 587 118 XXVI.
655 80 713 117 De
744 88 875 117 sancto
907 80 1049 117 Basilio
1081 81 1276 133 episcopo.
1420 84 1497 122 125

109 187 229 229 crepet
255 187 289 218 te
316 182 474 218 dominus
499 183 661 228 dyabole
711 186 775 224 Qui
803 186 868 219 ait:
903 185 1127 231 praejudicas
1156 184 1238 220 mihi
1259 185 1393 230 Basili3
1427 198 1494 223 non

107 249 179 284 abii
203 259 270 295 ego
297 248 342 284 ad
368 259 466 292 euin,
499 249 562 284 sed
589 251 665 295 ipse
689 251 783 285 venit
807 250 852 284 ad
876 261 947 294 ine,
983 250 1174 298 abnegavit
1200 251 1372 287 Christum
1398 264 1495 288 suum

106 321 140 349 et
164 315 347 360 professus
373 319 427 350 est
451 315 554 358 mibi3
582 325 661 350 ecce
688 316 854 361 scriptum
880 319 956 361 eJ'us
983 318 1018 350 in
1042 326 1145 351 manu
1161 317 1287 352 habeo.
1337 318 1403 360 Qui
1428 321 1494 355 ait:

105 392 173 415 non
199 382 414 417 cessabimus
441 391 565 424 orare,
619 381 729 416 donec
755 383 919 426 scriptum
945 382 1085 417 reddas.
1145 383 1191 417 Et
1214 388 1336 420 orante
1358 385 1493 421 Basilio

104 451 138 482 et
165 451 306 483 tenente
338 449 372 482 in
405 447 538 482 coelum
564 456 706 489 manus,
754 456 834 481 ecce
867 446 990 481 charta
1018 458 1080 491 per
1105 452 1221 483 aerem
1247 450 1365 486 delata
1389 456 1424 487 et
1448 452 1492 487 ab

104 513 261 548 omnibus
286 514 363 548 visa
389 513 482 547 venit
509 516 543 546 et
568 513 733 556 imposita
759 516 813 546 est
842 513 876 546 in
908 512 1068 547 manibus
1102 513 1248 556 Basilii,
1297 526 1399 561 quam
1433 519 1493 554 ille

103 580 297 624 suscipiens
322 578 410 612 dixit
433 587 563 622 puero:
593 578 757 623 agnoscis
783 576 848 611 has
869 578 1006 613 litteras
1031 579 1167 614 frater?
1212 578 1258 615 Et
1282 580 1363 616 ille:
1389 585 1493 618 etiam

103 654 204 679 manu
238 653 316 678 mea
349 644 502 688 scriptae
537 647 626 678 sunt.
697 641 743 677 Et
770 643 938 690 frangens
961 645 1115 679 Basilius
1141 646 1305 690 scriptum
1331 649 1493 693 perduxit

102 721 178 745 eum
212 708 257 744 ad
290 709 472 744 eeclesiam
501 712 535 744 et
569 708 711 754 dignum
744 720 819 744 eum
849 710 931 745 fecit
962 712 1118 746 misterio
1145 716 1179 747 et
1201 711 1291 748 bene
1316 715 1492 750 instruens

106 777 140 820 ¹)
165 779 199 811 et
222 775 366 822 regulas
392 777 460 811 sihi
486 774 572 809 dans
598 773 750 809 reddidit
774 776 920 811 mulieri.
946 797 992 802 —
1014 797 1060 802 --
1083 797 1126 803 —
1152 781 1200 815 6.
1230 778 1361 814 Mulier
1383 791 1491 826 quae—

101 841 179 876 dam
203 845 350 887 peccata
373 841 481 875 multa
506 839 641 875 habens
665 844 699 875 et
723 851 765 875 ea
792 843 827 875 iu
849 841 973 877 charta
996 843 1220 878 conscribens
1246 846 1279 878 in
1298 845 1363 880 line
1379 848 1489 891 quod-

101 907 179 941 dam
211 908 356 953 gravius
388 907 598 951 conscripsit
629 909 664 940 ct
698 908 864 951 scriptum
896 909 1010 953 ipsum
1043 908 1146 943 beato
1179 909 1314 944 Basilio
1344 912 1491 948 tradidit

101 983 254 1019 rogans,
308 976 345 1007 ut
370 983 433 1017 pro
458 981 501 1006 ea
524 975 643 1006 oraret
667 976 701 1007 et
730 974 802 1007 suis
828 973 1046 1009 orationibus
1072 979 1218 1019 peccata
1241 977 1320 1021 ipsa
1345 978 1488 1014 deleret.

100 1038 166 1079 Qui
189 1048 264 1073 cum
289 1042 427 1073 orasset
450 1041 485 1073 et
508 1037 630 1072 mulier
655 1037 811 1072 chartam
837 1041 1048 1084 aperuisset,
1076 1042 1191 1075 omnia
1216 1048 1359 1086 peccata
1387 1056 1490 1089 prae-

98 1109 152 1140 ter
174 1104 269 1139 istud
297 1105 442 1150 gravius
467 1103 584 1139 deleta
609 1104 751 1139 invenit.
826 1106 922 1145 Quae
947 1108 996 1140 ait
1022 1106 1067 1141 ad
1094 1107 1283 1142 Basiliam:
1323 1111 1490 1147 miserere

99 1173 164 1206 mei
190 1182 291 1206 serve
314 1171 379 1206 Dei
404 1174 439 1205 et
463 1180 528 1214 pro
552 1169 618 1204 hoc
644 1170 727 1204 mihi
753 1170 1003 1217 indulgentiam
1032 1175 1193 1218 impetra,
1220 1175 1309 1208 sicut
1326 1186 1390 1220 pro
1409 1177 1488 1212 aliis

97 1238 304 1283 impetrasti.
353 1236 418 1276 Qui
445 1237 495 1269 ait
520 1235 565 1269 ad
589 1235 704 1270 illam:
734 1237 858 1271 recede
884 1247 906 1271 a
931 1249 983 1273 me
1008 1240 1143 1281 mulier,
1169 1241 1253 1284 quia
1277 1239 1379 1275 homo
1404 1253 1485 1287 pec-

98 1307 196 1337 cator
228 1313 296 1348 ego
326 1312 399 1336 sum
433 1301 595 1347 indigens
632 1302 850 1348 indulgentia
876 1304 965 1337 sicut
995 1308 1028 1338 et
1051 1309 1099 1338 tu.
1175 1305 1258 1340 Cum
1283 1310 1398 1341 autem
1424 1309 1486 1343 illa

98 1369 266 1410 instaret,
294 1367 383 1401 dixit
406 1368 456 1401 ei:
490 1366 578 1401 vade
605 1366 650 1400 ad
674 1371 827 1402 sanctum
853 1369 962 1402 virum
989 1368 1116 1404 Essrem
1143 1374 1176 1405 et
1198 1371 1277 1414 ille,
1306 1383 1395 1417 quae
1423 1385 1486 1419 po-

97 1433 222 1474 stulas,
246 1432 312 1466 tibi
336 1434 465 1477 poterit
488 1434 687 1478 impetrare.
737 1434 833 1474 Quae
858 1444 931 1467 cum
959 1433 1105 1470 abiisset
1131 1435 1175 1469 ad
1200 1441 1355 1472 sanctum
1377 1440 1486 1474 virum

96 1498 226 1534 Effrem
250 1502 284 1533 et
308 1508 368 1532 cur
393 1498 437 1533 ad
463 1510 539 1533 eum
564 1509 585 1533 a
611 1504 731 1533 sancto
758 1499 890 1533 Basilio
917 1501 1023 1533 missa
1049 1502 1115 1542 sit,
1163 1502 1379 1546 intimasset,
1427 1506 1486 1541 ille

97 1566 165 1599 ait:
197 1563 341 1607 recede,
378 1566 461 1610 quia
486 1564 588 1599 1101110
614 1569 779 1610 peccator
803 1576 870 1610 ego
896 1575 990 1607 sum,
1025 1565 1087 1600 sed
1113 1567 1189 1601 redi
1214 1568 1285 1602 lilia
1314 1569 1358 1603 ad
1382 1570 1485 1606 Basi-

96 1630 199 1672 1111111,
239 1633 273 1664 01
300 1631 357 1675 qui
384 1630 447 1664 tibi
471 1641 535 1676 pro
561 1632 711 1665 caeteris
738 1632 873 1665 veniam
898 1632 1118 1676 impetrarit,
1163 1644 1226 1677 pro
1254 1635 1322 1668 isto
1349 1647 1486 1682 quoque

97 1697 285 1740 impetrare
310 1696 462 1731 valebit:
484 1696 611 1731 festina
636 1698 717 1739 cito,
745 1701 782 1730 ut
809 1708 884 1731 eum
910 1699 1023 1731 vivum
1049 1700 1219 1733 invenias.
1247 1699 1344 1740 Quae
1358 1712 1432 1736 cum
1452 1705 1485 1738 in

96 1762 273 1796 civitatem
296 1763 462 1805 venisset,
489 1772 568 1797 ecce
592 1762 746 1797 Basilius
773 1762 817 1796 ad
840 1762 1005 1797 tumulum
1031 1763 1221 1799 serebatur.
1280 1765 1346 1800 Illa
1372 1772 1484 1803 autem

96 1830 178 1872 post
203 1837 278 1863 eum
302 1827 454 1863 clamare
481 1829 598 1874 coepit
613 1833 657 1864 ,et
683 1828 819 1863 dicere:
844 1828 962 1863 videat
988 1829 1080 1864 Deus
1105 1833 1139 1864 et
1157 1831 1294 1876 judicet
1318 1834 1409 1868 inter
1432 1846 1485 1870 me

97 1896 132 1927 et
153 1896 209 1936 te,
254 1894 337 1938 quia
363 1895 400 1938 2)
429 1894 553 1929 valens
580 1894 722 1939 placare
755 1894 863 1929 Deum
890 1906 954 1939 pro
979 1905 1032 1930 1110
1061 1895 1106 1930 ad
1131 1897 1236 1931 alium
1261 1901 1486 1935 transmisisti

96 1968 161 1993 me.
210 1958 308 1993 Tunc
340 1961 491 2005 proJecit
526 1959 683 1994 chartam
708 1971 814 2005 super
840 1961 1004 1995 feretrum
1029 1964 1064 1996 01
1088 1966 1169 2006 11031
1194 1963 1364 1999 modicum
1390 1966 1484 2000 illam

97 2024 272 2068 recipiens
301 2028 336 2059 et
367 2027 531 2070 aperiens
562 2026 650 2060 illud
672 2031 851 2071 peccatum
876 2027 1014 2071 penitus
1039 2026 1190 2062 deletum
1214 2030 1357 2065 invenit.
1408 2031 1484 2066 Sic-

96 2100 163 2135 que
190 2091 270 2135 ipsa
293 2094 328 2125 et
352 2101 470 2126 omnes
486 2119 494 2134 ‚
547 2093 606 2137 qui
631 2092 799 2135 aderant,
848 2092 922 2127 Deo
948 2093 1295 2139 immensas⁴gratias
1320 2096 1483 2132 1011111110κ

95 2159 185 2191 runt.
217 2176 263 2182 --
285 2177 330 2182 —
353 2177 400 2183 —
433 2160 472 2194 ἲ.
505 2158 596 2193 Ante
631 2162 745 2192 autem
776 2168 878 2203 quam
915 2159 967 2192 vir
991 2158 1056 2193 Dei
1079 2160 1249 2204 migraret
1274 2170 1295 2194 a
1319 2171 1481 2207 corpore,

94 2221 230 2264 potitus
254 2223 289 2256 in
312 2223 529 2267 infirmitate,
571 2234 640 2269 qua
666 2228 701 2258 et
725 2228 880 2258 mortuus
904 2229 977 2266 cst,
1019 2224 1199 2269 quemdam
1225 2225 1393 2261 Judaeum
1422 2239 1484 2262 110-

95 2286 184 2320 mine
207 2285 341 2331 Joseph
366 2289 563 2324 medicinali
589 2294 664 2324 arte
690 2289 792 2324 valde
816 2291 986 2334 peritum,
1036 2301 1137 2335 quem
1171 2291 1224 2325 vir
1254 2291 1319 2325 Dei
1342 2292 1484 2326 multum

94 2349 288 2397 diligebat,
339 2363 381 2387 eo
413 2355 506 2399 quod
538 2365 576 2390 se
612 2355 708 2389 illum
743 2365 991 2390 conversurum
1025 2354 1259 2400 praevidebat
1295 2356 1339 2390 ad
1369 2357 1482 2400 fidem,

94 2417 196 2461 quasi
221 2427 331 2462 opera
354 2417 542 2464 indigeret,
570 2422 726 2463 vocavit,
751 2421 810 2455 ille
837 2430 919 2454 vero
945 2421 1021 2463 ejus
1047 2420 1183 2464 pulsum
1207 2424 1357 2467 tangens
1383 2426 1417 2458 01
1441 2434 1483 2458 ex

156 2601 185 2635 1)
203 2602 258 2631 Ed.
276 2605 347 2631 Rec.
367 2602 510 2631 offerunt:
539 2604 635 2631 lianc
655 2603 828 2635 regulam
848 2603 927 2631 sibi
947 2603 1060 2637 dans,
1097 2605 1179 2638 qnod
1199 2613 1257 2632 11011
1276 2607 1480 2641 probandum.

155 2647 185 2679 2)
202 2647 324 2675 Rectius
344 2648 482 2676 valens
501 2648 548 2675 ed.
570 2658 627 2676 ree.
648 2647 793 2682 offerunt,
818 2659 909 2682 quum
927 2649 1083 2682 volens,
1119 2650 1201 2683 quod
1219 2651 1341 2678 exhibet
1361 2653 1415 2680 Erl.
1437 2658 1481 2681 l'r.

89 2689 220 2720 reserens
239 2692 279 2720 ad
297 2691 468 2726 foeminam,
488 2697 612 2729 propter
630 2694 884 2722 constructionem
904 2698 1079 2728 sequentem
1098 2694 1170 2723 ferri
1190 2704 1248 2723 11011
1269 2697 1377 2732 possit.
