1742 3005
85 116 179 165 Cap.
201 112 334 151 CLlll.
379 112 437 150 De
468 111 607 149 sanctis
630 109 829 160 Dionysio,
859 109 1014 148 Rustico
1042 118 1079 149 et
1107 110 1340 150 Eleutherio.
1381 109 1460 149 681

88 217 229 253 thodius
255 217 684 262 Constantinopolitanus,
728 217 836 252 latine
878 226 960 252 vero
997 218 1206 252 Anastasius
1248 216 1466 262 apostolicae

86 282 182 319 sedis
210 282 521 325 bibliothecarius,
546 286 584 317 ut
609 282 694 317 dicit
723 282 970 326 ¹)Hincmarus
995 282 1177 318 Remorum
1204 285 1405 329 episcopus.

172 349 360 394 Dionysius
384 349 605 395 Areopagita
631 358 652 383 a
675 348 779 383 beato
804 347 912 382 Paulo
945 349 1108 392 apostolo
1142 348 1187 383 ad
1213 349 1312 384 tidem
1338 348 1469 383 Christi

88 424 278 450 conversus
306 415 391 449 suit:
425 416 483 459 qui
509 415 729 460 Areopagita
762 423 783 448 a
809 414 883 448 vico
908 414 1081 455 civitatis,
1114 415 1146 447 in
1176 425 1243 459 quo
1270 413 1468 455 habitabat,

87 480 200 515 dictus
234 479 343 515 fuisse
376 479 513 514 dicitur.
561 480 771 524 Areopagus
805 479 894 512 enim
926 481 1002 511 erat
1034 480 1129 512 vicus
1162 478 1307 521 Martis,
1342 480 1469 524 inquo

86 545 219 581 scilicet
243 550 318 580 erat
341 545 504 589 templum
527 542 663 578 Martis.
712 541 946 576 Athenienses
984 543 1072 576 enim
1098 543 1259 589 singulos
1285 544 1379 577 vicos
1407 543 1469 578 de—

88 610 313 646 nominabant
345 619 366 643 a
396 609 492 650 Diis,
531 617 619 652 quos
653 607 836 650 colebant,
875 611 912 642 ut
943 608 1073 650 vicum,
1115 610 1150 642 in
1185 619 1253 654 quo
1290 608 1473 643 colebatur

86 676 206 719 Mars,
231 675 405 710 vocabant
428 674 676 719 Areopagum,
710 673 793 719 quia
824 673 918 708 Areo
951 673 1080 708 dicitur
1102 674 1216 710 Mars.
1262 674 1405 716 Vicum,
1438 674 1473 708 in

86 752 156 788 quo
190 740 353 776 colebant
385 739 480 781 Pan,
515 738 690 773 vocabant
723 737 972 784 Panomgum,
1009 743 1043 774 et
1072 740 1122 774 ita
1156 749 1178 774 a
1213 740 1362 786 singulis
1397 740 1473 774 Diis

86 806 247 853 singulos
280 807 378 841 vicos
412 803 693 839 denominabant.
747 805 959 850 Areopagus
1004 810 1119 839 autem
1159 806 1256 840 vicus
1297 809 1372 840 erat
1412 815 1473 840 ex-

87 872 284 915 cellentior,
312 872 395 917 quia
418 870 468 904 ibi
493 873 568 904 erat
593 871 690 904 curia
715 869 880 903 nobilium
906 874 940 905 et
960 870 1103 905 scholae
1120 871 1316 905 liberalium
1337 871 1474 904 artium.

87 937 126 972 ln
156 937 223 971 hoc
257 947 342 982 ergo
380 937 457 970 vico
491 935 694 970 morabatur
718 934 905 980 Dionysius
932 937 1100 970 maximus
1126 935 1380 981 philosophus,
1418 937 1477 980 qui

89 1001 134 1037 ob
159 1001 410 1047 plenitudinem
436 1001 631 1036 divinorum
656 1002 828 1034 nominum
855 1004 889 1036 et
922 1003 1117 1046 sapientiae
1144 1001 1404 1047 Theosophus,
1441 1001 1477 1035 id

89 1071 144 1103 est
167 1067 241 1103 Deo
270 1069 434 1112 sapiens,
468 1066 662 1101 dicebatur.
711 1065 796 1100 Erat
832 1070 866 1101 et
902 1076 1019 1101 secum
1044 1067 1328 1112 Apollophanes,
1363 1067 1398 1100 id
1425 1071 1478 1102 est

91 1134 168 1178 ejus
194 1131 506 1178 conphilosophus.
553 1131 604 1166 lbi
631 1135 730 1166 erant
756 1133 858 1167 etiam
883 1131 1066 1177 Epicurei,
1102 1135 1159 1178 qui
1193 1132 1370 1178 ponebant
1397 1132 1476 1167 seli-

90 1200 229 1233 citatem
254 1197 403 1232 hominis
429 1199 464 1232 in
489 1196 566 1231 sola
592 1199 753 1242 corporis
780 1197 980 1243 voluptate,
1017 1202 1051 1233 et
1085 1198 1213 1239 Stoici,
1250 1199 1307 1243 qui
1341 1199 1374 1232 in
1401 1198 1479 1231 sola

89 1264 195 1298 animi
230 1264 368 1298 virtute.
417 1262 454 1298 In
489 1263 546 1298 die
582 1264 690 1309 igitur
723 1263 915 1298 dominicae
952 1265 1150 1309 passionis,
1200 1274 1274 1298 cnm
1310 1263 1479 1297 tenebrae

90 1328 208 1364 sactae
249 1328 399 1364 fuissent
439 1339 545 1374 super
588 1330 785 1364 universam
825 1333 974 1372 terram,
1018 1329 1243 1374 philosophi,
1284 1330 1343 1374 qui
1381 1333 1481 1363 erant

91 1394 253 1437 Athenis,
279 1405 346 1428 non
372 1398 559 1438 potuerunt
585 1393 687 1439 hujus
708 1404 848 1429 causam
869 1396 901 1428 in
923 1396 1039 1429 causis
1065 1395 1285 1429 naturalibus
1313 1396 1478 1429 invenire.

93 1459 168 1494 Non
178 1459 243 1493 l'uit
255 1460 344 1493 enim
355 1459 526 1493 naturalis
541 1459 684 1504 eclipsis
703 1460 801 1502 solis,
829 1463 898 1494 tuni
917 1462 998 1506 quia
1014 1460 1096 1495 luna
1115 1461 1188 1495 sere
1207 1464 1281 1495 erat
1298 1471 1315 1495 e
1335 1462 1481 1505 regione

93 1524 139 1559 ad
156 1524 278 1567 solem,
296 1524 438 1569 eclipsis
461 1535 543 1559 vero
563 1523 635 1559 fieri
655 1524 747 1559 solet
762 1529 892 1560 tantum
913 1528 945 1560 in
964 1525 1095 1570 synodo
1113 1526 1198 1559 solis
1215 1530 1249 1560 et
1266 1526 1380 1568 lunae,
1402 1525 1482 1559 luna

93 1594 209 1625 autem
233 1592 314 1624 tunc
339 1593 416 1624 erat
442 1591 561 1635 quinta
576 1589 709 1624 decima
735 1595 770 1626 et
797 1593 881 1634 2)ita
906 1592 940 1625 in
966 1591 1124 1636 perfecta
1151 1590 1320 1625 distantia
1345 1600 1365 1625 a
1391 1590 1481 1633 sole,

92 1660 163 1691 tuin
194 1657 277 1701 quia
303 1655 445 1700 eclipsis
471 1666 539 1690 non
567 1655 683 1690 aufert
707 1656 819 1691 lumen
845 1657 1019 1691 universis
1055 1656 1213 1701 partibus
1240 1660 1377 1698 terrae,
1412 1661 1483 1690 tum

95 1723 178 1767 quia
202 1731 266 1766 per
289 1725 362 1755 tres
392 1720 499 1755 horas
525 1720 652 1756 durare
686 1732 753 1755 non
782 1725 910 1767 potest.
961 1722 1060 1762 Quod
1095 1727 1208 1757 autem
1243 1722 1304 1756 illa
1339 1721 1482 1766 eclipsis

93 1787 130 1820 in
163 1787 338 1821 universis
372 1785 531 1831 partibus
562 1791 679 1822 terrae
714 1786 827 1822 lumen
857 1786 1066 1831 abstulerit,
1099 1792 1197 1833 patet
1223 1798 1264 1822 ex
1292 1798 1354 1829 eo,
1389 1786 1484 1832 quod

92 1851 210 1887 Lucas
237 1851 458 1898 evangelista
476 1851 542 1886 hoc
561 1851 656 1894 dicit,
684 1856 718 1887 et
737 1863 779 1887 ex
799 1863 854 1894 e0,
883 1852 977 1898 quod
1007 1854 1296 1898 ³)universitatis
1324 1852 1483 1886 dominus

94 1917 309 1962 patiebatur,
327 1921 362 1952 et
378 1928 420 1952 ex
441 1928 495 1960 eo,
516 1917 610 1963 quod
631 1917 695 1952 suit
711 1918 801 1963 apud
816 1917 1189 1965 HeliopolinAeg5pti‚
1210 1923 1243 1954 et
1261 1929 1303 1953 ex
1318 1928 1372 1960 eo,
1392 1917 1486 1963 quod

96 1981 163 2015 fuit
179 1981 309 2016 Romae
328 1986 361 2017 et
376 1984 410 2016 in
424 1981 573 2018 Graecia
590 1988 624 2018 et
642 1985 675 2017 in
691 1983 779 2018 Asia
795 1985 939 2019 minore.
968 1985 1067 2024 Quod
1087 1989 1201 2020 autem
1223 1985 1328 2018 suerit
1342 1983 1484 2025 Romae,

97 2050 249 2081 testatur
274 2046 421 2081 Orosius
447 2047 587 2082 dicens:
612 2059 687 2082 cum
715 2049 874 2082 dominus
900 2049 1058 2093 patibulo
1083 2050 1209 2084 affixus
1235 2054 1309 2091 est,
1337 2049 1485 2082 maximo

97 2115 216 2146 terrae
242 2116 335 2146 motu
359 2122 423 2156 per
447 2111 568 2146 orbem
593 2113 687 2147 sacto
713 2123 801 2146 saxa
835 2114 869 2146 in
894 2114 1067 2147 montibus
1099 2116 1214 2147 scissa
1243 2115 1486 2146 maximarum-

98 2188 167 2223 que
208 2176 344 2211 urbium
385 2176 555 2221 plurimae
595 2182 712 2222 partes
753 2177 832 2222 plus
873 2177 979 2212 solita
1021 2180 1252 2212 concussione
1285 2176 1488 2212 ceciderunt

100 2242 291 2288 eodemque
317 2241 373 2277 die
399 2242 442 2276 ab
470 2241 559 2276 hora
583 2242 653 2278 diei
679 2247 781 2277 sexta
806 2242 860 2277 sol
885 2243 920 2277 in
944 2247 1052 2277 totum
1079 2243 1287 2277 obscuratus
1307 2246 1371 2284 est,
1396 2246 1489 2276 tetra

98 2318 168 2343 nox
201 2307 319 2342 subito
345 2306 500 2342 obducta
524 2309 629 2342 terris
657 2311 732 2350 est,
772 2307 861 2342 adeo
896 2312 934 2342 ut
970 2308 1094 2342 stellas
1125 2313 1206 2343 tunc
1231 2308 1364 2342 ‹liurnis
1390 2306 1487 2340 horis

101 2371 158 2406 vel
181 2373 298 2416 potius
320 2372 354 2405 in
374 2371 552 2407 horrenda
570 2377 672 2408 nocte
692 2377 765 2408 toto
785 2373 885 2408 coelo
909 2375 1004 2407 visas
1025 2374 1135 2409 fuisse
1162 2374 1346 2408 reseratur.
1394 2371 1488 2406 llaec

103 2435 264 2472 Orosius.
312 2434 392 2470 Fuit
416 2438 518 2471 etiam
551 2438 642 2482 apud
668 2439 880 2485 Aegyptum,
916 2444 950 2473 et
983 2439 1086 2484 hujus
1122 2439 1275 2473 meminit
1300 2437 1489 2480 Dionysius

102 2502 139 2534 in
163 2499 317 2545 epistola
341 2499 387 2534 ad
412 2500 691 2546 Apollophanem
717 2503 857 2538 dicens:
891 2503 996 2538 oll‘usi
1030 2513 1177 2548 namque
1214 2501 1319 2536 orbes
1353 2500 1489 2536 unifor-

171 2620 200 2654 1)
217 2619 273 2647 Ed.
292 2623 336 2648 Pr.
357 2623 533 2652 Ignarus,
554 2622 822 2653 Rec.1gmarus.
909 2621 938 2652 2)
957 2621 1010 2649 Ed.
1029 2625 1072 2650 Pr.
1093 2626 1129 2648 et
1154 2621 1389 2657 imperfecta
1410 2621 1490 2654 legit.

102 2665 131 2697 3)
148 2664 203 2692 Ed.
221 2668 265 2694 l'r.
284 2665 394 2693 verba:
420 2663 708 2693 universitatis
726 2681 758 2685 —
778 2664 881 2699 quod
910 2669 939 2692 et
966 2664 1076 2693 deinde
1099 2666 1210 2693 verba.-
1235 2672 1271 2696 et.
1289 2683 1322 2689 --
1339 2668 1491 2696 minore

107 2708 229 2738 omittit.
