1742 3005
217 94 298 133 806
418 95 515 142 Cap.
548 88 768 127 CLXXVII.
827 87 886 124 De
920 92 1052 123 saneto
1082 86 1216 134 Moyse
1249 88 1398 125 abbate.

219 201 249 234 si
275 200 376 232 homo
410 205 467 235 es,
509 203 597 238 opus
632 192 742 226 habes
784 193 906 225 iterum
939 192 1103 236 operari,
1149 194 1186 224 ut
1219 194 1377 235 pascaris
1413 196 1447 226 et
1486 194 1606 231 vivas;

221 266 249 297 si
277 266 389 296 autem
418 258 565 305 angelus
592 268 650 300 es,
686 257 768 302 quid
805 258 947 302 quaeris
980 258 1110 290 intrare
1143 254 1293 290 ceilam?
1339 256 1383 290 Et
1414 258 1472 292 iiie
1499 258 1607 291 dixit:

224 331 370 373 ignosce
396 325 498 365 mihi,
526 324 653 365 frater,
688 323 779 368 quod
809 324 962 368 peccavi.
1012 323 1094 356 Cum
1122 325 1235 355 autem
1262 326 1474 364 moreretur,
1501 333 1608 368 roga-

223 396 344 427 verunt
359 402 434 426 eum
456 390 595 431 fratres,
623 393 659 422 ut
677 389 820 433 aliquod
842 387 981 422 verbum
1001 387 1156 421 salutare
1179 391 1213 421 et
1231 387 1512 432 compendiosum
1534 387 1611 421 loco

222 457 428 492 hereditatis
462 456 528 490 sibi
566 456 788 500 relinqueret.
850 454 916 494 Qui
953 454 1184 499 ingemiscens
1220 454 1286 486 ait:
1332 462 1502 498 nunquam
1546 452 1612 486 seri

223 524 399 567 propriam
426 522 637 556 voluntatem
666 531 730 555 nee
749 520 883 565 aliquid
903 520 1017 561 docui,
1044 518 1135 563 quod
1157 520 1254 563 prins
1277 520 1351 562 ipse
1369 529 1436 552 nen
1459 518 1611 553 fecerim.

226 588 316 623 Haec
341 590 375 622 in
401 589 480 622 vitis
508 591 653 633 patruni.

637 903 763 967 cAP.
797 901 1035 964 cmxxvii.
1071 901 1221 964 (172.)

478 1005 578 1048 De
615 1003 836 1047 saneto
866 1003 1087 1057 Moyse
1124 1000 1366 1047 abbate.

317 1110 460 1155 Moyses
479 1110 589 1145 abbas
607 1110 693 1144 dixit
707 1110 805 1144 fratri
824 1112 955 1154 petenti
974 1121 994 1144 a
1011 1121 1048 1145 se
1060 1121 1272 1145 sermonem:
1292 1110 1375 1145 sede
1395 1112 1427 1144 in
1450 1110 1539 1145 celia
1560 1114 1619 1145 tua

229 1181 263 1211 et
282 1176 421 1210 docebit
438 1181 471 1211 te
494 1178 670 1210 univorsa.
706 1176 787 1210 Cum
808 1175 945 1220 quidam
963 1186 1069 1209 senex
1091 1176 1280 1209 infirmatus
1300 1178 1331 1209 in
1351 1175 1545 1221 Aegyptum
1571 1179 1619 1211 ire

228 1242 355 1284 vellet,
383 1252 426 1275 ne
452 1241 580 1275 fratres
608 1242 708 1275 nimis
734 1233 922 1287 gravaret,
957 1240 1044 1274 dixit
1073 1242 1103 1275 ei
1129 1239 1239 1274 abbas
1266 1240 1426 1285 Moyses:
1460 1253 1528 1275 non
1555 1253 1617 1276 va-

230 1307 312 1349 das,
348 1308 509 1352 quoniam
537 1308 571 1341 in
597 1306 862 1341 fornicationem
888 1317 1034 1341 casurus
1061 1317 1109 1340 es.
1158 1306 1222 1346 Qui
1251 1308 1476 1341 contristatus
1511 1307 1618 1341 dixit:

229 1376 398 1407 mortuum
444 1377 498 1407 est
538 1383 667 1418 corpus
701 1383 832 1414 meum,
879 1376 912 1407 et
943 1377 979 1406 tu
1015 1371 1099 1406 mihi
1139 1373 1207 1405 ista
1244 1371 1359 1406 dicis?
1416 1372 1498 1407 Cum
1534 1384 1620 1419 ergo

230 1439 354 1473 ivisset
385 1443 420 1474 et
454 1439 623 1484 quaedam
658 1439 757 1484 virgo
793 1448 835 1473 ex
867 1437 1054 1472 devotione
1089 1437 1157 1471 sibi
1189 1439 1362 1480 serviret,
1396 1437 1455 1472 ille
1490 1449 1619 1474 conva-

230 1503 366 1538 lescens
397 1515 471 1539 eam
498 1506 658 1541 violavit.
707 1506 804 1545 Quae
838 1514 912 1538 cum
942 1504 1047 1538 tilium
1083 1505 1302 1548 peperisset,
1337 1514 1445 1539 senex
1478 1515 1621 1549 puerum

231 1570 265 1602 in
289 1569 381 1603 uinis
415 1571 594 1614 accipiens
629 1572 661 1604 in
699 1570 756 1605 die
789 1580 937 1616 magnae
967 1570 1191 1612 festivitatis,
1228 1580 1318 1615 quae
1353 1574 1429 1604 erat
1464 1572 1497 1605 in
1531 1571 1621 1605 Sixti

233 1634 403 1677 ecclesia,
440 1646 557 1670 coram
593 1636 813 1670 multitudine
849 1637 993 1670 fratrum
1028 1637 1182 1670 intravit.
1233 1636 1314 1670 Cum
1353 1640 1467 1671 autem
1502 1647 1622 1672 omnes

231 1700 365 1742 flerent,
392 1701 496 1735 dixit:
525 1702 650 1736 videtis
679 1701 843 1735 infantem
863 1700 979 1735 hune?
1006 1702 1097 1735 iilius
1120 1706 1172 1736 est
1191 1701 1474 1745 inobedientiam
1500 1707 1622 1738 cavete

232 1775 318 1810 ergo
346 1765 466 1808 vobis,
501 1767 647 1808 fratres,
679 1768 762 1811 qnia
788 1768 820 1800 in
848 1771 1028 1801 senectute
1052 1766 1119 1801 hoc
1147 1766 1234 1808 feci,
1270 1771 1304 1802 et
1337 1772 1436 1802 orate
1463 1779 1526 1812 pro
1558 1779 1621 1803 me.

232 1829 276 1863 Et
293 1842 445 1876 pergens
463 1832 507 1866 ad
528 1832 651 1866 cellam
670 1832 714 1865 ad
736 1833 918 1875 pristinum
939 1836 1065 1866 statum
1085 1842 1248 1867 reversus
1266 1837 1329 1866 est.
1363 1833 1462 1866 Atius
1479 1844 1619 1878 quoque

234 1905 341 1929 senex
377 1906 450 1930 cum
478 1897 627 1932 dixisset
658 1898 779 1932 alteri:
815 1901 970 1930 mortuus
996 1906 1093 1938 sum,
1130 1896 1187 1931 iiic
1223 1896 1330 1930 dixit:
1367 1907 1434 1930 nou
1466 1899 1623 1933 contidas

236 1961 270 1993 in
303 1964 358 2003 te,
393 1961 505 1997 donec
540 1973 646 1997 exeas
678 1963 721 1997 de
754 1973 920 2006 corpore,
958 1972 1035 1995 nam
1070 1963 1100 1995 si
1136 1962 1244 2003 dicis,
1280 1963 1362 2006 quia
1387 1967 1542 1998 mortuus
1570 1975 1621 2007 es,

235 2026 410 2060 Sathanas
438 2031 551 2062 tamen
580 2032 736 2061 mortuus
761 2038 830 2061 non
857 2032 920 2062 est.
971 2029 1053 2062 Cum
1080 2028 1190 2061 frater
1221 2031 1423 2071 peccasset,
1459 2030 1625 2064 miserunt

234 2091 277 2124 ud
303 2091 463 2127 abbatem
491 2093 656 2137 Moysen,
684 2094 742 2137 qui
771 2081 918 2137 accepta
943 2097 1065 2137 sporta
1092 2093 1198 2137 plena
1222 2103 1331 2127 arena
1356 2095 1450 2128 venit
1474 2094 1519 2128 ad
1547 2106 1621 2132 eos.

236 2157 342 2195 Quem
360 2168 434 2191 cum
458 2158 598 2201 fratres,
626 2158 789 2203 quidnam
817 2158 882 2192 hoc
908 2163 1017 2200 esset,
1042 2160 1314 2204 interrogarent,
1343 2159 1449 2193 dixit:
1478 2167 1625 2204 peccatu

236 2232 311 2255 mea
338 2228 417 2256 sunt
443 2228 522 2267 post
548 2234 600 2258 me
627 2226 804 2258 currentia
831 2229 865 2259 et
890 2235 958 2259 non
987 2224 1088 2259 video
1115 2234 1158 2258 ea
1193 2228 1226 2258 et
1261 2226 1337 2258 veni
1371 2224 1478 2260 hodie
1509 2227 1627 2261 aliena

230 2286 394 2330 Judieare
438 2293 594 2331 peccata.
648 2288 703 2322 1111
743 2294 856 2324 autem
900 2290 968 2324 hoe
1010 2290 1192 2324 audientes
1238 2290 1338 2324 fratri
1383 2298 1624 2336 pepercerunt.

234 2353 353 2388 Simile
386 2353 516 2399 legitur
551 2354 594 2389 de
631 2354 761 2389 abbate
796 2355 922 2394 Priori,
970 2355 1054 2389 Nam
1093 2366 1167 2390 eum
1211 2356 1338 2391 fratres
1386 2357 1429 2392 de
1473 2359 1625 2403 quodam

235 2418 342 2453 fratre
376 2419 544 2463 euipabili
580 2419 824 2464 loquerentur,
870 2421 929 2456 iiie
966 2421 1115 2455 tacebat.
1175 2422 1257 2456 Cum
1298 2432 1384 2468 ergo
1427 2426 1625 2469 accepisset

232 2484 405 2517 sacculum
441 2484 579 2528 plenum
606 2494 714 2519 arena
741 2490 834 2520 retro
862 2491 896 2521 et
920 2487 962 2521 de
989 2487 1112 2522 eadem
1146 2497 1255 2522 arena
1280 2487 1449 2523 modicum
1475 2493 1555 2523 anto
1585 2499 1625 2522 se

235 2548 353 2590 terret,
379 2550 630 2595 interrogatus,
657 2550 740 2596 quid
767 2550 832 2585 hoe
858 2557 965 2594 esset,
993 2552 1097 2587 dixit:
1124 2554 1231 2588 multa
1255 2564 1364 2589 arena
1380 2558 1459 2588 sunt
1475 2557 1624 2597 peccata

233 2622 327 2649 mea.
363 2624 451 2658 quae
488 2620 566 2659 post
600 2627 652 2650 me
689 2616 805 2651 serens
842 2619 920 2661 ipsa
947 2629 1014 2652 non
1039 2619 1226 2654 considero
1253 2631 1316 2654 nee
1342 2630 1405 2665 pro
1435 2619 1478 2652 iis
1504 2618 1622 2661 doieo,

233 2675 367 2710 modica
396 2689 477 2712 roro
503 2691 611 2716 arena
636 2685 714 2716 sunt
741 2686 888 2726 peecata
910 2683 1029 2719 tran-is
1051 2689 1131 2720 ante
1151 2695 1202 2720 me
1223 2686 1350 2728 posita,
1376 2693 1466 2729 quam
1487 2695 1626 2730 semper
