1742 3005
372 113 468 161 Cap.
499 110 670 149 CXLIX.
738 112 798 150 De
827 120 956 150 sancto
987 115 1199 153 Francisco.
1396 118 1476 157 663

92 219 173 263 quia
189 216 265 261 eJus
285 226 399 251 sermo
413 217 523 250 instar
543 218 678 251 securis
699 218 782 252 vitia
800 217 989 253 incidebat.
1018 219 1125 253 Sexto
1145 222 1316 264 ²)ratione
1335 225 1479 257 terroris

91 285 125 316 in
159 281 364 316 daemonum
399 283 594 329 fugatione.
642 283 797 328 Septimo
830 285 965 319 ratione
997 286 1196 320 securitatis
1225 296 1267 320 ex
1294 288 1420 324 virtute
1445 293 1480 324 et

91 358 232 393 operum
250 348 468 392 perfectione
488 352 522 384 et
545 348 742 383 honestatis
763 350 796 382 in
814 352 1093 385 conversatione.
1143 352 1251 397 Ajunt
1273 354 1361 387 enim
1382 354 1477 388 sran-

89 415 202 448 ciscas
224 413 292 448 dici
311 415 413 460 signa
431 414 601 460 quaedam
622 416 734 448 instar
748 416 930 455 securium,
960 425 1050 459 quae
1067 415 1196 451 Romae
1213 422 1294 452 ante
1313 419 1476 454 consules

87 479 310 522 serebantur,
345 491 435 526 quae
461 484 560 515 eraut
585 482 619 514 in
644 484 833 520 terrorem⁷
861 481 895 513 iu
920 481 1143 513 securitatem
1173 485 1207 515 et
1232 483 1266 514 in
1292 481 1474 520 honorem.

175 544 382 580 Franciscus
415 556 537 580 servus
578 549 612 580 et
645 546 774 579 amicus
801 543 963 579 altissimi
991 546 1024 578 in
1051 546 1193 580 civitate
1220 545 1351 580 Assisii
1378 552 1474 583 ortus

89 615 121 646 et
147 612 348 657 negotiator
371 610 516 645 effectus
546 610 619 645 fere
653 620 762 655 usque
788 610 831 644 ad
860 611 1059 644 vicesimum
1086 612 1214 645 aetatis
1240 622 1324 646 suae
1349 622 1472 647 annum

84 681 220 721 tempus
257 685 355 709 snum
390 685 478 710 rane
507 675 653 711 vivendo
685 677 886 710 consumsit.
937 676 1043 716 Quem
1078 675 1236 710 dominus
1263 677 1472 713 infirmitatis

83 741 225 789 flagello
252 742 422 786 corripuit
450 744 484 776 et
507 742 542 775 in
568 743 675 776 virum
701 741 849 776 alterum
875 740 990 776 subito
1010 741 1286 785 transformavit,
1313 744 1362 777 ita
1379 745 1472 789 quod

74 809 148 854 Jam
173 808 301 852 spiritu
324 806 530 852 prophetico
557 807 692 851 pollere
718 808 849 852 eoepit.
897 806 980 841 Nam
1008 818 1082 841 cum
1117 807 1268 852 ‹piadam
1292 810 1366 843 vice
1394 811 1470 854 ipse

80 884 153 908 cum
187 872 345 918 plurimis
381 883 402 907 a
433 872 612 908 Perusinis
646 878 769 918 captus
801 872 877 906 diro
912 873 1037 907 fnisset
1072 874 1206 906 carceri
1240 875 1467 918 mancipatus,

30 952 34 957 ·
79 938 279 973 dolentibus
313 939 394 974 aliis
430 939 486 973 hic
523 938 620 973 solus
646 940 800 974 exsultat
826 943 859 972 et
884 937 1094 983 redargutus
1118 948 1224 982 super
1250 938 1315 973 hoc
1341 948 1362 973 a
1385 951 1468 974 cou-

79 1006 227 1050 captivis
252 1004 454 1049 respondit:
483 1004 563 1039 idco
590 1014 642 1039 me
668 1003 845 1039 exsultare
871 1004 1050 1044 noveritis,
1078 1004 1159 1048 quia
1186 1003 1298 1038 adhue
1323 1010 1465 1040 sanctus

77 1081 140 1114 per
164 1074 272 1104 totum
296 1070 450 1104 seculum
476 1069 664 1107 adorabor.
714 1068 869 1110 Quadam
897 1070 970 1102 vice
998 1068 1138 1103 Romam
1172 1079 1278 1103 causa
1306 1069 1461 1105 devotio-

76 1137 130 1170 nis
168 1135 396 1181 proficiscens
436 1136 643 1171 vestimenta
683 1145 748 1170 sua
794 1134 958 1179 deposuit
1004 1139 1038 1168 et
1082 1136 1248 1179 pauperis
1283 1136 1462 1181 cujusdam

76 1202 282 1236 vestimenta
308 1201 455 1237 induens
480 1206 561 1237 aute
588 1201 772 1237 ecclesiam
799 1202 909 1234 saneti
934 1199 1026 1234 Petri
1057 1201 1147 1234 inter
1172 1211 1347 1245 pauperes
1373 1203 1464 1237 sedit

74 1271 108 1303 et
134 1277 209 1302 cum
233 1268 276 1302 iis
302 1266 397 1303 velut
419 1279 508 1303 unus
536 1279 578 1304 ex
603 1267 673 1302 illis
698 1267 801 1302 avide
827 1265 1068 1309 manducavit,
1108 1269 1141 1300 et
1172 1269 1316 1312 saepius
1348 1269 1461 1304 simile

73 1333 240 1377 fecisset,
285 1335 355 1368 nisi
396 1338 557 1369 notorum
598 1333 809 1369 verecundia
842 1332 1092 1377 impeditissct.
1141 1333 1315 1379 Antiquus
1348 1334 1461 1369 hostis

71 1409 146 1433 eum
162 1409 183 1433 a
201 1399 335 1433 salubri
356 1401 540 1444 proposito
559 1398 755 1434 conabatur
772 1402 933 1433 avertere
956 1403 990 1432 ct
1010 1397 1167 1433 seminam
1186 1399 1357 1444 quandam
1375 1410 1459 1435 suae

70 1465 224 1499 civitatis
233 1464 419 1510 gibbosam
429 1465 526 1499 cordi
538 1466 614 1510 ejus
626 1464 789 1517 immittit,
802 1467 835 1497 ct
846 1465 911 1497 uisi
925 1465 1110 1508 resipiscat
1121 1474 1142 1498 a
1154 1467 1300 1509 coeptis,
1313 1466 1459 1500 similem

70 1541 109 1565 se
137 1530 307 1564 facturum
332 1533 498 1574 minatur,
533 1531 594 1565 sed
622 1541 642 1565 a
667 1529 805 1564 domino
830 1529 1049 1564 confortatus
1073 1530 1226 1564 audivit:
1260 1530 1457 1572 Francisce,

68 1606 188 1630 aumra
204 1607 267 1642 pro
285 1597 446 1633 dulcibus
465 1608 559 1632 sume
581 1601 658 1632 ette
673 1598 784 1641 ipsum
796 1601 990 1639 contemne,
1012 1597 1042 1629 si
1060 1607 1112 1631 me
1130 1597 1229 1639 cupis
1250 1606 1457 1642 agnoscere.

68 1662 245 1702 Quendam
270 1664 378 1709 igitur
401 1663 577 1708 leprosum
602 1662 742 1697 obvium
770 1661 924 1705 liabens,
961 1673 1036 1696 cum
1069 1661 1270 1707 hujusmodi
1298 1661 1455 1697 homines

70 1732 100 1772 ²)
113 1728 251 1763 multum
267 1728 512 1772 abhorrentur,
531 1729 764 1763 divinitamen
781 1738 911 1763 memor
932 1728 1065 1763 oraculi
1084 1738 1270 1763 accurrens
1288 1729 1320 1761 in
1334 1728 1456 1762 oscula

67 1794 143 1839 ejus
170 1783 258 1838 ruit,
291 1799 325 1829 et
357 1799 438 1840 post
463 1794 530 1829 hoc
555 1794 614 1830 ille
640 1797 758 1830 statim
784 1795 968 1840 disparuit.
1018 1795 1240 1839 Quapropter
1265 1793 1309 1828 ad
1335 1793 1453 1838 lepro-

65 1870 182 1894 sorum
207 1859 411 1895 habitacula
434 1865 602 1906 properat
626 1865 660 1896 ct
686 1872 804 1896 eorum
835 1872 955 1895 manus
993 1860 1119 1895 devote
1150 1860 1315 1894 osculans
1348 1871 1453 1904 pecu-

65 1927 155 1961 niam
180 1926 299 1962 donat.
347 1925 543 1962 Ecclesiam
577 1929 689 1961 sancti
714 1927 875 1961 Damiani
910 1928 1082 1961 orationis
1116 1936 1223 1960 rausa
1259 1926 1455 1972 ingreditur

67 1997 101 2026 et
136 1993 253 2038 imago
296 1992 430 2027 Christi
470 2003 546 2028 eum
578 1993 789 2028 miraculose
822 1993 1034 2039 alloquitur:
1071 1991 1279 2033 Francisce‚
1330 1994 1452 2038 inquit,

66 2057 174 2098 vade,
201 2067 328 2102 repara.
352 2058 487 2092 domum
514 2068 641 2102 meam,
677 2069 786 2104 quae,
814 2063 850 2092 ut
877 2060 1012 2099 cornis,
1048 2062 1123 2091 tota
1146 2057 1348 2093 destruitur.
1397 2058 1451 2091 Ab

65 2133 108 2158 ea
150 2124 257 2168 igitur
298 2121 387 2156 hora.
419 2124 534 2157 anima
569 2124 645 2168 eJus
685 2124 877 2169 liquefacta
911 2128 965 2157 est
996 2127 1030 2157 et
1064 2121 1219 2156 crucifixi
1252 2123 1450 2166 compassio

64 2190 141 2234 ejus
175 2188 274 2224 cordi
305 2187 514 2223 mirabiliter
545 2193 599 2223 est
634 2188 751 2224 infixa.
799 2188 932 2223 Insistit
966 2187 1117 2222 sollicite
1143 2186 1317 2222 ecclesiae
1345 2199 1450 2232 repa-

64 2254 195 2289 randae
221 2259 255 2290 et
278 2253 449 2297 venditis,
478 2264 568 2300 quae
594 2254 760 2298 habebat,
785 2265 860 2290 cnm
886 2255 1067 2299 pecuniam
1092 2252 1226 2287 cuidam
1253 2253 1449 2298 presbitero

65 2319 166 2356 daret
190 2325 225 2356 et
248 2321 308 2356 ille
331 2322 456 2355 timore
483 2324 666 2366 parentum
693 2322 851 2366 recipere
883 2323 1082 2362 recusaret,
1115 2328 1232 2353 coram
1265 2320 1343 2364 ipso
1376 2330 1449 2355 cam

63 2387 257 2432 projiciens
282 2389 456 2432 tamquam
482 2387 659 2432 pulverem
685 2386 884 2432 vilipendit:
910 2388 1125 2432 quapropter
1149 2394 1171 2418 a
1192 2389 1293 2429 patre
1317 2385 1448 2430 ligatus

64 2456 100 2489 ct
126 2457 248 2497 captus
272 2454 454 2497 pecuniam
480 2452 591 2487 eidem
618 2453 773 2488 restituit
805 2462 845 2486 ac
877 2456 1008 2488 vestem
1039 2452 1172 2496 pariter
1197 2451 1392 2496 resignavit
1416 2454 1450 2485 et

63 2521 116 2555 sic
129 2518 242 2553 nudus
263 2517 308 2553 ad
327 2517 500 2552 domiuum
518 2518 670 2553 evolavit
688 2522 722 2554 et
746 2518 862 2552 cilic10
888 2527 927 2552 se
952 2516 1075 2551 induit.
1123 2515 1283 2550 Advocat
1304 2517 1450 2561 insuper

65 2595 187 2621 servus
212 2585 278 2620 Dei
305 2583 476 2631 quendam
504 2583 696 2628 simplicem
721 2585 850 2625 virum,
884 2593 985 2628 quem
1010 2582 1088 2616 loeo
1116 2582 1227 2625 patris
1252 2584 1448 2627 suscipiens

131 2685 231 2717 1)E‹.l.
249 2687 294 2714 Pr.
313 2681 423 2711 omittit
447 2682 551 2709 verba:
573 2687 624 2708 rat
639 2682 723 2708 lonc
744 2697 775 2700 —
795 2679 968 2716 Septimo
991 2683 1018 2707 et
1037 2678 1128 2714 paulo
1146 2684 1216 2714 post
1235 2681 1271 2708 in
1296 2681 1447 2709 securi—

65 2734 99 2756 ta
113 2734 146 2757 tc
157 2739 195 2757 m.
300 2730 327 2764 ¹2)
346 2732 415 2757 nec.
437 2728 566 2755 addunt.
593 2726 745 2754 natural
760 2726 768 2752 i
781 2730 787 2753 t
800 2735 813 2751 r:
824 2736 846 2756 r,
