1742 3005
397 128 493 179 Cap.
525 127 681 165 CLXII.
727 127 786 165 De
818 127 994 164 omnibus
1026 127 1179 163 sanctis.
1402 126 1484 166 719

99 233 245 267 omnium
272 234 530 279 provinciarum
557 232 744 267 simulacra
779 233 814 266 in
839 231 924 266 urbe
949 241 1013 266 sua
1037 230 1227 274 haberent:
1258 231 1341 277 quin
1366 233 1483 277 potius

98 298 171 334 sere
198 299 348 344 singulis
375 299 452 334 Diis
477 299 606 344 templa
635 298 774 344 singula
798 301 1086 339 construxerunt,
1120 300 1293 342 tamquam
1327 298 1387 343 qui
1421 309 1483 333 eos

97 369 294 399 cunctarum
328 367 585 410 provinciarum
623 366 775 399 victores
802 368 836 399 et
861 364 1018 398 dominos
1045 363 1257 398 effecissent.
1307 363 1376 399 Sed
1403 366 1485 409 quia

96 433 213 466 omnia
245 431 351 476 ²ydola
384 431 546 476 templum
582 431 710 465 ibidem
746 429 876 464 habere
911 441 979 463 non
1014 433 1194 474 poterant,
1235 429 1279 463 ad
1314 431 1484 473 maj0rem

96 506 183 532 suae
218 499 383 531 vesaniae
417 497 686 531 ostentationem
720 505 820 527 unum
854 495 1017 539 templum
1053 496 1201 529 caeteris
1228 495 1421 529 mirabilius
1450 500 1484 530 et

96 561 278 596 sublimius
306 564 339 595 in
365 562 528 595 honorem
554 560 704 594 Deorum
731 561 879 593 omnium
906 564 1091 594 erexerunt
1118 564 1152 595 et
1176 559 1365 604 pantheon,
1390 561 1483 606 quod

96 632 218 662 sonat:
244 629 308 661 toti
340 626 413 668 Dii,
438 629 648 660 vocaverunt
674 635 694 659 a
718 635 804 670 pan,
832 625 923 670 quod
950 629 1004 660 est
1029 629 1159 661 totum.
1189 630 1223 660 et
1248 625 1350 660 theos
1375 626 1480 661 Deus.

95 692 280 728 Pontifices
307 693 393 727 enim
421 691 601 737 ydolorum
627 691 671 724 ad
698 692 863 736 majorem
891 691 1010 736 populi
1030 691 1268 736 deceptionem
1297 691 1481 734 finxerunt,

94 758 187 804 quod
213 757 280 792 sibi
306 768 326 793 a
355 757 502 803 Cybele,
529 767 630 802 quam
657 759 806 791 omnium
830 757 981 791 Deorum
1007 761 1149 792 matrem
1167 756 1349 798 vocabant,
1377 758 1483 793 suerit

92 826 316 869 imperatum,
350 828 405 865 ut,
441 825 471 857 si
506 823 549 858 de
575 824 733 856 omnibus
759 823 923 869 gentibus
950 823 1077 858 vellent
1101 824 1282 857 victoriam
1310 823 1481 863 obtinere.

93 888 174 923 tiliis
211 890 283 924 suis
318 890 481 934 templum
518 888 736 934 magnifieum
782 889 1009 923 fabricarent.
1057 888 1325 923 Fundamentum
1367 894 1481 925 autem

94 957 206 999 ipsius
243 956 363 999 templi
398 954 657 999 ¹)spl1aerieum
683 955 836 999 jacitur,
869 958 906 987 ut
936 965 978 988 ex
1005 956 1083 998 ipsa
1109 954 1219 988 forma
1244 954 1394 990 Deorum
1420 966 1481 991 ae-

91 1022 238 1055 ternitas
265 1020 539 1062 demonstretur,
589 1019 672 1062 sed,
707 1021 789 1065 quia
813 1019 961 1053 latitudo
987 1020 1174 1054 testudinis
1200 1021 1480 1056 insustentabilis

94 1085 294 1128 videbatur,
321 1097 396 1121 eum
419 1096 527 1131 supra
551 1089 679 1120 terram
700 1087 733 1120 in
756 1084 914 1120 aedificio
935 1086 1186 1131 aliquantulum
1208 1089 1479 1131 processissent,

91 1156 198 1186 totum
225 1153 315 1187 intus
340 1158 435 1188 terra
461 1152 662 1197 replebant,
691 1152 809 1194 simuL
842 1158 879 1186 ut
905 1152 1052 1186 dieitur.
1086 1162 1160 1186 eum
1192 1156 1287 1186 terra
1314 1152 1480 1188 denarios

87 1218 280 1263 Jaeientes‚
308 1222 343 1253 et
369 1219 419 1253 sic
449 1218 625 1261 fecerunt,
651 1229 833 1264 quousque
860 1218 1076 1264 praedictum
1104 1218 1268 1263 templum
1297 1223 1349 1254 est
1375 1221 1480 1253 mira-

92 1283 212 1318 biliter
244 1289 527 1319 consummatum.
577 1284 676 1319 Tunc
712 1284 795 1318 data
823 1285 984 1327 licentur,
1023 1287 1080 1326 ut,
1117 1285 1314 1329 quicunque
1350 1288 1479 1319 terram

90 1353 275 1393 asportare
300 1349 426 1392 vellet,
452 1354 546 1392 tota,
582 1360 683 1396 quam
712 1352 745 1384 in
773 1352 851 1395 ipsa
875 1355 971 1385 terra
997 1351 1208 1391 invenisset,
1243 1351 1391 1394 pecunia
1416 1360 1481 1385 sua

91 1419 206 1456 esset,
241 1415 367 1449 festine
392 1414 495 1448 turba
521 1420 689 1460 properat
723 1419 756 1450 et
780 1417 892 1459 ipsum
920 1415 1082 1460 templum
1109 1416 1177 1449 cito
1202 1420 1360 1451 evacuat.
1408 1415 1478 1451 De-

89 1481 194 1524 nique
211 1479 357 1514 Romani
384 1482 416 1521 ²)
428 1481 565 1525 pinnam
587 1490 729 1515 aeneam
751 1485 784 1516 et
806 1481 1009 1515 deauratam
1030 1480 1204 1514 fabricant
1225 1485 1259 1515 et
1282 1482 1312 1514 in
1339 1483 1478 1515 summi-

87 1548 160 1580 tate
200 1545 386 1581 eolloeant.
445 1547 553 1591 Ajunt
596 1557 750 1592 quoque,
795 1546 886 1592 quod
927 1548 960 1580 in
1003 1546 1070 1580 hac
1110 1556 1228 1580 omnes
1276 1548 1478 1590 provinciae

88 1610 296 1646 mirabiliter
339 1612 496 1657 sculptae
537 1617 658 1654 erant,
702 1613 752 1646 ita
789 1615 844 1653 ut,
888 1613 1093 1657 quicumque
1127 1611 1267 1646 Romam
1310 1614 1477 1652 venisset,

88 1687 211 1712 versus
247 1688 314 1722 quo
349 1681 445 1712 esset
477 1687 542 1712 sua
574 1679 774 1722 provineffl,
809 1679 899 1713 seire
932 1683 1064 1723 posset.
1120 1678 1212 1713 Haec
1248 1682 1360 1713 autem
1394 1689 1476 1724 pro·

87 1743 234 1778 cedente
271 1748 428 1788 tempore
465 1743 547 1778 inde
580 1743 730 1785 cecidit,
773 1743 865 1778 unde
910 1747 944 1778 et
986 1745 1020 1778 in
1064 1744 1245 1789 praedicto
1277 1744 1406 1789 templo
1442 1746 1476 1778 in

87 1810 284 1843 summitate
310 1813 476 1854 apertura.
501 1811 681 1846 remansit.
730 1809 906 1854 Tempore
942 1811 1051 1855 igitur
1079 1813 1110 1855 ³)
1122 1810 1260 1845 Phocae
1287 1812 1475 1855 imperato-

87 1875 157 1917 ris,
197 1884 271 1909 eum
298 1874 373 1920 Jam
410 1874 536 1909 dudum
571 1874 681 1910 Roma
712 1875 811 1909 tidem
843 1875 974 1909 domini
1008 1877 1224 1921 recepisset,
1271 1875 1476 1910 Bonisaeius

87 1949 180 1984 papa
214 1944 358 1985 quartus
394 1950 416 1975 a
450 1951 577 1988 magno
615 1940 788 1987 Gregorio
822 1943 915 1975 circa
946 1951 1055 1975 annos
1091 1941 1220 1976 domini
1256 1941 1348 1977 DCV
1371 1951 1476 1987 prae-

88 2004 215 2039 dictum
251 2006 414 2050 templum
447 2016 469 2041 a
495 2006 615 2042 Phoca
648 2008 860 2051 imperatore
886 2008 1087 2051 impetravit
1115 2010 1149 2041 et
1174 2009 1324 2041 omnium
1348 2007 1475 2052 ydolo-

86 2082 159 2105 rum
195 2071 373 2106 eliminata
409 2073 579 2116 spurcitia
611 2074 724 2116 ipsum
758 2072 922 2116 templum
956 2070 1001 2105 IV
1032 2071 1114 2105 Idus
1147 2072 1238 2116 Maji
1272 2073 1306 2105 in
1342 2071 1476 2112 honore

85 2136 212 2171 beatae
246 2136 383 2171 Mariae
419 2140 454 2171 et
484 2138 634 2171 omnium
666 2138 843 2170 martirum
874 2137 1094 2171 consecravit
1126 2146 1168 2170 ac
1192 2137 1304 2170 locum
1330 2140 1476 2171 sanctae

84 2201 222 2237 Martae
255 2201 301 2236 ad
335 2204 495 2237 martires
530 2202 747 2247 appellarit,
783 2202 841 2246 qui
874 2211 964 2235 nune
990 2205 1113 2236 sancta
1137 2201 1254 2236 Maria
1279 2201 1429 2235 rotunda
1454 2211 1476 2236 a

85 2267 216 2312 populo
242 2268 455 2313 appellatur.
501 2266 660 2302 Nondum
686 2268 774 2302 enim
800 2266 1041 2302 confessorum
1078 2266 1262 2301 sollemnia
1288 2267 1332 2301 ab
1360 2267 1473 2302 ecele-

86 2334 141 2367 sia
165 2332 374 2378 agebantur,
401 2332 464 2368 sed
487 2334 569 2379 quia
586 2332 631 2368 ad
657 2333 723 2367 hoc
751 2333 874 2368 festum
899 2331 1084 2366 multitudo
1109 2333 1259 2366 maxima
1277 2332 1475 2367 confluebat

85 2400 120 2433 et
149 2401 302 2443 propter
336 2397 737 2434 defeetuinvietualium
767 2398 999 2433 celebrationi
1028 2408 1156 2433 vacare
1190 2408 1258 2432 non
1297 2401 1472 2442 poterant,

84 2462 164 2499 ideo
204 2462 343 2509 quidam
382 2473 476 2508 papa
510 2461 702 2510 Gregorius
736 2463 804 2498 hoc
839 2463 965 2498 festum
998 2465 1032 2498 in
1064 2462 1220 2498 calendis
1254 2461 1472 2506 Novembris,

85 2528 225 2575 quando
251 2529 365 2574 major
389 2527 587 2562 victualium
613 2530 716 2574 eopia
741 2529 878 2564 videtur
903 2539 1002 2571 esse,
1027 2527 1203 2563 messibus
1228 2531 1263 2563 et
1288 2527 1472 2563 vindemiis

86 2593 274 2629 celebratis
305 2593 380 2629 fieri
412 2594 564 2628 instituit
593 2603 634 2628 ac
666 2604 729 2639 per
759 2592 957 2628 universum
992 2593 1151 2628 mundum
1186 2592 1276 2627 hunc
1311 2592 1401 2627 diem
1436 2595 1470 2627 in

82 2659 216 2694 honore
247 2660 396 2694 omnium
429 2662 626 2693 sane-torum
660 2658 834 2694 celebrari
866 2658 1083 2693 sollemniter
1123 2657 1313 2701 ordinavit,
1358 2657 1392 2693 e't
1419 2660 1469 2693 sic

150 2739 178 2771 1)
196 2738 308 2771 Vulgo:
328 2738 534 2773 sperio-um.
638 2738 667 2770 2)
685 2737 798 2769 Vulgo:
819 2736 977 2772 pineam.
1079 2737 1108 2770 3)
1128 2736 1182 2764 Ed.
1200 2739 1244 2763 Pr.
1264 2739 1400 2765 vocae.
