1742 3005
294 103 377 144 918
435 105 533 153 Cap.
567 100 739 138 CCXIV.
798 100 983 150 Legenda
1019 102 1139 139 sancti
1167 103 1342 143 Thomae
1371 104 1419 143 de
1450 104 1615 155 Aquino,

293 210 484 238 vocationem
503 206 598 240 ipsius
610 205 703 232 multa
719 205 905 238 contigerunt
917 206 1068 234 miracula.
1097 207 1231 234 Ebroicis
1246 217 1373 241 namque
1385 219 1509 243 puerum
1524 210 1674 244 qiwndmn

293 263 387 289 prope
415 252 568 286 quoddam
594 250 801 278 molendinum
826 251 1013 279 submersum
1039 256 1178 286 parentes
1203 252 1305 279 multis
1332 257 1500 280 sanctorum
1526 254 1673 287 suffragiis

291 298 586 325 commendaverunt.
623 300 733 324 Verum
760 295 960 330 omnipotenti
984 299 1047 323 Deo
1066 296 1299 323 misericorditer
1318 297 1499 331 disponente
1517 300 1674 327 mirificare

291 347 426 370 sanetum
445 351 531 369 sunm
548 350 609 368 vox
635 340 780 373 intonuit,
807 345 839 368 ut
865 350 939 375 puer
965 340 1137 375 praedictus
1164 341 1253 367 beato
1280 341 1433 368 Ludovico
1461 342 1622 370 devoveret
1633 355 1672 371 ur.

291 390 357 421 Quo
377 386 477 413 statim
496 386 536 412 ad
553 386 711 413 ecclesiam
729 385 853 413 fratrum
873 386 1114 421 praedicatorum
1133 396 1228 420 nuper
1253 386 1284 412 in
1308 387 1451 413 honorem
1475 387 1556 414 beati
1574 389 1672 416 Ludo-

289 432 350 459 vici
367 431 524 459 fundatam
542 441 609 459 cum
628 430 725 459 solitis
745 430 951 459 oblationibus
971 430 1072 458 delato
1092 430 1250 459 confestim
1268 431 1358 459 vivus
1377 431 1525 466 apparuit.

723 754 850 817 GAP.
878 754 1057 816 ccxlv.
1099 755 1237 817 (211.)

332 853 641 912 Legenda
679 854 887 900 sancti
915 854 1208 900 'rhomae
1240 854 1319 899 (le
1350 852 1627 908 Aquino.

386 964 518 990 Thomas
537 962 749 997 iuterpretatur
767 963 892 995 abyssus
918 962 969 989 vel
996 962 1130 994 geminus
1154 963 1205 990 vel
1233 962 1349 989 divisus
1374 962 1424 990 vel
1451 962 1582 994 signatus
1609 962 1671 989 sive

285 1013 518 1036 consummatus.
555 1007 620 1034 Fuit
639 1007 789 1040 siquidem
807 1007 854 1034 hic
874 1012 994 1034 sanctus
1013 1007 1120 1034 doctor
1138 1008 1270 1034 Thomas
1294 1007 1377 1034 vetut
1404 1007 1530 1041 abyssus
1548 1006 1671 1041 prosum

283 1053 418 1085 dis-sima,
437 1052 561 1083 scientia
575 1052 654 1079 enim
670 1057 698 1079 ct
718 1051 865 1086 sapientia
884 1051 1137 1086 profundissimus
1157 1053 1281 1085 exstitit,
1301 1052 1429 1085 ideoque
1449 1060 1508 1078 uon
1524 1051 1673 1078 immerito

283 1098 419 1131 Aquinas
440 1106 476 1123 ex
494 1096 615 1123 nomine
633 1096 748 1131 patriae
768 1096 865 1123 dictus
886 1101 945 1129 est,
965 1097 1106 1130 quoniam
1125 1098 1279 1124 doctrinae
1299 1096 1438 1124 coelestis
1458 1105 1550 1130 {ulnas
1569 1100 1672 1124 nactus

284 1147 329 1170 est
353 1141 639 1169 abundantissimas.
682 1144 806 1175 Propter
829 1141 912 1174 quod
938 1141 1015 1167 illud
1038 1141 1210 1170 Ecclesiast.
1235 1145 1289 1170 XV
1317 1142 1462 1176 scriptum
1486 1141 1524 1168 de
1550 1150 1586 1168 eo
1612 1140 1674 1168 dici

283 1191 401 1222 potest:
421 1195 498 1219 aqua
517 1185 684 1220 sapientiae
703 1185 843 1212 salutaris
862 1186 982 1220 potavit
1000 1186 1086 1213 illum
1104 1189 1200 1219 Deus;
1221 1191 1249 1214 et
1268 1187 1391 1222 Apocal.
1411 1189 1512 1213 XXII:
1539 1186 1672 1213 ostendit

281 1233 405 1264 angelus
431 1231 542 1258 flumen
574 1240 668 1264 aquae
695 1230 786 1258 vivae
818 1230 1013 1265 splendidum
1042 1235 1194 1265 tamqnam
1217 1232 1398 1264 cristallum,
1433 1230 1599 1267 procedens
1634 1231 1672 1258 de

281 1278 355 1306 sede
373 1276 429 1303 Dei
448 1281 477 1303 et
496 1276 579 1308 agni3
599 1280 628 1303 et
648 1276 787 1304 Proverb.
806 1278 879 1303 XX:
900 1275 984 1309 aquis
1004 1276 1172 1303 mundanae
1191 1276 1334 1304 vanitatis
1355 1281 1384 1303 et
1402 1276 1542 1311 propriae
1561 1276 1671 1304 nativi—

280 1323 352 1350 tatis
379 1322 504 1349 eductus
532 1330 586 1355 per
609 1319 780 1352 religiosam
802 1321 896 1348 vitam
915 1321 1070 1348 restitutus
1090 1326 1135 1348 est
1154 1322 1241 1348 matri
1259 1321 1420 1353 ecclesiae,
1446 1320 1543 1355 Moysi
1567 1322 1670 1354 figura.

281 1368 347 1395 Fuit
366 1367 457 1395 etiam
476 1365 611 1399 geminus
630 1365 803 1392 devotionis
823 1366 950 1393 decorae
975 1370 1004 1393 et
1030 1365 1247 1398 intelligentiae
1265 1366 1412 1393 claritate.
1447 1369 1573 1400 Insuper
1591 1366 1670 1394 divi-

281 1422 332 1441 sus
350 1412 408 1439 suit
427 1422 443 1439 a
462 1410 621 1438 mundanis
641 1410 859 1446 cupiditatibus
879 1415 907 1438 et
926 1410 1047 1445 pompis
1066 1410 1218 1443 religionis
1237 1411 1331 1439 vitam
1345 1409 1534 1438 sacerrimam
1547 1410 1670 1441 ducens.

280 1459 416 1492 Denique
434 1456 492 1484 fuit
511 1456 643 1488 signatus
663 1459 713 1482 aut
728 1460 950 1482 consummatus
964 1455 1098 1482 omnium
1111 1456 1257 1484 virtutum
1273 1455 1446 1491 splendore.
1483 1458 1672 1492 Quapropter

279 1504 358 1531 bene
377 1506 565 1537 mmcupatus
585 1505 631 1528 est
649 1500 798 1533 Thomas,
825 1500 907 1534 quod
932 1504 1033 1535 potest
1058 1501 1251 1536 interpretari
1277 1501 1362 1534 quasi
1388 1500 1475 1527 Thau
1500 1510 1616 1534 meum,
1640 1501 1671 1528 id

278 1552 326 1576 est
345 1547 462 1580 signum
480 1556 579 1573 meum
597 1546 648 1573 vel
668 1545 886 1573 consummatio
905 1554 981 1572 mea.
1018 1548 1097 1573 Deus
1117 1546 1195 1573 enim
1214 1546 1305 1574 tantis
1324 1556 1391 1573 emn
1404 1545 1567 1573 illustravit
1581 1551 1670 1580 atque

278 1592 413 1628 perfudit
431 1591 542 1624 gratiae
561 1589 665 1623 donis,
693 1594 724 1617 ut
749 1600 856 1618 verum
881 1590 937 1618 Dei
962 1590 1079 1623 signum
1107 1595 1196 1624 atque
1224 1590 1456 1623 consummatio,
1483 1590 1515 1617 id
1539 1595 1583 1618 est
1603 1601 1671 1626 per-

277 1637 357 1665 fecta
382 1636 438 1663 Dei
463 1636 599 1671 operatio
627 1639 715 1664 esset.
753 1636 840 1669 enjus
864 1635 1027 1669 hystoriam
1053 1640 1083 1662 et
1109 1635 1204 1663 vitam
1237 1636 1359 1669 quidam
1385 1635 1547 1670 episcopus
1571 1635 1669 1663 Lodo-

278 1682 380 1710 nensis
400 1680 587 1716 conscripsit.
623 1680 783 1708 Festivitas
801 1685 900 1707 autem
919 1681 983 1714 ejus
1002 1679 1170 1707 celebratur
1195 1680 1282 1708 nonis
1308 1679 1424 1713 Martii,
1451 1689 1511 1714 quo
1538 1680 1587 1708 die
1613 1681 1669 1708 mi-

278 1727 375 1760 gravit
395 1736 431 1753 ex
450 1727 507 1753 hoc
526 1725 638 1753 mundo
658 1725 697 1752 ad
715 1729 892 1761 perpetuam
912 1725 1047 1757 gloriam.

353 1775 377 1801 1.
397 1774 523 1800 Sanctus
540 1771 673 1797 Thomas
687 1770 725 1797 de
738 1770 856 1803 Aquino
870 1770 984 1797 ordinis
996 1769 1237 1804 praedicatorum
1249 1769 1354 1797 doctor
1368 1770 1502 1803 egregins
1515 1769 1667 1798 nobilibus

276 1821 360 1844 ortus
379 1815 623 1851 progenitoribus
642 1815 791 1842 Landoll‘o
810 1819 895 1850 patre
914 1814 952 1841 de
971 1815 1062 1841 domo
1081 1823 1115 1842 ac
1133 1814 1243 1842 illustri
1262 1814 1403 1849 prosapia
1422 1814 1564 1841 comitum
1575 1814 1667 1848 Aqui-

276 1870 383 1887 norum
402 1860 571 1887 confinibus
591 1860 770 1894 Campaniae
789 1864 818 1887 et
838 1860 920 1891 regui
939 1858 1075 1891 Siciliae,
1102 1863 1196 1886 matre
1224 1859 1385 1886 Theodora
1412 1859 1449 1886 de
1472 1859 1667 1894 Neapolitana

277 1906 371 1940 stirpe
391 1909 518 1932 exeunte
538 1903 623 1930 duxit
643 1903 798 1936 originem.
836 1903 893 1938 Qui
912 1911 966 1937 per
984 1907 1119 1929 sanctum
1139 1903 1293 1929 eremitam
1307 1906 1423 1930 Bonum
1441 1903 1561 1930 nomine
1579 1905 1667 1931 matri

277 1959 348 1977 suae
375 1949 431 1976 suit
456 1949 683 1983 praenuntiatus
710 1958 746 1975 ex
773 1947 893 1974 nomine
920 1947 1087 1974 nasciturus
1111 1956 1235 1980 magnus
1263 1947 1292 1974 in
1318 1948 1406 1980 orbe,
1438 1952 1584 1981 mutusque
1610 1948 1667 1976 fuit

275 2004 355 2023 anno
375 1993 489 2021 domini
507 1996 678 2020 Mccxxv.
715 1992 768 2019 uic
787 1992 919 2019 existens
938 1991 1104 2019 infantulus
1131 2002 1197 2019 cum
1224 2002 1240 2019 a
1260 1992 1343 2020 cunis
1363 2001 1417 2027 pro
1437 1993 1546 2020 balneo
1566 1993 1666 2020 solvv-

275 2044 372 2072 retur,
391 2043 464 2066 nutu
485 2037 590 2065 divino
611 2037 775 2064 chartulam
795 2036 945 2070 qut-'uidam
965 2036 1045 2063 humi
1066 2038 1228 2070 jacentem,
1248 2036 1278 2063 in
1297 2047 1354 2070 qua
1374 2037 1513 2064 salutatio
1533 2038 1665 2070 angelica

274 2083 495 2115 continebatur,
515 2082 670 2109 brachium
689 2082 807 2109 nemine
827 2083 948 2119 juvante
968 2081 1133 2108 extendens
1153 2081 1279 2116 accepit,
1299 2081 1346 2108 cui
1364 2081 1416 2108 vix
1434 2086 1529 2109 mater
1551 2082 1666 2117 eripere

275 2128 384 2164 potuit.
420 2128 474 2155 Hic
500 2138 574 2164 puer
600 2127 731 2162 quinque
757 2136 901 2154 annorum
920 2127 1051 2154 existens
1079 2125 1187 2153 missus
1212 2126 1270 2154 suit
1295 2136 1311 2153 a
1339 2126 1514 2162 parentibus
1538 2127 1577 2154 ad
1602 2138 1666 2155 mo-

275 2173 438 2201 nasterium
456 2173 567 2201 montis
587 2173 701 2200 Cassini
721 2172 903 2199 erudiendus
928 2171 959 2198 in
983 2171 1088 2207 primis
1116 2170 1281 2198 litterarum
1308 2171 1464 2199 elementis
1484 2176 1513 2198 et
1533 2171 1666 2200 moribus

274 2218 459 2246 imbuendis.
496 2222 567 2246 Cum
586 2223 685 2245 autem
704 2222 821 2253 septem
840 2226 985 2244 annorum
1004 2220 1094 2249 esset,
1113 2216 1223 2244 missus
1243 2221 1287 2244 cst
1301 2217 1457 2252 Neapolim
1476 2216 1513 2243 ad
1533 2216 1665 2245 studium

274 2263 382 2290 artium
402 2263 580 2292 liberalium.
618 2262 676 2298 Qui
694 2267 777 2290 tanta
797 2262 950 2289 celeritate
969 2261 1112 2289 naturalis
1137 2261 1249 2294 ingenii
1275 2270 1379 2289 omnes
1405 2266 1483 2289 artes
1509 2261 1616 2289 didicit
1634 2263 1665 2289 in

274 2313 391 2343 septem
411 2317 555 2334 annorum
575 2307 673 2342 spatio
693 2311 722 2334 et
742 2307 928 2342 praecellens
956 2315 1059 2334 omnes
1086 2306 1205 2338 ingenio
1225 2310 1252 2333 el
1273 2306 1377 2334 labore
1396 2306 1509 2334 cunctis
1529 2311 1592 2334 erat
1610 2307 1664 2333 ad-

273 2352 431 2380 mirabilis.
478 2355 549 2379 Cum
574 2357 673 2379 autem
701 2356 781 2378 esset
807 2355 876 2379 XIV
903 2360 1065 2384 almorum,
1096 2351 1182 2383 virgo
1209 2351 1322 2379 electus
1348 2361 1364 2378 a
1392 2351 1514 2379 domino
1541 2351 1663 2380 intravit

274 2397 411 2425 ordinem
438 2396 672 2425 sacratissimum.
697 2396 823 2423 fratrum
848 2396 1098 2431 praedicatorum.
1143 2395 1196 2422 llic
1227 2395 1317 2423 etiam
1344 2396 1449 2424 eodem
1477 2405 1572 2430 anno,
1604 2406 1663 2432 quo

274 2442 397 2469 intravit
416 2441 568 2474 ordinem,
597 2451 664 2468 cum
682 2450 736 2476 per
753 2440 861 2468 fratres
881 2440 995 2468 ordinis
1018 2441 1166 2475 praedicti
1184 2440 1290 2468 suisset
1309 2444 1434 2468 Romam
1453 2442 1615 2477 perductus
1634 2447 1662 2470 et

274 2487 312 2513 de
340 2489 434 2514 Roma
459 2496 512 2521 per
538 2487 679 2513 Tusciam
707 2485 832 2513 Parisios
861 2485 1033 2519 (luceretur,
1067 2490 1100 2513 ut
1131 2496 1148 2512 a
1175 2485 1236 2513 suis
1263 2486 1451 2518 elongaretur
1477 2487 1662 2522 parentibus,

274 2535 377 2566 raptus
397 2535 425 2558 et
445 2536 549 2566 captus
567 2530 623 2557 fnit
643 2530 673 2557 in
692 2530 796 2558 itinere
817 2540 870 2565 per
888 2540 1043 2564 gennanos
1063 2539 1133 2558 suos
1153 2530 1286 2558 carnales
1313 2535 1342 2558 et
1367 2531 1398 2558 vi
1425 2532 1543 2560 ablatus
1561 2531 1661 2559 tratri-

275 2576 331 2603 bus
350 2580 379 2602 vt
398 2575 507 2603 missus
527 2576 565 2602 ad
584 2580 710 2603 matrem
730 2584 813 2603 suam
833 2575 862 2602 in
881 2580 979 2602 castro
997 2575 1108 2602 montis
1135 2575 1231 2603 sancti
1257 2575 1418 2609 Johaunis,
1444 2576 1495 2603 ubi
1521 2576 1660 2605 detentus

275 2624 302 2645 vt
324 2621 492 2648 custoditus
511 2625 539 2647 et
560 2621 678 2648 clausus
698 2620 728 2647 in
746 2630 862 2648 carcere
882 2620 965 2648 stetit
987 2620 1071 2654 quasi
1090 2620 1213 2647 biennio
1237 2620 1267 2647 in
1286 2621 1389 2648 habitu
1416 2621 1545 2653 ordinis,
1572 2631 1661 2655 quem

276 2670 441 2693 assumtum
458 2676 610 2699 :uinquam
629 2666 761 2693 deseruit
784 2675 839 2692 nec
866 2666 905 2693 ad
929 2665 1129 2693 deserendum
1152 2665 1341 2699 aliquatenus
1360 2665 1441 2693 flecti
1458 2665 1565 2700 potuit.
1602 2669 1660 2693 De—

277 2706 356 2735 ditus
385 2718 456 2736 veru
483 2710 597 2738 ibidem
624 2710 752 2739 orationi
780 2715 809 2739 et
833 2710 1081 2746 contemplationi
1107 2720 1140 2738 ac
1159 2711 1259 2740 studio
1279 2711 1489 2746 scripturarum
1510 2715 1660 2745 tamquam
