1742 3005
384 74 478 123 Cap.
512 73 559 110 ll.
627 73 685 110 De
716 81 844 110 sancto
877 73 1026 112 Andr-ea
1058 78 1249 125 apostolo.
1458 83 1507 120 17

119 176 267 223 gloriam
305 187 372 211 non
404 177 654 222 praedicarem.
704 178 836 213 Audire
864 187 884 212 a
910 182 942 213 te
976 178 1055 213 volo
1083 182 1282 224 mysterium
1307 186 1438 223 crucis.
1479 189 1506 220 si

120 241 209 276 sorte
235 241 359 276 credas
384 243 495 286 ipsum
522 244 677 288 agnitum
702 243 798 278 colas
826 248 862 277 ut
886 243 1044 279 salveris.
1073 244 1171 280 Tunc
1194 248 1309 292 coepit
1325 249 1356 282 ei
1377 254 1504 294 myste-

118 308 205 341 rium
237 306 461 342 redemtionis
487 307 641 353 pandere
668 313 703 343 et
727 318 829 354 quam
853 318 1042 355 congruum
1068 314 1102 344 et
1125 314 1360 348 necessarium
1387 314 1504 359 suerit,

118 373 269 417 quinque
296 373 490 408 rationibus
518 373 743 418 persuadere.
801 373 916 409 Prima
942 376 1032 408 ratio
1060 379 1125 417 est,
1153 376 1245 421 quod
1273 380 1356 423 quia
1375 382 1505 424 primus

116 436 218 471 homo
245 438 309 482 per
331 438 462 484 lignum
486 443 629 472 mortem
656 440 840 472 suscitavit
872 440 919 481 ¹),
948 449 1138 485 congruum
1165 441 1240 483 suit,
1266 448 1304 476 ut
1331 446 1505 481 secundus

117 513 193 537 eam
212 505 244 546 ²)
268 488 332 548 per
354 504 485 548 lignum
511 503 658 547 pelleret
681 503 858 547 patiendo.
897 503 1058 538 Secunda
1085 506 1177 550 quod
1205 509 1288 552 quia
1318 508 1360 543 de
1384 511 1504 546 imma-

115 568 233 602 culata
257 572 351 601 terra
378 567 489 601 sactus
516 567 631 602 fuerat
656 569 940 612 praevaricator,
985 579 1175 615 congruum
1202 571 1283 613 fuit,
1310 578 1347 607 ut
1373 574 1415 609 (le
1442 578 1503 610 iin-

116 632 289 666 maculata
311 636 514 667 nasceretur
539 634 674 678 virgine
701 633 954 668 reconciliator.
1021 634 1144 670 Tertia
1168 636 1260 682 quod
1287 640 1368 683 quia
1391 641 1501 676 Adam

115 697 160 731 ad
185 697 298 732 cibum
322 699 465 733 vetitum
489 699 743 733 incontinenter
765 708 885 733 manus
910 699 1116 734 extenderat
1145 703 1192 746 3)‚
1218 713 1407 749 congruum
1425 706 1501 748 fuit,

116 766 152 798 ut
178 762 351 798 secundus
374 762 486 798 Adam
511 764 545 797 in
570 773 671 798 cruce
698 765 938 798 immaculatas
966 775 1086 800 manus
1114 767 1330 804 extenderet.
1369 772 1501 811 Quarta

114 828 207 873 quod
232 830 314 873 quia
336 828 447 863 Adam
475 828 587 863 cibum
611 839 753 864 suavem
783 831 925 864 vetitum
949 835 1175 877 gustaverat,
1224 844 1413 881 congruum
1440 838 1504 873 suit

113 893 158 927 ad
179 892 257 935 hoc,
285 893 377 939 quod
403 895 611 928 contrarium
631 880 828 939 ‘pelleretur
850 898 1038 939 contrario,
1068 902 1104 931 ut
1128 898 1286 934 Christus
1304 911 1385 936 esca
1397 902 1501 938 fellea

112 959 299 995 cibaretur.
348 961 476 1001 Quinta
501 961 584 1005 quia
607 959 652 994 ad
677 959 742 994 hoc
768 960 861 1006 quod
888 960 1047 996 Christus
1072 963 1174 999 nobis
1200 975 1296 999 suam
1322 968 1498 1004 immorta-

110 1024 242 1060 litatem
267 1026 456 1067 conferret,
481 1035 670 1071 congruum
696 1025 772 1068 suit,
800 1031 836 1060 ut
859 1031 1012 1063 nostram
1035 1028 1103 1063 sibi
1129 1030 1376 1066 mortalitatem
1399 1044 1500 1069 assu-

110 1094 246 1125 meret..
303 1091 379 1126 Nisi
407 1093 495 1126 enim
530 1091 622 1126 Deus
658 1091 769 1126 factus
796 1092 923 1127 fuisset
949 1094 1128 1132 mortalis,
1181 1094 1282 1130 homo
1308 1107 1376 1131 non
1402 1099 1499 1135 lieret

110 1156 325 1191 Immortalis.
383 1157 480 1191 Tunc
505 1157 648 1203 Aegeas
674 1158 779 1192 dixit:
821 1157 908 1193 haec
934 1168 1024 1193 vana
1047 1161 1116 1194 tuis
1140 1171 1246 1195 narra
1268 1166 1302 1196 et
1327 1162 1409 1197 mihi
1435 1165 1498 1199 ob-

108 1224 266 1266 tempera
291 1222 428 1268 diisque
455 1223 752 1269 omnipotentibus
776 1224 945 1258 sacrifica.
1018 1224 1081 1259 Cui
1107 1214 1289 1262 Andreas:
1340 1232 1496 1275 omnipo-

109 1287 196 1321 tenti
220 1286 293 1322 Deo
317 1297 444 1334 agnum
468 1289 722 1323 immaculatum
748 1289 903 1334 quotidie
931 1289 1055 1330 offero,
1084 1292 1142 1335 qui
1168 1296 1351 1337 postquam
1377 1304 1398 1328 a
1422 1299 1495 1329 toto

110 1351 239 1396 populo
266 1358 440 1388 comestus
466 1353 590 1395 suerit,
619 1355 717 1388 vivus
746 1358 780 1388 et
805 1355 943 1399 integer
969 1360 1185 1398 perseverat.
1234 1357 1378 1403 Aegea,
1409 1371 1493 1405 quo-

109 1416 211 1450 modo
237 1416 302 1452 hoc
328 1418 447 1459 fieret,
494 1419 715 1463 requirente,
761 1418 849 1453 dixit
875 1419 1055 1454 Andreas:
1102 1425 1138 1455 ut
1163 1421 1308 1457 sormam
1333 1423 1494 1470 discipuli

108 1488 312 1518 assumeret.
375 1483 438 1517 Cui
461 1484 623 1529 Aegeas:
664 1494 731 1529 ego
757 1495 832 1518 cum
859 1486 1040 1519 tormentis
1066 1495 1087 1519 a
1111 1490 1143 1520 te
1170 1488 1307 1531 exigam
1332 1492 1381 1523 rei
1405 1494 1492 1524 noti-

106 1550 201 1583 tiam.
259 1549 447 1593 Iratusque
473 1549 582 1593 Jussit
614 1558 690 1583 eum
715 1550 750 1583 in
774 1558 915 1584 carcere
943 1550 1084 1584 recludi.
1134 1551 1239 1586 Mane
1267 1551 1358 1587 sacto
1384 1555 1493 1590 tribu-

105 1613 178 1647 nali
209 1615 346 1648 sistitur
379 1618 413 1649 et
451 1613 496 1648 ad
528 1615 699 1649 sacrificia
731 1614 913 1660 ydolorum
956 1616 1077 1650 iterum
1110 1617 1259 1651 invitare
1293 1621 1408 1663 coepit
1443 1621 1492 1655 di-

106 1688 210 1713 cens:
239 1680 307 1713 nisi
333 1678 415 1713 mihi
443 1678 760 1725 obtemperaveris,
788 1681 822 1714 in
852 1682 985 1724 ipsam,
1023 1691 1124 1726 quam
1150 1681 1324 1725 laudasti,
1359 1694 1492 1721 cruceni

107 1744 231 1779 faciam
253 1749 287 1780 te
311 1745 491 1797 suspendi.
541 1747 694 1792 Cumque
721 1748 753 1781 ei
777 1746 885 1780 multa
911 1746 1085 1790 supplicia
1107 1748 1316 1790 minaretur,
1346 1760 1490 1795 respon-

107 1810 175 1845 dit:
209 1810 379 1856 quidquid
401 1810 465 1845 tibi
491 1811 628 1847 videtur
652 1813 686 1847 in
711 1812 894 1856 suppliciis
919 1812 1031 1857 majus
1053 1814 1238 1859 excogita3
1276 1817 1373 1849 tanto
1403 1818 1489 1851 enim

105 1877 183 1922 regi
203 1886 279 1911 meo
305 1887 364 1911 ero
391 1878 588 1922 acceptior,
616 1882 746 1923 quanto
772 1878 871 1912 sucro
897 1888 960 1922 pro
985 1878 1121 1913 nomine
1148 1880 1224 1924 ejus
1251 1880 1286 1913 in
1312 1884 1491 1917 tormentis

104 1943 330 1977 constantior.
401 1941 498 1977 Tunc
531 1944 640 1989 jussit
675 1954 750 1978 cum
785 1955 806 1978 a
842 1944 966 1989 viginti
1002 1954 1069 1978 uno
1100 1943 1296 1979 hominihus
1332 1947 1431 1981 caedi
1458 1953 1492 1982 et

102 2017 242 2043 caesum
265 2008 422 2043 manibus
451 2012 486 2043 et
508 2008 656 2054 pedibus
681 2010 774 2043 cruci
799 2009 942 2055 alligari
966 2013 1001 2043 ut
1027 2012 1077 2044 sic
1098 2010 1293 2056 longiorem
1319 2013 1491 2057 reciperet

102 2074 302 2109 cruciatum.
351 2073 504 2119 Cumque
529 2074 713 2109 duceretur
732 2074 776 2109 ad
800 2085 956 2116 crucem,
996 2074 1108 2110 sactus
1135 2080 1189 2110 est
1210 2086 1398 2112 concursus
1426 2089 1489 2123 po-

103 2139 261 2184 pulorum
298 2139 500 2175 dicentium:
546 2141 711 2175 innocens
748 2142 894 2186 sanguis
930 2141 1007 2185 ejus
1037 2143 1113 2176 sine
1147 2152 1254 2176 causa
1294 2142 1487 2178 damnatur.

102 2202 196 2242 Quos
220 2208 336 2240 tamen
361 2207 503 2252 rogavit
528 2206 726 2250 apostolus,
751 2217 794 2241 ne
819 2217 917 2240 suum
941 2208 1131 2241 martirium
1158 2206 1379 2251 impedirent.
1430 2208 1487 2243 Vi-

102 2267 187 2302 dens
218 2273 333 2304 autem
366 2270 527 2306 Andreas
561 2271 714 2318 alonge
748 2281 883 2306 crucem
908 2272 1077 2306 salutavit
1101 2283 1176 2307 eam
1202 2272 1338 2307 dicens:
1387 2273 1485 2307 salve

101 2342 206 2375 crux,
241 2344 331 2378 quae
353 2337 388 2369 in
412 2346 559 2381 corpore
585 2336 715 2372 Christi
741 2338 903 2372 dedicata
928 2348 966 2372 es
992 2342 1027 2372 et
1052 2348 1094 2372 ex
1121 2338 1282 2372 membris
1308 2338 1383 2381 ejus
1409 2341 1485 2371 tan-

100 2407 203 2442 quam
239 2401 441 2445 margaritis
475 2406 612 2437 ornata.
684 2404 880 2450 Antequam
914 2404 950 2437 in
985 2406 1019 2436 te
1051 2401 1281 2450 adscenderet
1316 2400 1487 2440 dominus,

99 2464 255 2498 timorem
286 2469 460 2499 terrenum
484 2464 657 2501 habuisti:
693 2469 795 2502 modo
823 2478 905 2504 vero
934 2477 1086 2501 amorem
1113 2449 1301 2501 cibel-estem
1326 2464 1485 2501 obtinens

165 2586 193 2620 1)
210 2586 281 2619 Alii,
300 2587 481 2614 recentiores
501 2593 600 2615 tamen
619 2598 655 2615 ex
674 2589 772 2621 glossa
791 2590 839 2616 vel
860 2599 896 2616 ex
915 2588 1110 2623 sequentibus
1130 2588 1240 2621 legunt:
1261 2587 1483 2621 „intulerat

98 2641 117 2665 p
128 2631 308 2658 ruevaric
318 2641 362 2658 an
372 2631 392 2658 d
402 2640 419 2659 o
429 2634 455 2658 ‘¹.
515 2634 544 2666 2)
562 2633 623 2660 Alii
641 2633 771 2660 malunt:
791 2643 819 2660 m
829 2638 954 2661 ortem
973 2648 1004 2654 —
1023 2643 1087 2669 rep
1097 2643 1112 2661 e
1122 2634 1132 2660 l
1142 2634 1219 2661 lere
1229 2636 1249 2659 t.
1319 2632 1348 2664 3)
1367 2631 1483 2658 Verba-

99 2684 306 2708 congruum
327 2691 357 2696 —
377 2678 609 2705 extenderet
634 2679 710 2706 male
730 2678 839 2706 omittit
860 2678 936 2707 Edit.
962 2679 1067 2707 Dresd.
1087 2681 1168 2707 1472.

1171 2735 1193 2767 2
