1742 3005
167 53 260 101 Cap.
292 50 428 88 CXIX.
491 51 549 87 De
582 50 814 88 assumtione
843 51 976 89 heatae
1007 51 1151 90 Mariae
1182 52 1346 102 virginis.
1405 53 1486 94 505

101 166 266 190 annorum
291 155 371 191 XIV
396 159 430 191 et
455 157 488 190 iu
513 154 576 191 XV
602 157 715 201 ipsum
741 157 878 201 peperit
904 159 937 191 et
959 156 1043 190 vixit
1067 166 1140 191 cum
1161 167 1202 191 eo
1221 159 1320 193 annis
1339 158 1488 194 XXXIII

101 225 135 255 et
167 224 248 266 post
281 225 424 256 mortem
458 221 589 256 Christi
623 222 817 266 supervixit
850 221 963 256 XXIV
996 223 1099 258 ‚annis
1136 227 1170 258 et
1194 224 1383 258 secundum
1408 224 1488 267 hoc,

102 286 242 332 quando
275 287 380 329 obiit⁷
417 291 492 322 erat
525 297 691 321 annorum
726 286 866 321 LXXII.
915 286 1152 323 Probabiliter
1183 293 1298 324 tamen
1340 290 1488 331 videtur,

101 351 192 396 quod
218 352 303 386 alibi
328 353 476 399 legitur,
511 358 549 387 ut
572 353 636 387 XII
663 353 763 386 annis
788 351 860 386 filio
887 354 1122 396 supervixerit
1154 358 1188 388 et
1213 356 1265 388 sio
1289 365 1488 401 sexagena-

103 418 156 451 ria
181 419 228 451 sit
265 422 439 461 assumta,
477 429 551 453 cum
586 417 739 462 apostoli
766 416 910 451 totidem
937 419 1037 451 annis
1062 419 1345 462 praedicaverint
1370 422 1403 454 in
1428 421 1490 456 Ju-

101 481 192 517 daea
217 487 251 518 et
277 485 370 518 circa
394 487 513 528 partes
541 483 641 523 illas,
674 483 764 516 sicut
798 482 1038 516 ecclesiastica
1072 483 1181 517 tradit
1207 483 1377 528 hystoria.
1427 486 1491 521 Die

103 549 214 594 igitur
255 548 405 594 quadam
445 547 523 582 dum
568 548 602 581 in
649 546 710 580 filii
746 546 958 582 desiderium
994 558 1056 582 cor
1085 550 1234 595 virginis
1270 550 1494 586 vehementer

104 614 326 655 accenditur,
358 617 524 648 aestuans
559 614 693 647 animus
730 617 964 648 commovetur
996 618 1031 649 et
1066 616 1100 648 in
1134 617 1343 651 exteriorem
1385 617 1492 651 lacri-

106 689 233 713 marum
263 678 512 713 abundantiam
547 680 738 721 excitatur,
780 689 925 724 eumque
963 680 1008 714 ad
1050 684 1186 726 tempus
1224 682 1396 716 subtracti
1432 678 1494 716 filii

105 745 359 790 aequanimiter
385 756 453 779 non
478 744 588 779 serret
612 744 792 779 subtracta
818 745 968 788 solatia,
1002 756 1081 782 ecce
1109 747 1259 793 angelus
1286 758 1360 781 cuin
1387 748 1493 783 multo

102 809 230 845 lumine
255 810 367 845 eidem
392 810 530 845 adstitit
553 815 588 845 et
615 815 816 845 reverenter
841 815 962 855 utpote
993 813 1048 845 sui
1073 817 1216 847 matrem
1240 812 1370 847 domiui
1397 813 1493 848 salu-

103 877 202 911 tavit.
249 876 336 919 Ave,
363 877 486 921 inquit,
512 875 696 910 benedicta
715 875 830 910 Maria
857 877 1054 920 suscipiens
1080 877 1360 913 benedictionem
1386 879 1494 921 illius,

105 943 162 987 qui
180 941 357 976 mandavit
379 942 525 976 salutem
542 941 664 977 Jacob.
713 940 803 976 Ecce
821 945 934 976 autem
956 952 1085 977 ramum
1105 943 1244 989 palmae
1263 944 1306 980 de
1324 945 1494 990 paradiso

104 1007 150 1042 ad
182 1011 218 1043 te
251 1007 424 1042 dominam
460 1007 585 1050 attuli,
619 998 727 1052 quem¹
755 1011 836 1042 ante
868 1007 1032 1043 feretrum
1070 1013 1213 1054 portare
1239 1011 1387 1056 Jubeas‚
1420 1022 1495 1046 cum

107 1072 164 1108 die
188 1075 294 1108 tertia
318 1073 361 1108 de
385 1083 534 1118 corpore
559 1074 770 1116 assumeris,
804 1083 882 1107 nam
911 1078 991 1108 tuus
1022 1074 1113 1109 filius
1148 1080 1183 1110 te
1216 1081 1359 1111 matrem
1395 1087 1496 1112 reve-

106 1138 247 1174 rendam
273 1143 466 1184 exspectat.
516 1139 578 1173 Cui
603 1137 720 1173 Maria
745 1139 941 1184 respondit:
969 1140 999 1173 si
1025 1141 1138 1175 inveni
1163 1143 1314 1187 gratiam
1334 1144 1368 1176 in
1386 1143 1497 1177 oculis

105 1205 196 1247 tuis,
226 1204 389 1248 obsecro,
416 1208 453 1239 ut
477 1215 600 1239 nomen
624 1208 717 1238 tuum
744 1204 825 1238 mihi
851 1205 1010 1240 revelare
1039 1205 1210 1252 digneris,
1237 1208 1299 1243 sed
1325 1208 1390 1243 hoc
1416 1213 1498 1254 peto

107 1271 307 1313 instantius,
334 1274 372 1304 ut
395 1269 458 1304 filii
484 1274 518 1305 et
545 1270 672 1305 fratres
701 1271 767 1305 mei
793 1270 946 1315 apostoli
973 1271 1017 1305 ad
1044 1283 1097 1307 me
1122 1275 1254 1318 pariter
1277 1285 1500 1321 congregen-

107 1339 183 1379 tur,
216 1340 255 1370 ut
279 1346 362 1378 eos,
394 1339 577 1381 antequam
611 1337 761 1378 moriar,
793 1336 1039 1381 corporalibus
1076 1339 1187 1373 oculis
1221 1340 1356 1375 videam
1395 1344 1429 1375 et
1453 1340 1498 1375 ab

109 1402 153 1435 iis
194 1400 340 1446 sepeliri
378 1401 513 1436 valeam
558 1405 592 1436 et
632 1402 720 1446 ipsis
753 1403 1000 1446 praesentibus
1036 1405 1195 1449 spiritum
1231 1405 1306 1440 Deo
1341 1405 1498 1441 reddam.

109 1466 183 1501 Hoc
205 1468 328 1501 iterum
354 1470 437 1512 peto
464 1471 498 1502 et
522 1467 683 1508 obsecro,
709 1471 747 1501 ut
772 1468 886 1501 anima
905 1478 981 1502 mea
1001 1468 1045 1504 de
1063 1480 1210 1514 corpore
1232 1473 1353 1506 exieus
1370 1471 1500 1506 nullum

110 1534 268 1578 spiritum
292 1534 505 1567 teterrimum
530 1532 648 1568 videat
666 1532 832 1578 nullaque
852 1532 934 1567 mihi
955 1533 1132 1570 Sathanae
1151 1539 1310 1580 potestas
1329 1541 1498 1571 occurrat.

112 1598 175 1633 Cui
201 1598 368 1643 angelus:
410 1608 472 1633 cur
506 1599 600 1632 scire
634 1597 838 1641 desideras,
876 1598 1036 1643 domina,
1078 1611 1202 1637 nomen
1234 1613 1366 1644 meum,
1407 1602 1501 1648 quod

112 1663 320 1699 admirabile
346 1667 399 1698 est
421 1668 455 1700 et
480 1665 671 1710 magnum?
728 1663 816 1700 Ecce
858 1669 972 1700 autem
1013 1676 1132 1701 omnes
1168 1667 1212 1701 ad
1244 1672 1278 1703 te
1315 1669 1503 1713 ¹)veuient

112 1728 216 1764 hodie
242 1732 277 1764 et
301 1728 612 1776 congregabuntur
636 1731 811 1775 apostoli,
848 1732 907 1777 qui
935 1731 1074 1766 nobiles
1099 1733 1163 1766 tibi
1190 1733 1405 1768 exhibebunt
1440 1744 1503 1769 exe

114 1796 256 1841 sequias
282 1794 428 1838 funeris,
462 1799 497 1831 et
531 1797 565 1830 in
600 1806 717 1831 eorum
753 1801 944 1842 conspectu
977 1798 1138 1842 spiritum
1172 1798 1370 1834 exhalabis.
1417 1799 1503 1834 Nam

114 1862 173 1906 qui
207 1860 286 1895 olim
320 1861 527 1907 prophetam
555 1861 598 1898 (le
629 1861 765 1898 Judaea
796 1864 831 1896 in
858 1862 1070 1909 Babylonem
1105 1865 1139 1898 in
1172 1866 1267 1900 crine
1297 1865 1413 1900 attulit
1445 1876 1504 1901 su-

114 1925 201 1969 bito,
225 1927 303 1972 ipse
331 1927 453 1972 procul
474 1927 581 1962 dubio
599 1927 643 1962 ad
662 1931 697 1963 te
717 1928 900 1972 apostolos
921 1928 1098 1965 adducere
1116 1932 1247 1975 poterit
1267 1932 1300 1965 iu
1319 1935 1503 1966 momento.

115 1990 308 2036 Malignum
324 1995 439 2026 autem
460 1994 619 2037 spiritum
637 1992 757 2028 videre
775 2004 836 2027 cur
860 1996 1006 2037 metuis⁷
1031 2005 1104 2029 cum
1132 2000 1236 2040 caput
1262 2000 1339 2042 eJus
1365 1998 1503 2030 omnino

117 2056 323 2090 contriveris
348 2059 383 2090 et
407 2056 618 2101 spoliaveris
653 2058 766 2102 ipsum
798 2068 883 2093 suae
914 2061 1060 2103 imperio
1086 2062 1301 2103 potestatis?
1348 2060 1426 2095 Fiat
1450 2065 1505 2095 ta-

118 2131 195 2156 men
229 2120 390 2155 voluntas
421 2125 505 2163 tua,
541 2125 578 2155 ut
613 2122 710 2166 ipsos
743 2133 810 2156 non
849 2123 982 2158 videas.
1030 2123 1091 2158 His
1126 2124 1229 2160 dictis
1257 2125 1405 2172 augelus
1431 2137 1506 2160 cum

117 2186 224 2221 multo
259 2186 387 2221 lumine
418 2186 537 2221 coelos
571 2186 773 2230 adscendit,
808 2188 924 2233 palma
957 2192 1070 2224 autem
1107 2190 1168 2226 illa
1205 2192 1312 2226 nimia
1346 2191 1507 2227 claritate

120 2251 330 2296 splendebat
367 2255 402 2286 et
435 2255 511 2286 erat
541 2251 679 2298 quidem
713 2254 837 2299 virgae
866 2254 1044 2291 viriditate
1080 2257 1290 2300 consimilis,
1326 2257 1390 2292 sed
1422 2257 1509 2292 solia

120 2318 231 2362 ipsius
255 2320 294 2351 ut
318 2317 422 2352 stella
448 2319 617 2352 matutina
642 2317 837 2365 fulgebant.
884 2319 1027 2355 Factum
1073 2325 1126 2357 est
1161 2326 1298 2365 autem,
1337 2323 1416 2357 dum
1446 2322 1508 2358 Jo-

121 2382 255 2417 hannes
289 2384 323 2417 in
360 2381 502 2428 Epheso
537 2384 778 2428 praedicaret:
811 2385 945 2421 eoelum
980 2392 1123 2432 repente
1156 2389 1306 2423 intonuit
1334 2392 1368 2423 et
1399 2387 1509 2424 nubes

123 2448 272 2484 candida
304 2451 415 2494 ipsum
450 2449 592 2484 sustulit
626 2460 668 2484 ac
701 2454 836 2495 raptum
871 2455 950 2486 ante
983 2451 1121 2487 Mariae
1160 2454 1289 2498 januas
1325 2453 1512 2488 collocavit

123 2516 394 2561 percutiensque
419 2516 543 2549 ostium
570 2515 715 2550 interius
742 2517 897 2551 introivit
922 2527 962 2551 ae
989 2522 1190 2554 reverenter
1216 2521 1315 2567 virgo
1342 2520 1510 2565 virginem

192 2655 222 2687 l)
237 2655 369 2683 Verbum
390 2655 557 2683 venient
576 2661 663 2691 atque
684 2656 822 2691 copula-n·
845 2661 880 2684 et
908 2658 1049 2685 omittunt
1068 2660 1138 2686 fiee.
