1742 3005
228 144 308 182 248
457 146 555 194 Cap.
586 144 684 181 Lvl.
744 144 801 180 De
832 149 962 182 sancta
991 143 1112 181 Maria
1142 142 1386 194 AegyptIaca.

228 250 380 284 officium
406 250 483 294 eJus
508 249 626 290 sciret,
651 247 799 292 amplius
824 248 1017 283 mirabatur
1041 253 1075 284 et
1103 259 1141 284 se
1158 247 1321 283 benedici
1348 246 1510 281 obnixius
1536 256 1616 291 pre-

227 316 383 350 cabatur.
423 313 523 348 Tune
549 313 630 348 illa:
654 313 860 348 benedictus
880 314 975 349 Deus
997 313 1176 349 redemtor
1198 314 1388 348 animarum
1409 316 1618 346 nostrarum.

230 381 384 425 Cumque
410 379 473 413 illa
497 380 651 414 extensis
676 379 833 413 manibus
859 383 1001 422 oraret,
1033 378 1123 414 vidit
1151 389 1226 413 eam
1258 380 1360 424 quasi
1384 379 1485 412 unius
1513 376 1622 412 cubiti

229 457 393 480 mensura
429 445 560 479 elevari
593 455 614 479 a
647 449 754 480 terra.
816 444 916 479 Tune
949 455 1058 479 senex
1091 444 1254 480 dubitare
1294 446 1431 488 coepit,
1456 454 1499 478 ne
1531 443 1622 477 sorte

232 513 376 556 spiritus
403 514 499 546 esset
524 514 557 545 et
580 510 743 556 fingendo
772 511 966 545 orationem
998 510 1142 546 faceret.
1200 510 1263 545 Cui
1298 510 1376 544 illa:
1425 508 1625 542 satisfaciat

232 577 296 610 tibi
320 576 436 618 Deus,
464 577 521 621 qui
546 587 599 611 me
624 578 855 621 peccatricem
880 576 1060 611 mulierem
1086 575 1293 611 immundum
1318 576 1478 620 spiritum
1502 575 1624 609 existi-

233 643 346 676 masti.
397 641 496 676 Tune
520 641 790 676 Zosimasillam
817 653 879 687 per
899 641 1072 676 dominum
1097 643 1305 687 conjuravit,
1331 645 1368 675 ut
1391 641 1628 675 conditionem

234 717 332 742 suam
359 709 391 742 ci
413 718 559 741 narrare
585 707 741 742 deberet.
791 707 854 743 Cui
887 708 967 742 illa:
1002 709 1149 754 ignosce
1180 707 1284 749 milii,
1320 711 1440 752 pater,
1468 708 1570 751 quia,
1597 707 1630 740 si

234 773 299 807 tibi
333 777 459 807 statum
492 783 602 806 meum
634 782 847 814 narravero,
893 773 990 808 velut
1019 783 1041 807 a
1074 778 1239 817 serpente
1272 774 1416 808 territus
1446 773 1562 817 fugies
1597 775 1631 806 et

236 848 339 872 aures
371 843 452 873 tuae
478 848 498 872 a
529 838 750 871 sermonibus
777 839 862 872 meis
898 837 1225 871 eontaniinabnntm·
1255 842 1295 892 et
1327 842 1388 872 aer
1419 848 1441 871 a
1465 837 1631 871 sordibus

238 903 424 948 polluetur.
473 903 626 949 Cumque
652 903 712 938 ille
737 903 962 938 vehementer
985 904 1153 946 instaret,
1191 903 1302 938 dixit:
1328 914 1416 949 ego,
1444 902 1571 945 frater,
1596 904 1632 936 in

239 969 400 1014 Aegypto
425 973 508 1003 nata
530 979 624 1011 sum,
650 968 715 1004 XII
743 970 871 1003 aetatis
895 979 995 1003 meae
1021 979 1110 1003 anno
1135 969 1386 1004 Alexandriam
1410 971 1489 1004 veni
1514 968 1634 1014 ibique

238 1034 332 1070 XVII
366 1037 466 1069 annis
502 1034 644 1079 publice
680 1034 818 1068 libidini
844 1046 898 1069 me
925 1034 1062 1080 subjeci
1099 1039 1132 1069 et
1167 1035 1254 1069 nulli
1288 1035 1461 1069 ullatenus
1492 1045 1547 1069 me
1569 1045 1632 1069 ne-

239 1101 331 1145 gavi.
389 1099 471 1134 Cum
509 1104 625 1134 autem
662 1100 820 1134 homines
859 1102 1017 1146 regionis
1057 1101 1150 1134 illius
1188 1111 1251 1146 pro
1293 1100 1475 1136 adoranda
1513 1104 1637 1134 sancta

242 1175 344 1199 eruce
372 1165 640 1199 Hierosolimam
664 1165 933 1208 adscendercnt,
963 1168 1087 1212 rogavi
1111 1171 1248 1209 nautas,
1270 1171 1308 1200 ut
1333 1177 1386 1200 me
1413 1176 1529 1200 secum
1555 1167 1635 1200 mit-

238 1235 354 1265 terent
378 1231 565 1276 proticisci.
624 1230 707 1265 Cum
741 1241 825 1265 vero
862 1241 916 1265 me
952 1231 994 1265 de
1030 1231 1133 1265 naulo
1166 1233 1410 1277 requirerent,
1449 1231 1541 1265 dixi:
1567 1242 1637 1266 non

242 1296 368 1339 liabeo,
395 1297 538 1340 fratres,
563 1296 657 1330 aliud
679 1296 829 1339 naulum,
856 1295 920 1331 sed
946 1307 1008 1341 pro
1034 1297 1139 1330 naulo
1169 1308 1295 1342 corpus
1324 1298 1486 1334 habeatis
1514 1308 1637 1339 meum,

242 1364 363 1407 sicque
391 1367 588 1397 sumserunt
609 1373 662 1397 me
689 1366 722 1397 et
750 1373 877 1407 corpus
906 1373 1016 1397 meum
1042 1363 1138 1397 mulli
1163 1365 1280 1409 gratia
1304 1364 1512 1397 habuerunt.
1556 1362 1638 1397 Cum

243 1433 356 1461 autem
382 1428 651 1463 lherosolimam
677 1429 917 1473 pervenissem
953 1432 987 1463 et
1019 1439 1083 1473 pro
1111 1429 1293 1464 adoranda
1329 1439 1432 1463 cruce
1457 1439 1569 1474 usque
1596 1428 1641 1462 ad

244 1492 338 1527 sores
373 1494 546 1529 ecclcsiae
573 1505 649 1529 cum
674 1494 753 1529 aliis
781 1494 1022 1537 devenissem,
1061 1495 1178 1530 subito
1205 1499 1240 1529 et
1270 1493 1499 1529 invisibiliter
1522 1494 1640 1538 repul-

245 1569 316 1592 sam
343 1561 460 1604 patior
484 1571 548 1594 nee
576 1562 668 1594 intus
695 1562 826 1595 intrare
853 1562 1045 1605 permittor.
1094 1560 1220 1595 Iterum
1251 1565 1366 1595 autem
1390 1565 1496 1606 atque
1519 1561 1642 1595 iterum

244 1627 391 1671 perveni
411 1637 522 1671 usque
547 1626 593 1659 ad
618 1626 723 1660 limen
744 1627 875 1671 januae
903 1631 937 1662 et
960 1626 1076 1661 subito
1103 1627 1266 1672 injuriam
1285 1626 1447 1670 patiebar
1467 1625 1641 1671 repulsae.

249 1692 332 1727 Cum
360 1696 473 1726 tamen
505 1702 624 1725 omnes
646 1692 793 1726 liberum
819 1692 991 1726 haberent
1017 1692 1149 1727 aditum
1182 1704 1247 1727 nec
1278 1692 1423 1737 aliquod
1449 1693 1645 1726 invenirent

248 1758 549 1802 impedimentum,
592 1756 732 1791 rediens
762 1758 872 1802 igitur
897 1757 942 1790 ad
974 1769 1028 1791 me
1065 1762 1099 1792 et
1126 1759 1308 1803 cogitans,
1349 1757 1443 1803 quod
1468 1757 1536 1792 hoc
1561 1756 1646 1791 mihi

248 1823 292 1857 ob
318 1823 489 1858 scelerum
528 1834 682 1857 meorum
716 1824 963 1857 humanitatem
1000 1823 1197 1864 accideret,
1240 1827 1362 1867 peetus
1398 1834 1509 1857 meum
1544 1824 1647 1868 coepi

249 1889 408 1923 manibus
433 1889 593 1931 tundere,
623 1888 795 1934 lacrymas
821 1890 1059 1922 anun-issimas
1088 1888 1233 1923 sundere
1269 1892 1303 1923 et
1327 1897 1349 1922 a
1382 1887 1499 1922 cordis
1527 1889 1645 1921 intimo

249 1956 407 2001 graviter
431 1956 631 2000 suspirare,
672 1956 936 2000 respiciensque
962 1954 1032 1989 vidi
1059 1954 1108 1988 ibi
1136 1955 1322 1999 imaginem
1347 1953 1474 1988 beatae
1499 1954 1648 1999 virginis

248 2020 398 2055 Mariae.
449 2020 548 2055 Tune
574 2022 684 2065 ipsam
712 2020 988 2065 lacrymabiliter
1022 2030 1170 2054 exorare
1200 2021 1324 2064 coepi,
1362 2023 1398 2054 ut
1425 2023 1648 2063 peccatorum

251 2097 403 2120 meorum
440 2088 576 2121 veniam
609 2088 814 2132 impetraret
852 2091 885 2120 et
919 2085 963 2119 ad
996 2085 1212 2119 adorandam
1247 2095 1382 2119 crucem
1417 2088 1571 2118 sanctam
1596 2094 1650 2119 me

251 2154 382 2186 intrare
407 2153 644 2196 permitteret,
682 2153 887 2196 promittens
921 2162 975 2186 me
1011 2151 1153 2186 saeculo
1185 2150 1505 2185 abrenuntiaturam
1541 2154 1575 2184 et
1607 2149 1650 2184 de

251 2222 391 2251 caetero
420 2222 518 2252 caste
546 2228 754 2252 mansuram.
805 2218 957 2263 Cumque
977 2217 1045 2251 hoc
1071 2227 1228 2251 orassem
1255 2217 1341 2250 etin
1367 2217 1504 2249 nomine
1524 2215 1652 2250 beatae

255 2283 412 2327 virginis
438 2282 600 2317 fiduciam
635 2285 869 2328 recepissem,
910 2283 1006 2317 sores
1042 2283 1164 2317 iterum
1192 2282 1366 2316 ecclesiae
1401 2281 1475 2315 adii
1511 2285 1543 2315 et
1576 2281 1652 2314 sine

253 2348 370 2393 aliquo
397 2347 643 2392 impedimento
671 2349 856 2383 ecclesiam
886 2349 1024 2382 intravi.
1076 2348 1158 2382 Cum
1195 2353 1307 2382 autem
1334 2352 1490 2382 sanctam
1517 2356 1652 2381 erucem

255 2412 482 2447 devotissime
510 2413 728 2454 adorassem,
755 2414 895 2459 quidam
921 2413 1004 2446 milii
1027 2417 1098 2447 trcs
1121 2425 1274 2448 nummos
1294 2413 1429 2456 tribuit,
1459 2412 1501 2448 de
1529 2411 1653 2458 quibus

258 2485 325 2512 trcs
361 2489 469 2523 panes
509 2480 593 2522 emi,
645 2478 833 2524 audivique
873 2490 990 2514 vocem
1026 2479 1199 2514 diccntcm
1241 2478 1345 2513 milii:
1397 2480 1427 2513 si
1466 2477 1654 2514 Jordanem

259 2546 461 2586 transieris,
488 2544 589 2578 salva
615 2546 697 2578 cris.
748 2544 936 2580 Jordanem
964 2547 1072 2591 igitur
1098 2546 1244 2580 transivi
1270 2549 1304 2579 et
1329 2546 1363 2579 in
1387 2543 1455 2578 hoc
1479 2543 1655 2577 desertum

262 2612 359 2651 xcni,
395 2610 452 2643 ubi
481 2609 606 2644 XLVII
633 2611 734 2644 anilis
760 2611 888 2645 nullum
915 2613 1056 2656 penitus
1092 2611 1263 2645 hominem
1292 2609 1411 2644 videns
1436 2608 1565 2650 mansi,
1604 2607 1654 2641 illi

259 2679 371 2707 auu-m
401 2680 472 2709 tres
500 2686 630 2720 panes,
671 2687 758 2721 quos
788 2687 917 2711 mecum
949 2676 1080 2719 (tetuli,
1124 2678 1232 2710 instar
1258 2673 1385 2718 lapidis
1413 2684 1475 2719 per
1501 2677 1656 2718 tempora

261 2742 471 2774 (iuraverunt
508 2745 538 2773 ct
573 2740 697 2775 XLVII
741 2743 840 2776 annis
884 2740 966 2776 mihi
1003 2752 1044 2776 ex
1093 2741 1145 2774 his
1183 2739 1395 2774 roim-dendo
1433 2739 1654 2774 suffecerunt,
