1742 3005
239 106 321 145 854
445 108 540 152 (ap.
576 101 801 137 CLXXXH.
860 101 917 136 Dc
958 99 1199 136 dedicatione
1231 101 1429 137 ecclesiae.

243 222 285 245 ne
311 209 447 243 scilicet
474 216 615 250 regnum
643 205 685 238 ad
714 204 867 239 Roboarn
895 204 1036 238 rediret.
1085 204 1152 238 Per
1177 204 1243 237 lioc
1268 206 1506 250 significatur,
1537 208 1627 252 quod

241 274 391 308 avaritia
415 272 616 305 clericorum
648 271 786 304 inultum
815 270 997 303 ecclesiam
1027 269 1088 303 Dei
1117 271 1339 311 coiuaniinat,
1368 280 1457 315 quae
1483 274 1515 305 in
1542 275 1628 317 ipsis

241 339 380 372 clericis
407 337 546 371 multum
572 340 717 381 regnat,
751 335 877 370 Jerem.
905 334 968 370 W:
1004 346 1024 368 a
1056 336 1193 369 minimo
1226 345 1335 380 usque
1368 335 1412 368 ad
1448 339 1627 371 niaximum

242 413 360 437 omnes
388 403 569 436 avaritiam
597 405 800 446 sequuntur,
829 400 1047 434 Bernardus:
1076 411 1174 445 quem
1192 399 1293 434 dabis
1313 400 1393 433 milii
1420 400 1464 435 de
1489 412 1630 437 nurnero

242 468 499 513 praelatorum,
535 469 593 513 qui
627 479 692 501 non
729 468 841 512 magis
871 466 1032 512 invigilet
1056 465 1273 500 subditorum
1301 467 1513 500 evacuandis
1539 478 1631 502 mar-

243 536 354 579 supiis
395 544 494 579 quam
530 535 623 567 vitiis
663 532 929 577 exstirpandis?
984 531 1093 567 vitun
1135 536 1216 565 sunt
1257 531 1433 576 nepotuli,
1476 543 1562 577 quos
1599 535 1631 567 in

244 600 386 641 Bedrel,
423 599 457 633 id
493 605 547 633 est
578 599 677 633 domo
717 599 800 639 Dei,
837 601 979 642 ponunt.
1029 596 1190 632 Ecclesia
1221 599 1324 632 etiam
1355 609 1417 642 per
1446 597 1633 632 Jerobeam

245 664 472 710 profanatur,
515 666 545 698 si
584 675 627 699 ex
660 665 811 697 avaritia
844 664 1081 697 usurariorum
1122 664 1173 697 vel
1206 668 1381 708 raptorum
1415 664 1633 698 aedificatur.

247 730 340 765 Unde
369 730 522 775 legitur,
552 729 665 774 qnod,
705 739 777 763 enm
807 727 945 772 qnidam
975 730 1157 762 usurarius
1184 728 1365 762 ecclesiam
1393 722 1564 773 quandam
1591 729 1634 764 de

247 798 380 841 rapinis
415 800 448 830 ct
484 797 599 829 usuris
636 794 910 834 construxisset,
952 794 1155 837 episcopum
1195 793 1238 826 ad
1272 794 1347 838 ejus
1380 794 1633 829 dedicationem

246 864 361 896 multis
398 861 562 907 precibus
595 861 767 894 invitavit.
827 860 910 893 (luxu
951 860 1060 903 igitur
1098 861 1286 904 episcopus
1327 869 1400 892 cum
1442 870 1504 893 suo
1541 861 1634 895 clero

248 927 400 962 ol‘ticium
437 927 714 961 consociationis
748 929 889 970 ageret,
925 925 1012 957 vidit
1037 929 1117 968 post
1141 925 1251 959 altare
1279 924 1461 968 dyabolum
1489 929 1635 960 stantem

248 997 281 1028 iu
308 993 474 1027 cathedra
500 993 532 1025 iu
561 991 680 1025 habitu
708 989 915 1035 episcopali.
965 990 1030 1029 Qui
1056 990 1143 1024 dixit
1170 993 1358 1035 cpiscopo3
1394 1001 1500 1035 quare
1527 991 1637 1026 eccle-

247 1061 332 1093 siam
367 1068 474 1092 meam
511 1066 722 1097 consecras,
768 1066 870 1090 cessa
903 1057 994 1101 jam,
1041 1058 1122 1101 quia
1165 1057 1209 1090 ad
1243 1068 1295 1091 me
1328 1058 1404 1102 ejus
1434 1057 1637 1102 jurisdictio

247 1126 415 1169 pertinet,
453 1125 535 1168 quia
570 1122 612 1155 de
650 1121 766 1154 usuris
794 1125 828 1154 et
853 1123 985 1166 rapinis
1012 1122 1197 1156 aedificata
1224 1127 1288 1156 est.
1340 1123 1421 1156 Cum
1449 1133 1533 1168 ergo
1561 1124 1637 1167 epi-

246 1201 372 1234 scopus
400 1188 479 1222 inde
513 1198 586 1222 cum
612 1187 749 1220 clericis
774 1189 919 1220 territus
946 1187 1104 1232 sugeret,
1132 1188 1303 1231 dyabolus
1331 1190 1494 1222 continuo
1527 1190 1636 1232 ipsam

245 1256 427 1290 ecclesiam
459 1266 533 1288 cuni
560 1253 689 1299 grandi
718 1254 866 1296 strepitu
895 1252 1083 1290 destruxit.
1130 1252 1372 1286 Nabuzardam
1402 1258 1514 1288 autem
1543 1256 1637 1287 simi-

246 1324 342 1364 liter,
371 1326 408 1355 ut
425 1322 555 1365 legitur
571 1319 626 1355 lv.
647 1319 734 1364 Reg.
757 1318 874 1360 XXV,
903 1318 1037 1352 demum
1060 1319 1122 1353 Dei
1143 1318 1346 1352 combussit.
1395 1318 1637 1354 Nahuzartlam

246 1392 358 1422 autem
392 1388 554 1431 princeps
589 1395 776 1430 coquorum
811 1384 989 1430 significat
1026 1385 1128 1425 illos,
1174 1386 1231 1430 qui
1272 1384 1378 1429 gulae
1411 1389 1445 1419 et
1479 1384 1637 1419 luxuriae

249 1454 356 1488 dediti
394 1457 492 1494 sunt,
537 1453 593 1497 qui
629 1451 672 1484 de
711 1455 829 1484 ventre
861 1461 924 1484 suo
960 1450 1066 1484 Deum
1102 1461 1198 1484 suum
1237 1450 1415 1492 feceruut,
1452 1450 1639 1484 secundum

250 1519 341 1564 quod
368 1519 453 1551 dicit
479 1518 680 1562 apostolus:
715 1527 858 1561 quornm
887 1517 977 1550 lleus
1005 1510 1126 1550 venter
1151 1520 1204 1550 est
1230 1521 1294 1552 etc.
1344 1517 1502 1556 Qualiter
1527 1521 1640 1551 autem

250 1589 370 1618 venter
406 1584 498 1617 Deus
534 1583 689 1624 dicatur,
734 1582 889 1615 ostendit
933 1581 1033 1626 Hugo
1079 1581 1123 1616 de
1166 1587 1286 1617 sancto
1326 1582 1464 1617 Victore
1505 1584 1538 1615 in
1576 1592 1640 1616 suo

248 1649 431 1684 claustrali
465 1650 603 1682 dicens:
638 1648 752 1681 solent
783 1647 857 1680 Diis
895 1648 1024 1692 templa
1057 1650 1232 1690 construi,
1277 1648 1405 1682 altaria
1432 1649 1544 1693 erigi,
1580 1649 1641 1681 mi-

249 1717 350 1750 nistri
379 1715 422 1749 ad
449 1713 670 1748 serviendum!
699 1713 867 1752 ordinari,
898 1714 1067 1747 immolari
1094 1714 1263 1758 pecudes,
1288 1714 1392 1748 thura
1412 1715 1639 1748 concremari.

250 1782 322 1816 Deo
355 1780 526 1825 siquidem
555 1781 664 1814 ventri
695 1778 855 1823 templum
883 1784 936 1813 est
961 1781 1128 1824 coquina,
1166 1780 1278 1814 altare
1314 1791 1454 1822 mensa,
1493 1780 1641 1813 ministri

250 1848 373 1891 coqui,
412 1845 590 1878 immolare
626 1845 777 1889 pecudes
813 1855 936 1878 carnes
964 1850 1104 1886 coctae,
1153 1846 1262 1878 snmus
1296 1847 1514 1879 incensorum
1554 1844 1642 1878 odor

252 1922 426 1956 saporum.
486 1910 557 1943 Rex
594 1910 810 1951 Antiochus,
853 1911 908 1953 qui
945 1910 1010 1942 suit
1044 1910 1318 1953 superbissimus
1353 1914 1386 1944 et
1421 1910 1640 1950 ambitiosus,

249 1979 383 2011 domum
410 1976 472 2010 Dei
500 1975 624 2019 polluit
650 1980 681 2009 et
709 1976 920 2019 profanavit,
947 1978 1037 2009 sleut
1062 1976 1194 2019 legitur
1219 1975 1242 2009 Ι.
1265 1975 1376 2012 Mace.
1402 1975 1433 2009 l:
1460 1986 1521 2019 per
1541 1985 1639 2020 quern

249 2042 486 2085 significatur,
515 2042 607 2085 qnod
634 2041 802 2084 superbia
829 2045 862 2074 ct
887 2041 1052 2082 ambitio,
1083 2052 1172 2085 qnae
1202 2043 1320 2086 vigent
1347 2042 1379 2074 in
1406 2041 1557 2081 clericis,
1585 2042 1643 2085 qni

250 2118 315 2140 non
342 2110 510 2150 appetunt
534 2105 725 2150 prodesse,
760 2106 823 2140 sed
849 2114 1038 2150 praeesse,
1076 2106 1214 2140 mullum
1249 2106 1433 2141 ecclesiam
1460 2106 1522 2140 Dei
1560 2116 1642 2139 coin

252 2174 406 2207 taminat.
456 2172 504 2206 De
533 2183 675 2216 (piorum
703 2172 857 2215 superba
889 2172 1079 2206 ambitione
1115 2172 1199 2206 dicit
1229 2172 1446 2206 Bernardus:
1482 2171 1642 2205 honorati

253 2238 417 2272 incedunt
442 2237 483 2270 de
510 2236 612 2270 bonis
640 2238 791 2279 domini,
820 2239 871 2271 cui
896 2242 1008 2272 tamen
1029 2238 1167 2271 domino
1191 2237 1354 2271 honorem
1376 2248 1442 2271 non
1464 2236 1641 2279 deserunt,

252 2304 330 2338 inde
354 2303 421 2340 liis.
451 2313 548 2347 quem
576 2303 732 2347 qnotidie
756 2303 865 2345 vides,
886 2305 1101 2338 nwrctricius
1119 2305 1221 2343 nitor,
1243 2303 1468 2337 histrionicus
1488 2302 1642 2347 habitus,

254 2371 372 2413 regius
411 2373 622 2412 apparatus,
669 2379 788 2402 aurum
825 2371 858 2403 in
896 2370 1003 2403 irenis
1039 2374 1072 2403 et
1111 2370 1209 2404 sellis
1243 2374 1276 2404 ct
1312 2369 1530 2410 calcaribus,
1566 2368 1643 2412 plus

253 2435 407 2468 calcaria
434 2444 534 2479 qnam
561 2434 688 2467 altaria
716 2435 871 2480 l'nlgent,
906 2439 939 2470 et
973 2437 1063 2470 sit-ut
1097 2446 1161 2480 per
1185 2439 1257 2470 tres
1284 2435 1471 2480 profanata
1497 2435 1641 2474 exstitit,

256 2502 304 2533 ita.
341 2511 404 2544 per
437 2500 527 2533 alios
564 2504 635 2533 tres
663 2499 884 2535 d‹=di‹·ata·et
909 2506 1115 2535 consecrata
1142 2501 1216 2535 l'uit.
1267 2500 1528 2535 Dedicationem
1554 2499 1640 2532 enim

257 2567 365 2607 primo
400 2566 483 2599 fecit
515 2565 677 2610 Moyses,
713 2566 866 2600 secundo
900 2567 1084 2610 Salomon,
1117 2568 1220 2601 tertio
1254 2566 1365 2601 Judas
1391 2563 1641 2604 Maccabaeus3

258 2640 321 2672 per
344 2630 433 2674 quod
461 2633 667 2668 insinnatur,
695 2632 784 2677 quod
814 2633 844 2666 in
875 2632 1096 2668 dedicatione
1123 2632 1296 2667 ecclesiae
1322 2631 1484 2666 debemus
1512 2628 1642 2664 lialiere
