1742 3005
321 85 417 134 Cap.
450 84 588 120 LXlll.
646 85 704 122 De
735 93 864 122 sancto
897 86 1008 123 Petro
1049 88 1213 125 martire.
1382 89 1463 127 289

71 189 172 224 llexis
199 187 350 234 genibus
378 198 420 223 ac
445 190 476 223 si
502 190 788 234 praesentialiter
814 201 930 226 eoram
958 191 1077 226 tumba
1110 193 1288 237 adstaret,
1327 194 1459 239 psalte-

70 256 157 289 rium
182 264 257 289 cum
284 253 474 289 devotione
499 256 648 290 maxima
674 260 781 290 totum
808 256 918 302 legit.
947 269 1015 303 quo
1043 258 1181 303 expleto
1208 258 1251 293 ab
1279 259 1340 293 illa
1363 259 1460 294 infir-

69 322 222 355 matione
246 319 335 354 adeo
364 319 548 355 liberatam
573 331 612 355 se
638 323 770 363 sensit,
807 327 844 356 ut
865 324 938 367 jam
962 323 1045 357 inde
1072 323 1241 357 modicum
1267 325 1349 369 quid
1378 336 1458 361 sen-

67 388 161 421 tiret.
209 385 363 421 Rediens
388 396 471 421 vero
498 397 539 421 eo
568 386 692 429 modo,
731 398 798 432 quo
825 389 958 428 iverat,
993 393 1176 433 antequam
1212 400 1331 424 omnes
1361 390 1459 426 diae-

67 456 122 486 tas
147 438 384 496 explevisset,
420 453 559 496 penitus
584 455 639 486 est
663 456 798 486 sanata.
824 472 867 476 -
891 473 934 477 —-
959 474 1001 477 —-
1046 456 1138 491 20.
1163 453 1225 487 vir
1252 455 1390 499 quidam
1417 456 1459 490 de

68 517 258 562 Canapicio
286 516 329 551 de
356 516 440 551 villa
465 516 619 551 Mazzati
645 518 784 550 nomine
810 516 951 551 Rufinus
976 528 1118 563 gravem
1148 518 1250 553 valde
1276 520 1456 555 infirmita-

66 587 134 617 tem
161 583 327 624 incurrit,
354 591 432 615 nam
455 590 545 615 vena
568 580 681 615 fracta
708 582 742 615 in
769 581 996 617 inferioribus
1019 583 1178 628 partibus
1206 587 1361 619 anterius
1382 589 1458 621 sine

65 650 264 683 cessatione
287 647 491 692 sanguinem
517 646 716 689 emittebat,
750 647 843 692 quod
875 657 895 681 a
927 648 1022 687 nullo
1051 649 1187 684 medico
1215 650 1359 695 aliquod
1388 652 1457 686 sibi

64 712 253 749 remedium
286 714 425 757 poterat
458 710 633 746 adhiberi.
689 713 773 747 Cum
805 723 891 758 ergo
925 715 1071 759 sanguis
1104 725 1168 759 per
1199 726 1262 750 sex
1304 717 1380 752 dies
1424 724 1457 753 et

63 783 183 813 noctes
211 778 374 812 continue
398 777 616 819 effluxisset,
651 777 710 812 ille
739 777 877 812 beatum
907 778 1044 813 Petrum
1069 779 1194 815 devote
1219 783 1254 815 in
1278 784 1332 816 sui
1356 786 1456 818 auxi-

62 845 144 879 lium
171 844 365 885 invocavit,
400 844 460 888 qui
492 846 562 876 tam
598 842 714 876 subito
742 848 886 877 sanatus
913 848 986 885 est,
1023 849 1060 877 ut
1086 846 1174 879 inter
1200 847 1346 882 effusam
1372 860 1453 884 ora-

61 911 190 944 tionem
225 913 261 944 et
296 912 473 953 receptam
507 907 751 942 liberationem
789 908 919 942 nullum
954 919 1065 953 paene
1091 909 1197 944 suerit
1222 913 1450 948 intervallum.

11 998 14 1000 v
62 975 145 1009 Cum
169 978 283 1009 autem
311 984 349 1009 se
374 975 495 1019 sopori
522 973 691 1015 dedisset,
716 973 803 1007 vidit
828 973 999 1019 quendam
1020 975 1161 1010 fratrem
1186 977 1221 1011 in
1248 977 1370 1013 habitu
1396 991 1453 1013 or-

61 1040 154 1075 dinis
189 1039 332 1074 fratrum
365 1039 646 1085 praedicatorum
679 1050 841 1084 grossum
879 1043 983 1084 atque
1022 1040 1112 1076 facie
1148 1041 1314 1086 brunum,
1351 1056 1451 1089 quem

59 1107 192 1140 socium
215 1105 310 1140 beati
333 1105 429 1140 Petri
452 1107 604 1140 martiris
631 1104 871 1146 existimabat,
906 1106 999 1139 sicut
1032 1117 1112 1141 vere
1146 1111 1179 1141 et
1212 1108 1292 1142 talis
1320 1109 1451 1144 formae

58 1172 254 1206 exstiterat.
304 1170 371 1210 Qui
403 1181 479 1205 cum
514 1171 731 1215 expansione
756 1170 890 1215 palmas
916 1171 1038 1215 plenas
1062 1174 1235 1217 sanguine
1260 1184 1333 1207 cum
1361 1187 1448 1220 quo-

58 1236 137 1271 dam
162 1238 263 1272 suavi
287 1240 464 1283 unguento
491 1235 605 1271 eidem
633 1235 806 1270 offerebat
829 1235 967 1270 dicens:
1006 1239 1152 1282 sanguis
1185 1238 1299 1273 adhue
1327 1251 1449 1275 reeens

60 1306 136 1344 est,
162 1303 242 1337 veni
265 1303 374 1348 igitur
400 1301 445 1335 ad
471 1306 647 1336 recentem
672 1303 877 1346 sanguinem
902 1303 1013 1335 sancti
1035 1301 1140 1336 Petri.
1191 1303 1257 1342 Qui
1273 1306 1447 1350 evigilans

57 1368 279 1412 sepulchrum
304 1368 417 1401 sancti
440 1367 535 1401 Petri
556 1368 679 1400 statuit
704 1368 858 1401 visitare.
881 1388 923 1391 —
949 1388 992 1392 —
1017 1388 1059 1392 —
1084 1371 1156 1405 zi.
1183 1368 1360 1408 Quaedam
1386 1382 1445 1405 eo-

57 1435 213 1469 mitissae
239 1433 282 1468 de
307 1437 424 1468 castro
450 1431 616 1476 Massyno
640 1431 833 1476 Ypozensis
857 1432 1017 1477 dyocesis
1050 1444 1123 1466 cum
1159 1435 1192 1467 in
1217 1434 1356 1469 beatum
1380 1436 1444 1470 Pe-

0 1481 2 1543 :
56 1504 144 1533 trum
179 1499 367 1544 specialem
401 1497 621 1532 devotionem
657 1496 827 1532 haberent
864 1502 898 1532 et
932 1499 1009 1542 ejus
1043 1499 1200 1543 vigiliam
1231 1500 1445 1544 jejunarent.

28 1575 131 1599 ‘eum
165 1564 209 1599 ad
247 1575 346 1599 suam
377 1563 585 1605 ecclesiam,
619 1566 657 1597 ut
679 1562 841 1597 audirent
865 1573 1053 1608 vesperas,
1087 1565 1344 1608 accessissent,
1377 1577 1445 1601 una

54 1640 173 1664 earum
208 1630 388 1665 candelam
420 1629 594 1675 quandam
626 1630 659 1662 in
695 1628 862 1664 honorem
896 1629 1009 1662 sancti
1038 1628 1133 1663 Petri
1172 1632 1325 1664 martiris
1363 1637 1443 1666 ante

54 1696 227 1741 quoddam
262 1696 375 1730 altare
409 1696 506 1730 beati
536 1694 632 1730 Petri
669 1694 823 1739 apostoli
859 1696 978 1738 posuit
1016 1694 1296 1730 eomlmrendam.
1347 1697 1444 1736 Quae

53 1771 128 1795 cum
154 1761 289 1796 domum
315 1761 520 1803 rediissent,
546 1760 713 1795 sacerdos
740 1761 891 1793 avaritia
911 1760 1034 1794 ductus
1063 1762 1097 1794 in
1125 1762 1235 1806 ipsam
1264 1763 1442 1798 candelam

52 1827 200 1862 sufflans
224 1837 300 1862 eam
326 1827 512 1869 exstinxit,
546 1826 611 1861 sed
645 1836 725 1860 mox
758 1825 873 1860 lumen
909 1826 1013 1860 rediit
1045 1830 1080 1861 et
1108 1826 1221 1861 denuo
1247 1829 1357 1872 ipsam
1383 1840 1442 1864 at·-

51 1891 180 1928 cendit.
229 1891 391 1928 Secundo
429 1896 464 1927 et
494 1893 601 1927 tertie
635 1901 711 1926 eam
746 1893 972 1938 exstinguere
997 1892 1129 1934 voluit,
1163 1893 1226 1927 sed
1260 1893 1373 1929 lumen
1406 1901 1443 1929 ut

52 1958 150 2002 prius
185 1957 301 1992 rediit.
347 1956 447 1992 Unde
482 1956 602 1992 taedio
639 1957 786 1991 affectus
819 1956 961 1991 chorum
988 1959 1129 1992 intravit
1165 1963 1200 1993 et
1223 1964 1303 1994 ante
1329 1961 1441 2004 majus

51 2022 162 2056 altare
187 2021 292 2056 aliam
316 2021 497 2056 candelam
524 2023 667 2064 invenit,
693 2032 794 2068 quam
817 2023 963 2057 clericus
988 2024 1020 2057 in
1048 2023 1212 2058 honorem
1238 2022 1352 2057 saneti
1376 2025 1441 2059 Pe-

51 2088 96 2122 tri
123 2091 309 2132 posuerat,
335 2088 395 2132 qui
417 2070 494 2132 ejus
519 2087 675 2132 vigiliam
699 2087 861 2121 similiter
881 2088 1078 2132 jejunabat.
1129 2088 1235 2127 Quam
1272 2089 1440 2123 sacerdos

50 2152 105 2187 bis
131 2154 356 2199 exstinguere
384 2152 517 2194 voluit,
552 2152 617 2187 sed
651 2153 818 2197 nequivit.
868 2152 967 2192 Quod
1000 2152 1122 2186 videns
1156 2152 1303 2188 clericus
1329 2156 1438 2189 iratus

50 2218 157 2252 dixit:
184 2218 346 2263 dyabole‚
371 2222 531 2263 apertum
555 2218 755 2252 miraculum
783 2228 852 2252 non
878 2217 1004 2251 videtis
1033 2222 1066 2253 et
1090 2218 1184 2263 quod
1210 2224 1351 2254 sanctus
1374 2220 1437 2256 Pe-

49 2287 124 2317 trus
156 2293 226 2316 non
254 2283 347 2326 vult,
383 2287 420 2318 ut
454 2294 551 2319 suam
589 2284 822 2329 exstinguatis
855 2283 1067 2317 candelam?
1115 2284 1248 2319 Tei-riti
1272 2287 1381 2330 igitur
1406 2291 1439 2320 et

50 2351 231 2392 stupentes
258 2347 427 2383 sacerdos
452 2353 488 2383 et
513 2349 662 2384 clericus
686 2353 837 2383 castrum
864 2348 1121 2384 adscenderunt
1154 2354 1187 2383 et
1221 2350 1438 2394 praedictum

50 2413 252 2447 miraculum
275 2412 434 2447 omnibus
458 2418 699 2448 narraverunt.
726 2434 768 2438 -—
794 2434 837 2438 ——
862 2434 904 2438 -—
938 2417 1016 2450 22.
1054 2413 1115 2447 Vir
1137 2413 1275 2458 quidam
1300 2417 1438 2450 nomine

49 2477 149 2513 Roba
186 2477 229 2513 de
262 2478 371 2513 Meda
403 2488 478 2512 cum
512 2488 623 2523 usque
660 2478 704 2512 ad
736 2482 852 2512 vestes
886 2479 920 2511 in
950 2477 1043 2511 ludis
1070 2479 1186 2512 omnia
1210 2478 1435 2522 perdidisset,

51 2541 189 2577 domum
215 2545 249 2577 in
279 2554 358 2577 sero
386 2543 526 2578 rediens
553 2554 628 2577 cum
653 2543 797 2576 lucerna
831 2552 982 2576 accensa
1013 2543 1139 2576 lectum
1167 2532 1262 2577 suum
1289 2545 1376 2579 adiit
1403 2551 1436 2580 et

48 2607 170 2642 videns
194 2618 233 2643 se
262 2613 331 2643 tam
357 2609 444 2643 viles
472 2618 605 2653 pannos
632 2607 763 2641 habere
797 2612 830 2641 et
857 2618 895 2641 se
928 2611 1058 2642 tantum
1084 2610 1245 2644 amisisse
1269 2610 1433 2645 couside-

47 2681 128 2708 rans
153 2683 239 2718 prae
264 2675 369 2708 nimia
396 2673 643 2719 desperatione
669 2674 785 2717 coepit
812 2672 1000 2708 daemones
1022 2676 1186 2710 invocare
1202 2685 1242 2709 ac
1257 2685 1295 2711 se
1311 2675 1434 2710 iisdem

1069 2741 1112 2774 19
