1742 3005
218 60 299 100 328
533 64 627 110 Cap.
660 59 832 96 LXXiii.
890 60 949 96 De
980 65 1111 95 sancto
1144 58 1290 109 spiritu.

219 171 359 201 sanctus
387 166 526 211 igniret.
576 163 665 202 Quia
688 163 777 196 enim
804 161 950 206 spiritus
984 165 1127 195 sanctus
1162 161 1256 195 Deus
1295 164 1372 203 est,
1399 159 1479 195 ideo
1515 166 1608 196 recte

221 233 348 268 dieitur
386 241 426 265 se
464 232 574 274 ipsum
609 227 705 261 dare.
751 225 823 260 Hoc
859 229 997 268 autem,
1032 226 1125 271 quod
1162 228 1308 270 spiritus
1342 231 1484 261 sanc-tus
1514 226 1609 261 Deus

221 300 289 340 sit,
325 294 479 331 ostendit
512 292 720 328 Ambrosius
755 293 789 325 in
824 291 916 326 libro
943 290 986 325 de
1011 293 1138 335 spiritu
1164 296 1284 325 sancto
1313 293 1364 325 sic
1392 291 1532 326 dicens:
1568 303 1610 328 ex

221 367 372 408 quatuor
394 362 471 395 istis
503 358 690 393 manifesta
721 357 915 391 divinitatis
952 358 1028 409 ejils
1062 357 1179 402 gloria
1211 356 1468 400 comprobatur.
1516 358 1611 394 Deus

222 430 308 463 enim
337 437 416 462 esse
442 426 687 472 cognoscitur,
714 428 774 458 aut
798 425 882 469 quia
908 424 984 457 sine
1008 426 1156 467 peccato
1184 426 1248 464 est,
1277 426 1337 456 aut
1362 424 1445 467 quia
1469 429 1614 467 peecata

221 493 418 534 condonat,
454 495 515 525 aut
550 491 632 536 quia
665 493 827 524 creatura
858 499 926 522 non
955 492 1028 530 est,
1068 487 1130 522 sed
1169 491 1307 522 creator
1340 492 1415 530 est,
1446 493 1507 523 aut
1534 491 1615 535 quia

223 570 292 594 non
330 558 478 599 adorat,
515 555 577 592 sed
604 555 783 590 adoratur.
831 553 874 588 Et
909 555 943 587 in
977 553 1043 587 hoc
1077 552 1293 595 ostenditur,
1328 554 1481 598 qualiter
1511 556 1618 591 beata

223 626 361 659 trinitas
387 634 426 658 se
450 623 608 657 totaliter
631 621 733 655 nobis
759 619 936 655 exhibuit:
962 623 1064 664 pater
1089 620 1176 654 enim
1202 620 1338 661 omnia,
1371 630 1459 665 quae
1484 620 1619 664 habuit⁷

223 690 328 724 nobis
356 688 526 729 exhibuit,
554 689 647 732 quia,
676 687 768 719 sieut
792 685 876 718 dicit.
900 685 1132 730 Augustinus,
1161 685 1255 738 misit
1279 684 1380 719 nobis
1401 684 1505 720 filium
1521 697 1618 721 suum

225 756 260 788 in
299 755 448 798 pretium
481 756 626 786 nostrae
660 750 906 791 redemtionis,
944 751 1104 794 spiritum
1139 754 1294 784 sanetum
1328 752 1364 784 in
1397 753 1618 799 privilegium

224 824 368 853 nostrae
410 817 653 862 ¹)adoptionis
698 819 732 850 et
769 825 807 849 se
840 816 952 860 ipsum
985 818 1092 849 totum
1130 820 1288 850 reservat
1321 817 1355 849 in
1389 815 1619 853 hereditatem

226 884 439 929 adoptionis.
489 882 658 917 Similiter
684 881 775 915 lilius
800 881 958 915 totaliter
984 892 1022 916 se
1055 881 1159 916 nobis
1185 880 1365 924 exhibuit,
1398 883 1498 927 quia,
1532 884 1624 918 sieut

228 951 313 985 dicit
346 948 571 990 Bernardus,
609 949 686 992 ipse
720 952 860 992 pastor,
897 949 974 992 ipse
1008 957 1163 992 pascua,
1201 948 1278 992 ipse
1304 947 1493 983 redemtio:
1528 949 1624 983 dedit

227 1017 316 1052 enim
342 1014 444 1049 nobis
471 1014 618 1047 animam
645 1014 679 1045 in
704 1015 872 1057 pretium,
909 1015 1113 1059 sanguinem
1148 1014 1182 1046 in
1214 1017 1329 1057 potum
1366 1018 1399 1048 et
1424 1024 1560 1050 carnem
1589 1016 1624 1049 in

227 1081 340 1114 eibum
368 1084 402 1114 et
427 1079 592 1113 deitatem
619 1079 652 1111 in
679 1080 881 1122 praemium.
931 1079 1099 1114 Similiter
1125 1083 1158 1112 et
1183 1080 1327 1122 spiritus
1362 1085 1504 1115 sanctus
1531 1085 1624 1115 tota-

228 1147 310 1180 liter
334 1146 450 1179 omnia
474 1144 566 1177 dona
589 1153 655 1185 sua
681 1143 783 1178 nobis
813 1144 973 1179 exhibuit
999 1149 1033 1179 et
1065 1144 1227 1186 exhibet,
1261 1145 1343 1189 quia
1373 1147 1463 1180 sicut
1499 1147 1626 1181 dicitur

228 1211 254 1246 1.
283 1211 362 1246 Cor.
389 1209 473 1244 XII:
509 1209 570 1243 alii
610 1220 674 1254 per
701 1210 861 1254 spiritum
887 1214 1042 1244 sanetum
1071 1210 1173 1244 datur
1197 1221 1311 1244 sermo
1338 1213 1528 1255 scientiae,
1563 1213 1625 1247 alii

231 1288 348 1312 sermo
372 1276 589 1320 sapientiae,
616 1274 806 1310 seeundum
834 1275 978 1310 eundem
1006 1277 1178 1320 spiritum,
1206 1276 1307 1310 alteri
1334 1276 1420 1311 fides
1445 1279 1478 1312 in
1504 1279 1625 1313 eodem

232 1344 370 1387 spiritu.
418 1341 492 1376 Leo
525 1351 636 1386 papa:
672 1341 819 1385 spiritus
854 1334 1004 1375 sanctus'
1031 1343 1224 1386 inspirator
1266 1347 1320 1377 est
1360 1343 1459 1386 fidei,
1503 1344 1622 1378 doctor

232 1409 423 1449 scientiae,
453 1407 531 1441 sons
560 1407 772 1449 dileetionis,
798 1407 1018 1453 signaculum
1045 1408 1219 1442 eastitatis
1244 1412 1279 1443 et
1303 1410 1413 1442 totius
1439 1419 1546 1443 causa
1569 1420 1627 1444 sa-

233 1474 327 1507 lutis.
378 1472 481 1507 Circa
507 1473 715 1515 seeundum,
744 1477 827 1518 quot
855 1473 992 1508 scilicet
1016 1472 1129 1507 modis
1155 1475 1302 1508 mittitur
1322 1475 1399 1509 sive
1415 1476 1542 1510 missus
1563 1481 1629 1516 est,

234 1538 434 1580 notandum,
462 1538 555 1583 quod
581 1540 725 1583 spiritus
751 1543 892 1573 sanetus
919 1539 1056 1573 duobus
1082 1539 1195 1574 modis
1222 1541 1389 1582 mittitur,
1415 1541 1553 1576 seilicet
1577 1543 1629 1576 vi-

236 1604 390 1638 sibiliter
417 1608 451 1638 et
475 1604 724 1647 invisibiliter,
758 1605 983 1640 invisibiliter
1007 1615 1081 1639 eum
1108 1605 1280 1640 mentibus
1306 1608 1438 1641 sanctis
1463 1607 1631 1650 illabitur,

236 1669 425 1704 visibiliter
451 1680 525 1703 cunt
553 1670 587 1703 in
613 1669 731 1715 aliquo
761 1671 864 1715 signo
903 1671 1035 1706 visibili
1071 1670 1340 1706 (lenionstratur.
1389 1672 1440 1708 De
1467 1675 1633 1709 missione

238 1734 408 1769 invisibili
434 1734 562 1769 dicitur
584 1734 663 1770 Joh.
688 1733 752 1769 Ill:
781 1736 938 1780 spiritus,
965 1737 1025 1770 ubi
1053 1737 1146 1778 vult,
1185 1739 1298 1781 spirat
1332 1742 1367 1772 et
1400 1750 1520 1774 vocem
1557 1741 1633 1785 ejus

237 1800 363 1843 audis,
388 1800 452 1835 sed
476 1801 615 1842 nescis,
653 1800 744 1835 unde
771 1802 889 1835 veniat
916 1805 976 1835 aut
1001 1812 1069 1846 qno
1096 1802 1212 1836 vadat.
1261 1802 1333 1837 Nee
1363 1805 1502 1839 mirum:
1537 1807 1633 1850 quia,

239 1867 328 1900 sicut
356 1865 443 1899 dicit
466 1865 666 1900 Bel-nardus
693 1866 735 1901 de
762 1867 869 1901 verbo
899 1867 1086 1902 invisibili:
1123 1878 1185 1912 per
1220 1867 1341 1902 oculos
1373 1879 1441 1903 non
1479 1871 1633 1914 intravit,

240 1933 323 1976 quia
355 1942 423 1965 non
457 1935 511 1965 est
545 1931 758 1973 coloratum,
795 1932 857 1967 sed
890 1944 1003 1978 neque
1032 1944 1095 1978 per
1129 1944 1253 1977 aures,
1290 1936 1372 1979 quia
1404 1945 1472 1969 non
1506 1938 1634 1978 sonuit,

240 1996 303 2031 sed
328 2007 442 2041 neque
468 2007 530 2041 per
556 2006 682 2039 nares,
711 1998 792 2042 quia
817 2000 890 2032 aeri
916 2010 984 2033 non
1010 2000 1189 2042 miscetur,
1217 1999 1279 2034 sed
1305 2001 1430 2043 menti,
1469 2011 1532 2035 nec
1558 2002 1634 2035 inli-

241 2065 288 2097 cit
315 2066 443 2105 aerem,
470 2062 533 2097 sed
559 2062 664 2104 feeit,
701 2074 814 2109 neque
846 2055 928 2098 vero
957 2076 1020 2109 per
1046 2065 1178 2107 sauceS,
1206 2066 1289 2111 quia
1314 2076 1382 2099 non
1407 2071 1461 2100 est
1484 2077 1637 2103 mansum

240 2129 296 2164 vel
326 2129 509 2171 baustum,
537 2138 651 2173 neque
678 2140 740 2173 per
765 2134 891 2165 tactum
921 2132 1102 2175 corporis,
1138 2132 1221 2176 quia
1255 2130 1340 2164 illud
1366 2131 1545 2176 palpabile
1570 2143 1637 2167 non

241 2199 306 2229 est.
356 2195 504 2234 Quaeris
538 2196 666 2239 igitur,
705 2206 778 2229 eum
812 2197 882 2230 sint
918 2198 968 2230 ita
1002 2195 1272 2242 investigabiles
1308 2197 1387 2231 viae
1414 2198 1510 2242 ejus,
1547 2199 1638 2234 unde

241 2260 368 2294 adesse
397 2261 580 2293 noverim?
621 2271 743 2305 nempe
769 2271 812 2295 ex
838 2266 931 2295 metu
960 2261 1077 2296 cordis
1100 2261 1257 2296 intellexi
1294 2265 1528 2307 praesentiam
1562 2265 1639 2310 ejus

243 2329 276 2360 et
301 2335 342 2360 ex
370 2325 455 2370 suga
481 2326 639 2358 vitiorum
668 2325 804 2359 adverti
828 2328 1018 2370 potentiam
1040 2327 1178 2361 virtutis
1201 2327 1277 2372 ejus
1301 2332 1396 2363 etex
1418 2327 1639 2364 discussione.

245 2393 318 2425 sive
355 2390 606 2436 redargutione
642 2391 820 2425 oculorum
854 2402 1003 2426 meorum
1040 2391 1231 2427 admiratus
1267 2403 1340 2427 sum
1365 2394 1637 2438 profunditatem

245 2457 441 2500 sapientiae
464 2457 552 2501 ejus,
581 2460 612 2490 et
635 2467 676 2491 ex
702 2467 769 2501 qua
788 2457 1091 2503 quantulacunque
1119 2457 1362 2494 emendatione
1393 2470 1521 2494 morum
1546 2470 1637 2493 meo-

246 2531 315 2552 rum
344 2525 509 2565 expertus
536 2531 608 2555 sum
637 2521 826 2556 bonitatem
853 2523 1129 2559 inansuetiulinis
1160 2523 1236 2568 ejus
1264 2528 1297 2559 et
1324 2535 1365 2558 ex
1392 2525 1639 2560 reformatione

320 2663 326 2686 ¹
366 2662 476 2686 Μ’·Ήυ
500 2664 731 2698 adoptionis
754 2680 782 2685 —
804 2666 862 2692 inv-1
878 2667 1029 2694 rdinati·
1042 2678 1068 2694 in
1091 2668 1198 2694 omittit
1221 2667 1271 2693 Ed.
1294 2670 1335 2693 l'r.
