1742 3005
252 123 328 161 114
501 123 596 173 Cap.
630 120 764 158 xxiv.
832 120 890 157 De
921 127 1052 156 saneta
1083 120 1227 167 Agnete
1257 117 1411 166 virgine.

248 229 330 264 cede
358 238 379 262 a
405 238 456 261 me
484 226 591 261 fomes
617 225 772 270 peceati,
808 225 1051 257 nutrimentum
1076 223 1262 266 facinoris,
1309 221 1472 268 pabulum
1501 221 1632 255 mortis.

249 297 329 340 qnia
349 295 423 339 Jam
450 292 494 326 ab
528 291 598 325 alio
635 294 791 325 amatore
824 291 1017 333 praeventa
1049 298 1145 331 sum,
1191 290 1375 334 coepitque
1400 289 1511 332 ipsum
1538 297 1633 321 suum

247 363 437 395 amatorem
472 361 506 391 et
543 366 709 401 sponsum
739 365 760 389 a
795 355 948 399 quinque
982 353 1243 397 comnmmlare,
1298 363 1386 399 quae
1422 363 1574 398 sponsae
1601 354 1633 386 in

249 426 388 470 sponsis
415 423 603 468 praecipue
629 423 831 467 requirunt,
865 419 999 454 seilicet
1023 428 1044 453 a
1067 419 1249 454 nobilitate
1273 420 1414 465 generis
1430 446 1438 461 ,
1464 428 1486 452 a
1511 419 1635 454 decore

248 489 513 535 pulchritudinis
529 516 537 530 ,
573 497 594 522 a
619 487 817 522 divitiarum
844 485 1080 527 abundantia,
1125 495 1146 519 a
1174 485 1376 519 fortitudine
1402 488 1436 520 et
1460 486 1637 530 potentiae

247 557 406 591 efficacia
432 558 466 589 et
491 553 535 588 ab
561 556 689 587 amoris
716 553 935 591 excellentia,
965 552 1015 585 sie
1042 550 1181 585 dicens:
1209 551 1304 585 illum
1331 561 1421 593 amo,
1449 552 1507 596 qui
1531 551 1635 597 longe

248 627 281 657 te
307 621 458 656 nobilior
484 624 537 654 est
561 623 595 654 et
622 630 752 665 genere
777 619 938 664 dignior,
976 618 1074 662 eujus
1099 619 1210 651 mater
1234 618 1335 663 virgo
1360 621 1426 660 est,
1450 618 1548 662 eujus
1570 626 1634 662 pa-

248 694 302 724 ter
328 688 486 722 seminam
513 687 636 727 nescit,
667 687 719 719 rui
746 684 865 730 angeli
889 684 1063 725 serviunt,
1089 684 1187 728 cujus
1213 682 1501 728 pulchritudinem
1526 683 1579 717 sol
1604 686 1637 717 et

248 755 331 788 luna
359 754 547 792 mirantur,
572 752 670 795 eujus
698 760 782 794 opes
811 759 983 793 nunquam
1012 748 1192 791 deliciunt,
1228 751 1326 794 euJ'us
1351 759 1521 794 nunquam
1548 748 1637 783 divi<

248 822 320 854 tiae
346 818 564 858 decrescunt,
590 817 689 860 euJus
717 815 825 848 odore
850 815 1063 848 reviviscunt
1090 815 1226 856 mortui,
1253 816 1353 859 euJus
1378 818 1472 848 taetu
1497 815 1636 848 consor-

248 888 366 919 tantur
390 882 527 923 infirmi,
553 882 651 925 cujus
678 890 775 914 amor
800 881 944 914 castitas
971 876 1044 921 est,
1070 882 1184 913 taetus
1208 881 1396 922 sanctitas,
1423 881 1503 914 unio
1529 881 1636 926 virgi-

248 953 353 986 nitas,
425 948 518 982 Haec
551 950 665 981 autem
701 947 853 991 quinque
886 947 985 991 ponit
1020 946 1053 978 in
1088 945 1237 990 quadam
1265 947 1473 980 auctoritate
1499 946 1637 981 dicens:

248 1018 347 1061 eujus
372 1014 594 1061 generositas
620 1012 767 1054 celsior,
806 1011 1026 1057 possibilitas
1052 1011 1196 1053 sortior,
1235 1010 1422 1056 adspectus
1447 1012 1638 1057 pulchrior,

251 1093 348 1116 amor
373 1081 517 1115 suavior
544 1082 578 1113 et
607 1079 698 1112 omni
722 1080 840 1124 gratia
865 1077 1090 1123 elegantior?
1123 1076 1256 1112 Deinde
1278 1078 1376 1122 ponit
1401 1080 1550 1124 quinque
1577 1079 1638 1113 he·

252 1148 397 1188 nelicia,
432 1155 521 1191 quae
547 1143 615 1178 sibi
641 1154 791 1194 sponsus
817 1144 962 1178 eontulit
987 1148 1020 1178 et
1048 1143 1126 1177 aliis
1153 1144 1292 1187 sponsis
1319 1143 1470 1185 eonsert,
1505 1144 1640 1180 scilicet

252 1214 335 1259 quia
367 1221 428 1246 eas
460 1209 540 1243 fidei
573 1209 702 1243 annulo
737 1209 920 1252 subarrat,
962 1208 1144 1254 multiplici
1179 1210 1341 1243 virtutum
1374 1211 1546 1245 varietate
1579 1220 1639 1245 eas

250 1279 357 1313 vestit
381 1280 415 1311 et
440 1279 553 1318 ornat,
579 1276 756 1320 passionis
782 1286 866 1310 suae
893 1276 1063 1321 sanguine
1090 1284 1150 1309 eas
1175 1276 1354 1320 assignat,
1382 1263 1519 1310 vinculo
1544 1286 1638 1310 amo-

250 1345 299 1379 ris
325 1352 386 1377 eas
412 1341 480 1375 sibi
505 1341 646 1385 copulat
671 1344 705 1374 et
729 1340 907 1375 thesauris
932 1341 1096 1375 eoelestis
1122 1340 1260 1385 gloriae
1288 1351 1349 1375 eas
1377 1340 1484 1384 ditat,
1514 1343 1563 1376 sie
1587 1342 1639 1376 di—

248 1419 353 1444 cens:
401 1408 460 1452 qui
484 1406 612 1441 annulo
638 1416 700 1440 suo
735 1406 936 1441 subarravit
965 1406 1122 1441 dextram
1158 1416 1267 1440 meam
1306 1410 1340 1441 et
1372 1407 1496 1442 collum
1529 1419 1638 1443 meum

251 1475 360 1509 cinxit
380 1471 557 1517 lapidibus
583 1473 769 1517 pretiosis,
803 1472 914 1506 induit
939 1482 991 1506 me
1016 1471 1148 1506 ciclade
1175 1482 1260 1506 auro
1285 1475 1384 1507 texta
1408 1476 1442 1507 et
1465 1474 1640 1509 immensis

252 1539 437 1574 monilibus
472 1539 610 1572 ornavit
635 1549 708 1580 me,
757 1540 877 1583 posuit
902 1539 1039 1583 signum
1064 1538 1099 1570 in
1124 1537 1248 1571 faciem
1272 1548 1404 1580 meam,
1453 1543 1489 1573 ut
1513 1540 1639 1574 nullum

252 1608 393 1650 praeter
426 1614 501 1637 eum
537 1607 726 1638 amatorem
763 1613 952 1646 assumam,
1002 1606 1036 1638 et
1068 1603 1213 1648 sanguis
1249 1603 1325 1648 ejus
1356 1606 1495 1639 ornavit
1529 1616 1640 1651 genas

251 1680 366 1712 meas3
411 1670 483 1714 jam
511 1668 728 1714 amplexibus
754 1670 830 1715 ejus
855 1669 963 1702 castis
989 1667 1158 1702 adstricta
1183 1679 1279 1711 sum;
1311 1669 1386 1713 jam
1411 1679 1537 1715 eorpus
1565 1672 1640 1716 ejus

250 1736 391 1781 corpori
418 1745 493 1769 meo
519 1736 687 1769 sociatum
714 1738 789 1777 est;
839 1734 992 1769 ostendit
1016 1733 1097 1768 mihi
1122 1733 1308 1768 thesauros
1335 1736 1639 1780 incomparabiles,

253 1812 340 1847 quos
366 1799 449 1834 mihi
473 1810 511 1835 se
540 1800 710 1842 daturum,
738 1803 768 1835 si
795 1802 829 1834 in
855 1811 896 1835 eo
928 1810 1217 1845 perseveravero,
1242 1802 1453 1846 repromisit.
1486 1802 1641 1837 Audiens

252 1867 340 1902 haee
374 1868 518 1901 insanus
547 1868 687 1911 juvenis
723 1867 813 1902 lecto
848 1867 1083 1911 prosternitur
1114 1869 1148 1900 et
1182 1866 1274 1911 quod
1307 1877 1424 1901 amore
1465 1871 1641 1913 aegrotet,

252 1944 317 1978 per
342 1932 415 1966 alta
439 1934 593 1977 suspiria
619 1943 639 1966 a
663 1933 805 1967 medicis
829 1933 1005 1977 aperitur,
1050 1941 1194 1976 eumque
1228 1935 1330 1976 pater
1355 1933 1496 1977 juvenis
1522 1933 1641 1969 eadem

254 1999 383 2044 virgini
408 1984 595 2043 replicaret
621 2002 655 2032 et
679 1998 741 2033 illa
764 1999 892 2043 prioris
918 1998 1039 2041 sponsi
1066 1997 1209 2032 foedera
1233 2008 1270 2032 se
1297 1998 1430 2033 violare
1454 2009 1522 2033 non
1537 2009 1642 2044 posse

255 2068 452 2107 assereret,
487 2066 603 2109 coepit
628 2065 827 2110 praefectus
853 2064 1049 2108 inquirere,
1085 2065 1163 2108 quis
1189 2067 1283 2099 esset
1310 2064 1369 2099 ille
1394 2074 1564 2109 sponsus,
1599 2065 1641 2100 de

254 2131 352 2175 euJus
377 2140 415 2164 se
439 2130 559 2174 Agnes
597 2134 773 2175 potestate
801 2131 966 2175 Jaetaret.
1039 2130 1121 2164 Cum
1157 2140 1244 2176 ergo
1278 2129 1416 2175 quidam
1452 2135 1640 2174 assereret,

255 2196 348 2241 quod
376 2196 547 2230 Christum
576 2206 740 2241 sponsum
772 2206 868 2230 suum
907 2195 1058 2237 diceret,
1106 2194 1245 2228 blandis
1280 2197 1377 2239 prius
1410 2196 1641 2239 sermonibus,

255 2261 389 2296 demum
414 2261 607 2295 terroribus
633 2272 708 2295 eam
734 2262 862 2306 pulsat.
913 2260 974 2295 Cui
999 2261 1140 2306 Agnes:
1174 2260 1340 2306 quidquid
1365 2261 1439 2303 vis,
1468 2271 1535 2306 age
1562 2263 1644 2306 quia

257 2327 349 2373 quod
374 2328 527 2372 quaeris,
554 2336 622 2359 non
648 2328 779 2371 poteris
806 2325 976 2360 obtinere.
1025 2325 1137 2370 Ipsum
1164 2328 1252 2360 enim
1280 2331 1466 2361 terrentem
1493 2331 1527 2361 et
1543 2326 1643 2361 blan-

256 2393 405 2428 dientem
429 2392 589 2426 similiter
612 2392 805 2427 deridebat,
878 2392 939 2426 Cui
965 2392 1180 2437 praefectus:
1225 2403 1328 2427 unum
1354 2392 1417 2426 tibi
1442 2392 1485 2428 de
1510 2391 1644 2427 duobus

256 2459 371 2504 elige,
419 2461 478 2492 aut
502 2468 576 2491 cum
602 2458 796 2504 virginibus
820 2457 913 2492 Deae
939 2456 1067 2492 Vestae
1093 2458 1273 2501 sacrifiea,
1319 2459 1349 2493 si
1371 2457 1434 2492 tibi
1462 2459 1644 2503 virginitas

257 2525 391 2569 placet,
442 2528 502 2558 aut
525 2534 598 2558 (rum
626 2523 864 2558 meretricibus
889 2523 1114 2558 scortaberis.
1171 2524 1261 2564 Quia
1286 2525 1375 2559 enim
1401 2522 1529 2557 nobilis
1555 2528 1643 2565 erat,

257 2591 323 2623 vim
351 2591 416 2623 sibi
446 2590 575 2625 inferre
599 2600 665 2622 non
693 2593 831 2634 poterat
862 2593 896 2624 et
922 2589 1000 2624 ideo
1036 2589 1171 2623 titulum
1196 2589 1262 2623 sibi
1289 2589 1554 2623 christianitatis
1580 2600 1643 2632 op-

255 2656 382 2699 posuit.
454 2655 513 2689 (lui
541 2654 622 2688 illa:
661 2665 722 2689 nee
749 2654 954 2689 sacrificabo
978 2655 1052 2689 Diis
1080 2656 1170 2697 tuis,
1209 2665 1270 2689 nee
1307 2652 1470 2688 sordibus
1505 2654 1644 2699 polluar

255 2719 392 2761 alic-nis,
419 2729 545 2753 meeum
574 2721 661 2753 enim
688 2720 801 2756 habeo
827 2719 1004 2755 custodem
1030 2721 1189 2763 corporis
1215 2720 1292 2762 mei,
1319 2718 1480 2765 angelum
1502 2719 1640 2754 domini.
