1742 3005
351 146 450 197 Cap.
483 143 654 183 CXLIX.
721 145 779 184 De
810 153 942 185 sancto
975 147 1193 185 Francisco.
1385 147 1465 186 (3723

76 254 114 286 ut
154 250 268 285 saneti
306 248 486 285 Francisci
532 261 648 286 amoro
685 251 752 286 sibi
790 254 971 287 terminum
1011 253 1252 298 prolongaret.
1307 252 1371 288 (lui
1405 253 1463 288 ille

77 315 230 362 superbe
254 316 492 361 respondens:
521 317 600 359 tali,
629 319 762 363 iuquit,
792 317 869 353 loco
895 324 930 353 te
958 318 1157 361 recludam,
1185 318 1243 352 ubi
1270 328 1332 353 nee
1354 316 1464 352 Frau-

74 384 189 417 eiseus
224 392 288 417 nec
322 380 450 427 aliquis
486 384 616 428 poterit
647 387 682 418 te
710 385 848 428 juvare.
897 383 1050 428 Moxque
1076 384 1170 418 illum
1195 384 1406 418 vinculatum
1431 385 1465 418 in

73 458 248 483 carcerem
287 447 472 482 obscurum
507 448 659 484 inclusit.
707 448 815 482 Paulo
850 452 929 492 post
962 452 1104 482 sanctus
1134 448 1339 483 Franciseus
1366 449 1465 483 affuit

75 518 111 549 et
136 513 249 548 {tacto
275 522 418 548 carcere
442 514 624 557 ruptisque
651 512 799 546 vinculis
825 512 996 547 hominem
1026 513 1231 547 ineolumem
1257 513 1395 548 reduxit
1420 514 1464 548 ad

75 579 231 624 propria.
280 577 426 618 Quidam
458 577 556 611 miles
588 578 699 611 saneti
731 576 909 611 Franeisci
945 578 1111 622 operibus
1144 582 1177 612 et
1203 578 1379 612 miraculis
1405 578 1466 612 de-

74 643 241 685 trahens,
267 653 342 677 cum
370 641 520 687 quadam
544 643 620 677 viee
645 642 783 677 luderet
811 643 855 677 ad
881 643 1045 686 taxilles,
1073 645 1217 678 vesania
1242 648 1277 678 et
1301 643 1465 678 incredu-

75 710 176 744 litate
202 708 326 754 plenus
350 706 657 742 circumstantibus
686 709 751 742 ait:
788 709 818 742 si
844 707 1050 743 Franciscus
1078 713 1131 743 est
1156 712 1319 747 sanctus,
1357 707 1466 743 XVIII

76 775 217 810 veniant
251 775 286 808 in
320 773 466 808 taxillis.
515 772 599 807 Mox
633 774 667 806 in
704 774 747 807 iis
788 775 949 808 senarius
988 774 1186 818 triplicatus
1226 776 1391 818 apparuit
1432 778 1467 809 et

74 850 186 886 usque
223 838 270 873 ad
303 849 424 874 novem
460 840 554 873 vices
588 838 745 884 quolibet
779 848 842 873 suo
874 840 975 884 jactu
1004 841 1157 874 tricenos
1196 842 1345 884 accepit.
1395 840 1466 875 Sed

75 907 247 941 insaniam
272 903 406 939 addens
435 905 595 938 insaniae
621 905 686 937 ait:
719 905 750 938 si
784 915 900 938 verum
927 910 999 946 est,
1034 905 1126 950 quod
1153 905 1363 940 Franciscus
1400 906 1466 939 iste

71 973 124 1012 ,sit
156 974 320 1012 sanetus,
365 970 469 1004 cadat
505 969 610 1003 hodie
643 979 770 1014 eorpus
805 980 912 1003 meum
950 970 1097 1016 gladio,
1142 973 1172 1005 si
1209 981 1290 1005 vero
1325 974 1466 1005 sanetus

76 1047 145 1071 non
178 1040 252 1079 est,
293 1035 437 1071 evadam
475 1035 669 1069 incolumis.
730 1034 829 1069 Ludo
862 1035 969 1078 linito,
996 1040 1031 1070 ut
1058 1037 1134 1082 eJus
1162 1038 1276 1071 oratio
1302 1036 1401 1072 lieret
1429 1039 1464 1072 in

77 1106 276 1147 peecatum,
302 1112 375 1136 cum
404 1102 523 1146 nepoti
550 1111 614 1134 suo
643 1100 788 1136 inferret
814 1103 996 1147 injuriam,
1024 1102 1082 1137 ille
1108 1103 1261 1147 gladium
1291 1105 1466 1148 accipiens

76 1170 113 1203 in
139 1169 275 1203 viscera
297 1168 411 1212 patrui
438 1166 614 1202 transfixit
640 1171 673 1202 et
699 1169 857 1211 protinus
883 1167 1069 1203 interfecit.
1117 1167 1179 1202 Vir
1204 1168 1342 1213 quidam
1369 1178 1468 1202 eritre

76 1235 130 1269 sic
155 1233 317 1279 perdito,
354 1237 392 1267 ut
418 1233 617 1267 nullatenus
644 1243 683 1267 se
709 1244 848 1268 movere
883 1237 1025 1278 posset,
1063 1238 1217 1267 sanctum
1244 1233 1467 1267 Franciscum

75 1298 207 1334 talibus
241 1298 386 1334 vocibus
420 1298 652 1333 inclamabat:
685 1298 815 1343 adjuva
847 1309 919 1340 me,
955 1304 1073 1334 sancte
1098 1298 1307 1340 Francisce,
1340 1310 1469 1333 memor

77 1364 278 1400 devotionis
315 1369 351 1400 et
386 1366 541 1406 servitii,
575 1364 667 1409 quod
703 1364 766 1398 tibi
799 1365 972 1409 impeudi3
1008 1375 1085 1398 nam
1118 1367 1152 1399 in
1187 1366 1288 1399 asino
1323 1375 1399 1399 meo
1432 1368 1466 1398 te

76 1431 237 1476 portavi,
270 1434 413 1465 sanctos
448 1429 556 1474 pedes
582 1434 662 1463 tuos
689 1433 723 1464 et
755 1440 874 1464 manus
901 1430 1078 1464 osculatus
1105 1430 1153 1464 sui
1177 1435 1211 1465 et
1235 1440 1316 1465 ecce
1341 1432 1469 1464 morior

77 1495 212 1530 doloris
239 1495 343 1540 hujus
374 1495 562 1529 durissimo
598 1497 765 1532 cruciatu.
812 1494 966 1541 Moxque
1000 1495 1060 1530 ille
1091 1496 1159 1530 sibi
1194 1505 1368 1540 apparens
1393 1505 1468 1528 eum

77 1561 225 1606 parvulo
260 1560 408 1604 baculo,
445 1562 503 1607 qui
540 1561 644 1596 Thau
680 1562 713 1595 in
748 1571 788 1595 se
814 1560 959 1607 liguram
986 1560 1159 1603 habebat,
1193 1561 1304 1594 locum
1333 1559 1468 1594 doloris

76 1628 197 1673 tetigit
221 1631 256 1662 et
281 1626 392 1662 fracto
419 1631 635 1672 apostemate
661 1627 846 1660 sanitatem
872 1627 1032 1670 protinus
1070 1627 1226 1671 recepit,
1252 1626 1328 1661 *sed
1365 1625 1469 1660 Thau

78 1694 216 1739 signum
241 1703 348 1738 super
372 1692 482 1727 locum
507 1693 682 1727 remansit.
730 1691 801 1725 Hoc
821 1692 924 1737 signo
944 1696 1085 1726 sanctus
1104 1691 1309 1726 Franciseus
1330 1692 1467 1726 litteras

78 1768 163 1793 suas
189 1762 421 1794 consueverat
444 1759 666 1804 consignare.
716 1756 799 1791 Cum
825 1758 860 1790 in
884 1760 1002 1791 castro
1029 1757 1211 1792 Pomereto
1236 1759 1269 1791 in
1296 1758 1469 1792 montanis

79 1824 230 1869 Apuliae
255 1823 374 1869 puella
399 1823 569 1870 quaedam
596 1828 630 1858 et
655 1824 745 1868 patri
775 1827 809 1858 et
833 1824 934 1857 matri
963 1825 1064 1858 unica
1094 1823 1220 1858 suisset
1244 1822 1411 1858 defuncta
1436 1826 1470 1857 et

78 1893 190 1924 mater
213 1894 335 1925 sancto
360 1888 546 1924 Francisco
575 1889 702 1924 devota
727 1890 833 1923 nimia
857 1891 1002 1923 tristitia
1028 1889 1153 1923 suisset
1179 1888 1366 1933 absorpta,
1403 1898 1467 1933 ap-

82 1956 200 1999 paruit
231 1957 262 1990 ei
293 1959 434 1990 sanetus
469 1955 608 1990 dicens:
655 1955 728 1989 noli
768 1955 872 1996 flere,
913 1956 996 2000 quia
1030 1954 1197 1990 lucernae
1228 1958 1310 1989 tuae
1343 1954 1469 1993 lumen,

81 2019 175 2065 quod
216 2020 383 2065 deploras
427 2021 655 2063 exstinctum,
698 2030 775 2055 mea
815 2024 869 2055 est
913 2019 976 2053 tibi
1025 2021 1279 2055 intercessione
1321 2019 1468 2054 redden-

81 2085 175 2120 dum.
222 2083 339 2119 Mater
373 2086 481 2130 igitur
512 2089 625 2119 sumta
657 2083 783 2119 fiducia
815 2095 942 2129 eorpus
979 2086 1184 2119 exstinctum
1219 2096 1286 2118 non
1312 2084 1471 2128 permisit

83 2151 220 2192 efferri,
263 2149 325 2184 sed
366 2149 481 2183 saneti
510 2147 688 2183 Francisci
721 2160 845 2184 nomen
883 2151 1050 2184 invocans
1089 2153 1122 2183 et
1158 2153 1326 2183 mortuam
1364 2148 1468 2182 liliam

83 2214 353 2262 apprehendens
379 2223 462 2249 eant
480 2214 682 2249 incolumem
710 2214 891 2250 allevavit.
939 2214 977 2249 ln
1009 2213 1094 2249 urbe
1118 2213 1244 2255 Roma,
1282 2224 1356 2248 eum
1385 2224 1471 2258 puer

83 2282 251 2327 parvulus
277 2280 320 2315 de
347 2279 502 2314 fenestra
528 2279 652 2325 palatii
677 2280 864 2315 cecidisset
880 2284 914 2315 et
930 2282 1068 2325 penitus
1086 2281 1317 2325 exspirasset,
1346 2278 1471 2313 heatus

82 2346 292 2382 Franciscus
317 2348 501 2380 invocatur
526 2350 560 2381 et
583 2347 676 2381 vitae
693 2347 851 2391 protinus
875 2347 1079 2380 restituitur.
1127 2345 1165 2380 In
1180 2346 1321 2379 civitate
1338 2344 1472 2378 Suessa

87 2421 162 2446 eum
199 2411 371 2456 quaedam
406 2411 527 2447 domus
565 2422 733 2447 corruens
768 2411 940 2457 quendam
970 2412 1133 2457 juvenem
1172 2410 1400 2445 exstinxisset
1438 2413 1472 2443 et

88 2476 241 2512 cadaver
268 2476 341 2521 jam
373 2477 407 2509 in
448 2477 539 2511 leeto
580 2476 626 2511 ad
659 2476 897 2521 sepeliendum
930 2478 1150 2521 posuissent,
1193 2479 1303 2509 mater
1332 2474 1471 2508 beatum

87 2541 309 2577 Franz-iseum
333 2543 408 2574 tota
429 2540 637 2584 devotione,
671 2551 741 2586 qua
767 2545 928 2586 poterat,
963 2540 1167 2582 invocabat,
1206 2544 1240 2574 et
1274 2549 1355 2573 ecee
1381 2540 1473 2574 eirea

90 2608 237 2644 mediam
261 2610 396 2641 noctem
421 2616 509 2650 puer
533 2607 697 2640 oscitavit
721 2610 756 2640 et
779 2615 885 2640 sanus
911 2607 1064 2640 surrexit
1098 2609 1132 2640 et
1164 2606 1196 2639 in
1227 2604 1340 2639 laudis
1368 2604 1474 2640 verba

92 2673 263 2718 prorupit.
311 2670 434 2706 Frater
457 2670 611 2706 Jacobus
638 2671 823 2712 Reatinus,
856 2680 931 2705 eum
958 2671 991 2704 iu
1017 2670 1176 2705 navicula
1202 2680 1311 2716 parva
1337 2671 1473 2705 fluvium

94 2737 264 2782 quendam
296 2748 369 2773 cum
407 2736 574 2772 fratribus
610 2737 873 2782 pertransiisset
907 2740 939 2771 et
973 2737 1079 2771 sociis
1107 2736 1177 2781 jam
1223 2747 1329 2782 super
1365 2738 1473 2781 ripam

1161 2801 1206 2835 43
