1742 3005
228 118 280 154 26
576 119 672 168 Cap.
705 118 770 155 ΙΙΙ.
838 119 896 156 De
927 129 1058 157 sancto
1089 120 1263 158 Nicolao.

226 223 441 268 prehendisti
466 227 500 259 et
525 225 626 257 morti
652 225 728 259 sine
754 223 895 257 erimine
926 224 959 267 ¹)
985 223 1181 259 addixisti?
1217 227 1330 271 Surge
1356 226 1456 260 velox
1483 237 1613 272 eosque

226 291 430 333 quantoclus
456 288 580 322 dimitti
601 287 736 332 =iubeto.
775 288 813 321 Si
841 288 878 331 2)
901 298 972 322 non
996 293 1123 330 autem,
1151 300 1212 324 oro
1239 290 1357 333 Deum,
1385 296 1422 326 ut
1448 292 1510 326 tibi
1535 304 1611 327 sus-

224 356 306 389 citet
331 354 477 396 bellurn,
525 355 559 388 in
588 363 655 398 quo
680 357 717 387 tu
743 363 887 389 corruas
913 357 946 389 et
973 353 1097 390 bestiis
1123 354 1220 391 eibus
1248 356 1321 390 tias.
1372 356 1434 392 Cui
1461 359 1609 402 impera—

225 424 295 454 tor:
322 421 379 465 qui
406 430 442 457 es
466 423 523 461 tu,
550 421 609 464 qui
633 418 698 454 hae
725 423 825 454 noete
854 419 1021 464 palatium
1049 430 1160 456 meum
1185 422 1367 465 ingressus
1392 422 1480 456 talia
1504 424 1612 458 audes

224 485 348 530 ioqui?
397 486 460 520 Cui
484 485 564 520 ille:
591 496 658 531 ego
683 495 758 519 Sum
779 484 943 520 Nicolaus
970 485 1106 521 Mireae
1130 487 1282 522 civitatis
1307 488 1507 533 episeopus.
1555 490 1612 523 Sic

224 555 257 585 et
281 551 494 595 praesectum
517 551 678 586 similiter
703 553 826 586 terruit
851 562 914 596 per
942 553 977 596 ³)
1006 554 1116 586 visum
1143 551 1281 586 dicens:
1306 557 1419 588 mente
1449 558 1483 589 et
1507 564 1612 589 sensu

224 616 376 661 perdite,
410 628 471 652 eur
495 619 528 652 in
558 627 676 652 necem
709 618 940 652 innocentium
968 619 1179 652 consensisti
1192 618 1208 653 ζ)
1256 617 1368 663 Perge
1393 620 1462 654 cito
1491 623 1525 654 et
1550 630 1612 655 eos

222 682 372 719 liberare
398 683 510 718 stude.
584 684 621 717 Si
646 693 714 717 non
737 687 874 726 autem,
911 694 1037 728 eorpus
1064 687 1157 718 tuum
1183 682 1357 719 vermibus
1383 686 1551 719 scaturiet
1577 690 1612 721 et

223 748 343 782 domus
368 752 429 782 tua
459 751 559 785 eitius
586 748 794 784 destruetur.
845 749 907 783 Cui
933 748 1015 784 ille:
1049 750 1126 794 quis
1153 759 1191 784 es
1216 753 1274 791 tu,
1304 751 1362 794 qui
1386 749 1487 785 nobis
1512 755 1611 785 tanta

222 815 394 849 minaris?
441 815 555 858 Scito,
582 815 713 859 iuquit,
748 824 801 850 me
826 824 905 850 esse
929 813 1107 848 Nicolaum
1135 814 1270 849 Mireae
1295 816 1447 850 civitatis
1474 818 1608 861 episeo-

222 891 312 925 pum.
379 880 543 926 Utrisque
577 880 827 926 evigilantibus
854 881 971 914 statim
995 884 1112 915 mutuo
1139 890 1203 914 sua
1228 881 1364 914 somnia
1390 881 1548 925 pandunt
1577 886 1613 917 et

223 958 285 991 pro
320 947 390 981 illis
426 948 653 982 incarceratis
688 948 852 981 continuo
881 947 1030 980 mittunt.
1102 945 1233 986 Quibus
1263 950 1377 980 autem
1402 947 1612 991 imperator:

222 1023 309 1057 quas
333 1015 489 1058 magicas
515 1016 609 1047 artes
635 1013 758 1053 nostis,
785 1016 822 1046 ut
846 1013 952 1046 tantis
977 1022 1040 1046 nos
1067 1012 1223 1047 illudatis
1249 1013 1419 1048 somniis?
1468 1012 1531 1047 Cui
1555 1022 1610 1047 re-

220 1079 456 1124 sponderunt,
513 1088 551 1113 se
583 1087 706 1123 magos
740 1088 808 1112 non
841 1089 920 1114 esse
956 1089 1019 1113 nec
1053 1080 1173 1113 mortis
1199 1079 1405 1113 seutentiam
1429 1080 1610 1113 meruisse.

221 1145 318 1180 Tune
341 1147 550 1189 imperator:
584 1146 718 1186 nostis,
747 1145 870 1189 inquit,
898 1144 1082 1187 hominem,
1111 1145 1164 1178 cui
1190 1155 1314 1179 nomen
1340 1148 1394 1179 est
1416 1143 1610 1179 Nicolaus'?

220 1213 266 1246 At
291 1212 341 1245 iili
368 1198 487 1245 audito
512 1210 577 1244 hoc
604 1211 741 1244 nornine
766 1221 887 1245 manus
913 1210 1145 1245 extenderunt
1172 1210 1215 1244 ad
1241 1210 1395 1251 coelunt,
1441 1214 1610 1256 rogantes

219 1278 348 1319 Deum,
396 1281 434 1310 ut
458 1286 520 1311 eos
545 1277 656 1310 saneti
681 1276 816 1310 Nicolai
841 1279 973 1311 meritis
999 1286 1020 1311 a
1045 1277 1220 1321 praesenti
1247 1276 1402 1321 periculo
1427 1275 1609 1312 liberaret.

222 1342 264 1377 Et
287 1352 362 1377 cum
387 1344 577 1386 imperator
600 1345 708 1374 totam
735 1342 839 1375 vitam
857 1342 933 1386 ejus
949 1346 982 1376 et
998 1341 1172 1376 mirabilia
1192 1342 1236 1376 ab
1252 1343 1296 1377 iis
1313 1342 1506 1383 didicisset,
1523 1342 1611 1376 dixit

220 1411 282 1444 iis:
319 1410 366 1443 ite
391 1412 425 1443 et
449 1406 522 1442 Deo
548 1408 684 1452 gratias
709 1408 826 1453 agite,
853 1408 912 1452 qui
937 1418 999 1442 vos
1025 1408 1101 1453 eJ'us
1126 1408 1289 1453 precibus
1315 1407 1490 1442 liberavit.
1541 1408 1610 1442 Sed

220 1481 254 1510 et
279 1475 320 1510 de
348 1475 478 1509 nostris
504 1473 614 1508 eidem
640 1474 763 1508 afferte
789 1473 967 1518 gaudiolis
993 1478 1161 1519 rogantes
1191 1484 1279 1515 euru,
1306 1478 1343 1508 ut
1365 1474 1510 1509 ulterius
1530 1473 1610 1508 mihi

220 1544 329 1575 minas
364 1550 433 1574 non
465 1540 615 1581 inserat,
669 1537 731 1573 sed
756 1549 819 1584 pro
847 1549 899 1574 me
927 1543 961 1573 et
986 1549 1094 1584 regno
1119 1549 1196 1574 meo
1223 1539 1267 1573 ad
1290 1539 1462 1574 dominum
1488 1550 1611 1585 preces

221 1607 352 1642 fundat.
423 1604 509 1639 Post
540 1613 670 1648 paucos
707 1604 781 1638 dies
818 1604 989 1649 praedicti
1025 1605 1089 1638 viri
1116 1604 1160 1638 ad
1186 1604 1250 1639 Dei
1276 1605 1439 1639 famulum
1464 1616 1502 1639 se
1528 1617 1609 1650 pro-

219 1676 378 1708 sternunt
414 1670 585 1705 dieentes:
634 1680 716 1705 vere
751 1669 898 1704 famulus
934 1671 996 1705 Dei
1033 1681 1093 1711 es,
1145 1681 1227 1705 vere
1260 1670 1374 1705 enitor
1407 1675 1442 1705 et
1474 1675 1610 1706 amator

221 1740 361 1774 Christi.
412 1738 564 1781 Cumque
589 1735 656 1770 sibi
683 1737 796 1771 omnia
822 1747 884 1781 per
909 1736 1064 1771 ordinem
1092 1736 1315 1778 retulissent,
1365 1736 1424 1772 ilie
1460 1737 1608 1772 elevatis

219 1808 254 1840 in
278 1805 411 1839 eoelum
437 1802 596 1837 manibus
621 1804 806 1838 immensas
831 1803 904 1839 1¹00
936 1803 1058 1837 laudes
1093 1802 1212 1837 retulit
1239 1812 1278 1837 ae
1305 1802 1393 1838 bene
1417 1805 1608 1839 instructos

220 1872 392 1916 principes
426 1868 471 1903 ad
507 1871 651 1914 propria
682 1872 826 1904 remisit.
860 1890 906 1895 ——-
930 1891 972 1895 —
999 1872 1036 1906 7.
1068 1869 1150 1903 (lum
1176 1873 1291 1903 autem
1317 1869 1475 1904 dominus
1504 1869 1608 1904 vellet

219 1949 293 1972 euin
320 1945 519 1977 assumere,
544 1937 685 1980 rogavit
710 1936 903 1978 dominum,
941 1940 978 1970 ut
1002 1935 1147 1979 angelos
1173 1945 1256 1969 suos
1281 1934 1349 1970 sibi
1374 1937 1546 1977 mitteret,
1574 1940 1608 1971 et

219 2004 383 2038 inclinato
418 2003 532 2046 rapite
558 2002 704 2046 angelos
732 2002 776 2036 ad
807 2013 844 2036 se
871 2004 989 2037 venire
1016 2001 1104 2036 vidit
1131 2005 1165 2036 et
1190 2001 1281 2035 dicto
1306 2001 1461 2046 psalmo:
1510 2003 1544 2034 in
1572 2005 1606 2036 te

218 2071 353 2104 ‹iornine
391 2069 530 2113 speravi
557 2078 686 2112 usque,
737 2070 770 2102 in
794 2079 914 2103 manus
939 2073 1019 2102 tuas
1045 2072 1109 2102 ete.
1153 2067 1298 2101 tradidit
1330 2069 1488 2113 spiritum
1516 2078 1606 2102 anno

218 2137 343 2170 ‹hurrini
362 2135 457 2169 (11:(2.
474 2134 548 2168 XL.
563 2133 607 2168 111
623 2163 630 2176 ,
656 2134 713 2168 ubi
729 2135 929 2170 coelestium
946 2134 1098 2168 melodia
1115 2133 1235 2167 audita
1256 2137 1320 2167 est.
1366 2134 1430 2173 Qui
1450 2134 1527 2168 dum
1549 2144 1606 2169 se—

218 2203 333 2247 pultus
361 2202 484 2234 suisset
508 2202 541 2234 in
566 2200 683 2234 tumba
708 2210 922 2241 marmorea,
969 2209 991 2233 a
1013 2201 1128 2244 capite
1154 2199 1232 2232 sons
1257 2199 1327 2233 olei
1353 2203 1387 2233 et
1411 2210 1433 2233 a
1458 2199 1605 2244 pedihus

219 2269 294 2303 suns
320 2277 432 2312 aquae
458 2267 623 2311 profluxit
650 2271 684 2301 et
708 2277 818 2311 usque
847 2265 950 2300 hodie
982 2276 1023 2300 ex
1054 2266 1129 2310 ejus
1156 2264 1318 2298 membris
1343 2275 1477 2299 suerunt
1505 2275 1603 2300 resu-

217 2336 277 2369 dat
304 2335 416 2369 oleum
440 2333 560 2367 valens
585 2334 619 2366 in
648 2332 794 2366 salutern
822 2332 1014 2366 multorum.
1065 2332 1241 2366 Successit
1266 2334 1379 2365 autern
1408 2333 1439 2366 ei
1466 2331 1604 2378 quidam

220 2403 269 2435 vir
293 2400 424 2441 bonus,
477 2401 535 2444 qui
559 2403 675 2433 tamen
700 2398 742 2433 de
777 2397 860 2432 sede
889 2408 954 2432 sua
980 2396 1023 2432 ab
1050 2397 1177 2432 invidis
1203 2401 1256 2432 est
1281 2396 1460 2442 depulsus,
1530 2397 1605 2437 Quo

218 2468 330 2511 ejecto
359 2466 470 2500 oleum
497 2465 603 2500 fluere
631 2464 746 2503 desiit,
772 2463 834 2498 sed
861 2474 903 2499 eo
928 2468 1094 2499 revoeato
1119 2465 1278 2509 protinus
1302 2465 1486 2498 emanavit.
1522 2463 1605 2496 Post

217 2533 355 2566 multum
383 2541 466 2565 vero
493 2531 659 2576 temporis
687 2530 791 2565 Ture-i
827 2531 974 2567 Miream
1008 2529 1128 2565 urbem
1163 2529 1430 2571 destruxerunt,
1479 2526 1605 2562 XLVII

287 2700 312 2730 Ι)
333 2698 383 2725 kd.
404 2697 495 2723 rrius.
516 2698 606 2723 unnim
637 2697 709 2722 nixu!
724 2697 850 2723 ir‘asti,
950 2696 979 2727 ’3)
1001 2696 1088 2727 vulgo
1109 2696 1166 2721 sin
1181 2715 1186 2725 .
1206 2695 1246 2721 ita
1267 2703 1301 2720 ex
1323 2692 1547 2719 vitiorulaiionvz
1569 2701 1607 2719 M—

220 2745 327 2771 ιιιιΙιυτ
345 2742 435 2778 [viulo
455 2747 531 2777 post.
620 2743 647 2774 3)
667 2746 735 2775 pust
757 2741 840 2768 visu
854 2752 880 2768 ιιι
902 2741 1028 2768 intrudit
1050 2740 1102 2767 Ed.
1123 2743 1166 2766 l'r.
1186 2738 1324 2765 verbum:
1351 2736 1506 2764 virenti.
