1742 3005
234 87 328 136 Cap.
359 85 511 121 LXVll.
580 84 636 123 De
678 92 806 122 sancto
836 86 979 121 Jacobo
1012 85 1198 134 apostolo.
1333 85 1413 123 299

24 191 181 225 Ananiae
207 188 297 224 lilius
325 191 359 224 in
385 189 475 223 sesto
501 188 807 224 tabernaculorum
833 193 975 233 repente
1001 188 1151 223 clamare
1179 190 1315 233 coepit:
1346 199 1411 223 vox

24 255 68 289 ab
95 256 249 298 oriente,
279 265 346 289 vox
371 254 415 289 ab
442 255 641 296 occidente,
671 265 736 289 vox
763 264 783 289 a
808 254 869 289 1111
895 256 1029 296 ventis,
1066 264 1133 289 vox
1157 265 1264 299 super
1287 254 1410 289 Hiero-

24 320 191 366 solymam
217 325 252 356 et
283 331 389 365 super
421 321 605 365 templum,
641 331 710 355 vox
746 332 852 365 super
883 330 1033 364 sponsos
1072 324 1105 355 et
1139 330 1310 365 sponsas,
1347 332 1414 356 vox

24 397 130 432 super
155 387 319 432 populum
345 388 554 421 universum.
606 386 810 421 praedictus
839 387 948 431 igitur
972 387 1025 418 vir
1051 387 1206 429 capitur,
1243 387 1412 422 caeditur,

26 452 253 494 verberatur,
280 452 342 487 sed
363 452 421 487 ille
443 452 539 486 aliud
558 451 674 485 dicere
693 452 861 496 nequiens
887 456 1016 496 quanto
1042 452 1120 496 plus
1148 452 1413 494 verberabatur,

24 522 120 552 tanto
148 518 274 552 fortius
298 517 481 552 clamabat.
530 515 584 550 Ad
606 516 758 561 judicem
784 518 891 562 igitur
917 516 1123 560 adducitur,
1153 519 1333 552 tormentis
1359 518 1412 552 dia

25 585 72 617 ris
98 583 269 625 afficitur,
295 592 408 627 usque
433 581 477 616 ad
502 582 771 626 patefactionem
799 584 929 616 ossium
955 582 1118 617 laniatur.
1167 583 1237 618 Sed
1268 585 1326 619 ille
1352 596 1414 619 nec

24 659 149 694 preces
175 658 240 682 nee
263 647 434 692 lacrymas
463 646 684 689 effundebat,
717 647 780 682 sed
819 658 892 682 eum
919 648 1068 693 quodam
1095 648 1229 683 ululatu
1254 660 1317 694 per
1342 652 1414 684 sin-

23 714 108 760 gula
130 723 243 758 paene
267 713 377 748 verba
405 713 526 748 eadem
552 713 770 757 proferebat,
792 713 926 749 addens
956 715 1060 748 etiam
1086 713 1170 748 hoc:
1196 714 1298 756 vaeb,
1326 715 1414 750 vaeh

22 779 286 824 Hierosolymis.
334 779 429 813 Haec
459 778 647 823 Josephus.
698 780 779 813 Cum
813 783 926 814 autem
958 779 1085 815 Judaei
1114 791 1178 815 nec-
1203 780 1411 815 admonitio-

22 844 124 879 nibus
152 849 439 880 converterentur
461 855 523 879 nec
546 846 652 879 tantis
682 844 856 890 prodigiis
883 850 1117 887 terrerentur,
1144 850 1222 890 post
1248 846 1324 882 XL,
1353 858 1413 881 an-

25 922 102 945 num
130 910 287 945 dominus
315 910 567 958 Vespasianum
593 914 627 944 et
655 909 772 944 Titum
796 909 991 944 Jerusalem
1019 910 1186 952 adduxit,
1220 913 1278 956 qui
1305 914 1414 957 ipsam

25 978 199 1011 civitatem
226 976 380 1010 funditus
417 975 674 1010 destruxerunt.
724 975 817 1010 Haec
850 980 963 1010 autem
1002 976 1066 1010 suit
1102 986 1208 1011 causa
1243 977 1412 1012 adventus

22 1044 177 1087 ipsorum
210 1043 246 1076 in
281 1040 496 1083 Jerusalem,
535 1043 627 1075 sicut
664 1042 697 1075 in
736 1041 885 1087 quadam
922 1042 1080 1087 hystoria
1106 1043 1298 1085 i‘nvenitur,
1334 1043 1415 1078 licet

22 1107 237 1153 apocrypha.
284 1107 414 1143 Videns
438 1107 593 1152 Pylatus,
620 1109 703 1152 quia
720 1107 838 1142 Jesum
866 1109 1082 1142 innocentem
1110 1109 1415 1153 condemnaverat,

22 1174 146 1207 timens
173 1173 341 1208 offensam
367 1172 513 1218 Tyberii
540 1173 706 1208 Caesaris
732 1184 796 1218 pro
826 1183 863 1207 se
890 1173 1089 1208 excusando
1106 1177 1261 1209 nuntium
1277 1178 1415 1210 nomine

22 1238 195 1273 Albanum
229 1239 274 1273 ad
304 1239 491 1274 Caesarem
519 1239 720 1275 destinavit.
768 1239 817 1273 Eo
853 1244 966 1274 autem
992 1245 1148 1284 tempore
1175 1240 1416 1286 Vespasianus

22 1303 257 1338 monarchiam
288 1307 324 1338 in
357 1304 496 1340 Galatia
530 1315 550 1338 a
577 1304 734 1349 Tyberio
762 1305 915 1339 Caesare
941 1305 1106 1347 tenebat,
1144 1308 1284 1341 nuntius
1309 1309 1417 1353 igitur

23 1368 138 1414 Pylati
175 1378 196 1403 a
226 1371 339 1403 ventis
375 1371 561 1404 contrariis
595 1371 629 1403 in
665 1369 836 1404 Galatiam
861 1371 1005 1416 pellitur
1031 1376 1064 1405 et
1092 1371 1134 1405 ad
1160 1372 1416 1417 Vespasianum

23 1435 219 1470 adducitur.
269 1435 370 1469 Talis
401 1440 515 1470 autem
550 1436 598 1469 ibi
629 1436 838 1471 servabatur
873 1437 1113 1479 consuetudo,
1151 1442 1187 1472 ut
1220 1440 1415 1484 quicunque

23 1500 151 1536 ibidem
177 1501 400 1547 naufragium
418 1505 610 1546 pateretur,
636 1501 741 1536 rebus
761 1506 795 1536 et
814 1504 975 1537 servituti
1002 1505 1169 1547 principis
1195 1503 1413 1539 subderetur.

25 1567 133 1607 Quem
158 1567 419 1613 Vespasianus,
458 1568 535 1612 quis
570 1572 665 1602 esset
697 1572 756 1601 aut
782 1567 871 1602 unde
899 1570 1033 1603 veniret
1058 1579 1121 1604 seu
1149 1581 1216 1615 quo
1243 1571 1415 1613 tenderet,

23 1634 219 1677 requisivit.
269 1633 332 1668 Cui
358 1632 436 1667 ille:
471 1632 806 1677 Hier0s0151nuanus
840 1643 934 1676 sum,
967 1634 1010 1669 de
1044 1635 1202 1680 partibus
1230 1637 1299 1670 illis
1329 1639 1416 1675 veni,

22 1698 166 1733 Romam
193 1709 304 1744 usque
328 1698 526 1733 tendebam.
577 1699 641 1733 Cui
668 1698 927 1744 Vespasianus:
956 1700 999 1734 de
1023 1705 1117 1736 terra
1134 1704 1327 1747 sapientum
1358 1714 1415 1738 ve>

23 1765 90 1806 nis,
117 1768 225 1798 artem
250 1766 344 1798 nosti
363 1764 617 1807 medicaminis,
637 1765 792 1800 medicus
822 1776 872 1803 es,
900 1777 1023 1802 curare
1041 1778 1094 1801 me
1113 1767 1231 1804 debeS.
1282 1769 1412 1814 Vespa-

24 1830 144 1864 sianus
182 1830 269 1864 enim
306 1829 480 1875 quoddam
515 1841 626 1876 genus
660 1832 826 1865 vermium
864 1833 1006 1866 naribus
1033 1834 1173 1868 insitum
1200 1834 1242 1868 ab
1270 1835 1418 1870 infantia

23 1894 193 1941 gerebat,
218 1894 310 1930 unde
335 1899 370 1931 et
396 1906 417 1930 a
444 1897 563 1941 vespis
588 1896 828 1941 Vespasianus
856 1898 1050 1933 dicebatur.
1101 1899 1163 1933 Cui
1181 1900 1248 1935 'vir
1274 1901 1333 1936 ille
1361 1912 1416 1935 re-

25 1959 188 2004 spondit:
214 1964 321 1995 artem
346 1961 608 2003 medicaminis,
625 1961 794 2004 domine,
822 1966 942 1998 nescio
970 1969 1004 1999 et
1032 1964 1113 1999 ideo
1141 1975 1264 2000 curare
1289 1971 1323 2000 te
1349 1978 1415 2000 nou

23 2024 137 2060 valeo.
188 2025 252 2060 Cui
277 2024 535 2070 Vespasianus:
573 2029 641 2061 nisi
677 2038 730 2062 me
759 2031 957 2071 curaveris,
994 2035 1104 2064 morte
1130 2032 1302 2065 morieris.
1355 2031 1416 2065 Cui

23 2090 83 2125 ille
107 2091 174 2124 ait:
218 2090 279 2125 ille
311 2092 370 2136 qui
402 2101 529 2126 caecos
564 2093 790 2135 illuminavit,
823 2093 1010 2129 daemones
1037 2095 1225 2140 effugavit,
1263 2100 1416 2130 mortuos

23 2156 231 2199 suscitavit,
269 2156 330 2191 ille
351 2158 469 2199 novit,
508 2158 591 2203 quia
627 2163 734 2194 artem
759 2159 920 2195 medendi
946 2161 1083 2205 ignoro.
1134 2160 1197 2195 Cui
1223 2160 1413 2206 Vespasia-

23 2230 107 2255 nus:
139 2222 216 2266 quis
251 2226 305 2256 est
330 2222 410 2264 ille,
445 2222 488 2257 de
515 2234 582 2268 quo
608 2228 707 2258 tanta
732 2225 915 2270 prosaris?
960 2224 1005 2260 Et
1030 2226 1107 2261 ille:
1132 2225 1240 2261 Jesus
1261 2225 1415 2262 Nazaret-

24 2295 107 2327 nus,
146 2295 245 2330 quem
271 2285 396 2321 Judaei
421 2298 485 2332 per
507 2289 674 2324 invidiam
701 2290 922 2334 occiderunt,
955 2293 988 2325 in
1021 2303 1121 2337 quem
1152 2293 1183 2325 si
1208 2292 1413 2326 credideris.

24 2352 363 2397 sanitatis‘gratiam
386 2356 625 2399 consequeris.
675 2353 717 2389 Et
740 2355 1006 2401 Vespasianus:
1035 2356 1165 2399 credo,
1194 2358 1287 2401 quia,
1322 2359 1415 2402 quod

23 2419 179 2450 mortuos
206 2417 411 2459 suscitavit,
445 2427 499 2452 me
536 2420 639 2454 etiam
675 2421 718 2455 de
751 2421 952 2455 infirmitate
987 2421 1054 2455 hae
1088 2421 1242 2456 llberare
1275 2423 1414 2467 poterit,

24 2479 67 2515 Et
89 2480 178 2516 haec
204 2480 352 2516 diceudo
380 2492 510 2527 vespae
538 2483 582 2518 de
602 2486 746 2519 naribus
771 2486 847 2531 eJ'us
874 2485 1075 2520 ceciderunt
1103 2490 1136 2521 et
1165 2488 1328 2521 continuo
1354 2498 1412 2522 sa-

24 2547 166 2580 nitatem
201 2549 345 2592 recepit.
396 2547 496 2582 Tunc
530 2548 770 2593 Vespasianus
805 2552 939 2596 ingenti
976 2550 1107 2596 gaudio
1149 2552 1302 2596 repletus
1346 2555 1412 2588 ait:

25 2614 139 2646 certus
167 2621 259 2654 sum,
289 2614 371 2659 quia
395 2612 485 2648 filius
512 2613 577 2648 Dei
603 2613 688 2657 suit,
724 2617 781 2660 qui
804 2625 859 2650 me
886 2626 1007 2652 curare
1034 2619 1156 2662 potuit.
1203 2617 1320 2653 Petita
1341 2620 1411 2665 igi-

24 2682 81 2712 tur
112 2686 133 2711 a
157 2676 311 2714 Caesare
341 2678 481 2714 licentia
505 2678 779 2725 Hierosolymam
815 2691 888 2716 cum
918 2691 1018 2717 manu
1044 2687 1178 2718 armata
1203 2693 1348 2730 pergam
1376 2689 1408 2719 et
