1742 3005
257 137 340 177 630
408 138 504 187 Cap.
538 133 672 172 CXLt.
732 134 791 170 De
823 139 958 170 sancto
989 133 1166 170 Mam-itio
1198 140 1235 171 et
1269 134 1380 170 sociis
1410 135 1501 170 suis.

260 245 402 276 sanctus
427 238 614 274 Mauritius
641 247 833 283 assurgens
859 238 950 271 inter
975 241 1117 271 caetera
1141 239 1191 272 sic
1215 240 1440 273 concionatus
1467 241 1536 274 est:
1568 248 1652 273 con-

261 306 423 352 gratulor
459 303 577 346 vobis,
622 304 706 349 quia
744 313 807 347 pro
850 301 916 336 fide
953 301 1085 336 Christi
1118 312 1238 337 omnes
1281 306 1367 337 mori
1401 306 1517 350 parati
1550 305 1655 344 estis3

262 370 515 406 commilitones
550 373 688 405 vestros
722 369 840 402 necari
871 368 1042 410 sustinui,
1077 369 1160 412 quia
1193 378 1255 402 vos
1288 368 1334 402 ad
1366 372 1566 414 passionem
1593 379 1656 414 pro

264 435 404 471 Christo
438 439 583 480 paratos
617 434 690 469 vidi
725 438 759 469 et
785 433 916 468 domini
940 432 1137 467 mandatum
1164 435 1325 476 servavi,
1357 435 1418 479 qui
1449 436 1499 469 ait
1531 434 1657 469 Petro:

265 503 361 536 mitte
396 500 554 547 gladium
588 506 683 535 tuum
718 501 753 534 in
797 500 981 545 vaginam3
1024 500 1106 544 quia
1146 509 1233 544 ergo
1268 500 1342 544 Jam
1388 500 1658 534 commilitonum

266 566 475 612 corporibus
502 567 622 601 vallati
652 575 770 601 sumus
795 570 830 600 et
855 566 1030 599 sociorum
1065 564 1297 610 sanguinibus
1324 564 1519 600 rubricatas
1545 568 1660 600 vestes

267 632 450 674 habemuS,
476 643 540 667 nos
567 634 664 677 ipsos
689 631 733 666 ad
761 632 952 665 martirium
982 639 1179 675 sequamur.
1229 629 1324 665 Haeo
1351 641 1450 677 ergo,
1476 632 1506 665 si
1532 630 1660 675 placet,

270 698 416 732 Caesari
442 698 643 732 mandemus
672 707 863 742 responsa:
897 696 1025 729 milites
1049 697 1120 737 tui,
1157 697 1368 740 imperator,
1406 707 1523 731 sumus
1559 699 1593 731 et
1618 694 1663 729 ad

271 763 511 797 defensionem
546 762 763 806 reipublicae
797 771 893 795 arma
920 762 1159 805 suscepimus3
1195 772 1262 794 non
1295 765 1348 796 est
1379 763 1412 796 in
1449 763 1551 796 nobis
1582 771 1663 806 per-

272 827 380 870 ditio,
411 838 478 861 non
508 826 679 869 formido,
711 826 773 860 sed
801 825 931 860 Christi
969 825 1069 860 tidem
1095 825 1294 860 nullatenus
1319 827 1531 862 deseremus.
1582 827 1663 861 Cum

273 893 338 928 hoc
370 894 561 938 imperator
597 891 813 934 audivisset,
844 892 954 937 jttssit
989 893 1133 932 iterum,
1168 893 1205 924 ut
1237 890 1405 926 decimum
1435 892 1664 927 trucidarent.

274 959 350 1000 Quo
377 959 471 993 sacto
496 957 712 1003 Exsuperius
737 957 890 1003 signifer
916 956 1079 992 vexillum
1104 957 1278 1001 arripiens
1313 961 1347 992 et
1379 959 1470 993 inter
1496 957 1665 992 commili-

273 1029 374 1060 tones
409 1028 507 1059 stans
540 1023 647 1058 dixit:
687 1023 866 1069 glomosus
910 1023 979 1057 dux
1018 1028 1140 1057 noster
1173 1021 1361 1057 Mauritius
1395 1023 1438 1058 de
1472 1026 1668 1057 nostrorum

276 1089 546 1124 commilitonum
573 1088 691 1134 gloria
716 1094 770 1124 est
797 1090 934 1124 loe-utus
960 1099 1025 1123 nec
1044 1087 1260 1133 Exsuperins
1283 1089 1434 1135 signifer
1452 1093 1569 1124 vester
1589 1088 1669 1124 ideo

274 1156 364 1190 haec
383 1165 479 1189 arma
497 1156 658 1199 arripuit,
687 1160 724 1188 ut
741 1154 873 1188 talibus
893 1155 1118 1196 resistamus;
1145 1155 1335 1199 projiciant
1363 1154 1509 1189 dextrae
1527 1158 1670 1188 nostrae

277 1230 374 1255 arma
399 1220 489 1255 haee
516 1220 674 1254 earnalia
699 1224 733 1254 et
759 1223 936 1254 armentur
963 1219 1160 1262 virtutibus,
1187 1224 1221 1255 et
1250 1220 1351 1263 talia,
1387 1222 1416 1254 si
1442 1220 1571 1265 placet,
1606 1220 1670 1253 im-

277 1288 434 1332 peratori
463 1286 723 1321 remandemus:
760 1285 886 1319 milites
915 1279 1054 1327 sumus,
1083 1287 1290 1329 imperator,
1322 1287 1392 1328 tui,
1425 1287 1518 1320 servi
1544 1290 1671 1327 antem,

278 1352 373 1398 quod
402 1352 513 1387 libere
542 1352 763 1397 profitemur,
800 1351 949 1393 Christi3
983 1351 1048 1384 tibi
1084 1350 1251 1385 debemus
1277 1351 1455 1394 militiam,
1491 1351 1543 1384 illi
1570 1353 1671 1385 inno-

281 1420 448 1461 centiam3
475 1428 496 1452 a
520 1422 555 1454 te
583 1418 716 1452 laboris
743 1417 967 1462 stipendium,
995 1416 1038 1450 ab
1065 1417 1126 1451 illo
1154 1417 1332 1452 exordium
1360 1418 1544 1451 sumsimus
1568 1419 1672 1459 vitae,

279 1486 465 1530 omniaque
498 1495 560 1529 pro
599 1485 678 1528 ipso
711 1487 883 1518 tormenta
918 1483 1100 1527 suscipere
1135 1484 1252 1528 parati
1291 1493 1408 1517 snmus
1447 1487 1481 1517 et
1515 1482 1559 1517 ab
1595 1484 1672 1528 ejus

281 1549 348 1584 lide
374 1560 547 1595 nunquam
574 1549 804 1584 discedemus.
854 1548 954 1583 Tunc
988 1550 1114 1593 impius
1149 1549 1283 1583 Caesar
1312 1550 1423 1594 juissit
1447 1559 1543 1583 suum
1572 1559 1673 1584 exer-

282 1617 385 1649 citum
411 1619 518 1649 totam
542 1615 717 1660 legionem
746 1615 960 1649 circumdare
977 1643 984 1656 ‚
1018 1616 1068 1649 ita
1094 1619 1131 1649 ut
1155 1626 1243 1649 unus
1271 1615 1421 1650 evadere
1447 1626 1515 1649 non
1541 1618 1674 1660 posset.

282 1681 466 1715 Vallantur
490 1682 598 1726 igitur
623 1680 752 1713 milites
780 1680 908 1713 Christi
937 1691 957 1714 a
984 1680 1150 1715 militibus
1176 1680 1319 1725 dyaboli
1352 1686 1386 1716 et
1414 1680 1576 1715 nefandis
1602 1690 1674 1714 ma-
1727 1694 1729 1697 ·

283 1745 385 1780 nibus
412 1745 630 1780 trucidantur
657 1750 690 1779 et
715 1744 864 1789 pedibus
892 1746 1138 1781 conenit-antur
1167 1758 1333 1792 equorum
1371 1751 1405 1782 et
1429 1746 1568 1782 Christo
1594 1756 1676 1790 pre-

283 1813 366 1846 tiosi
400 1813 560 1845 martires
596 1815 857 1845 consecrantur.
908 1811 1009 1845 Passi
1043 1816 1122 1845 sunt
1147 1816 1259 1846 autem
1285 1814 1380 1847 cirea
1407 1823 1518 1847 annos
1547 1811 1676 1845 domini

285 1876 485 1911 CCLXXX.
534 1876 600 1910 Dei
626 1881 740 1910 autem
767 1880 850 1910 nutu
879 1877 1103 1921 quamplures
1130 1882 1340 1918 evaserunt,
1374 1881 1411 1910 ut
1443 1879 1477 1910 in
1510 1877 1676 1921 regiones

282 1942 373 1976 alias
387 1943 564 1975 venientes
578 1941 706 1975 Christi
720 1952 841 1975 nomen
856 1940 1146 1985 praedicat-enitet
1162 1942 1421 1986 gloriosissime
1439 1944 1472 1976 in
1492 1942 1579 1975 loeis
1598 1942 1677 1975 aliis

283 2006 549 2051 triumpharent.
578 2006 629 2041 Ex
654 2006 779 2050 quibus
800 2007 910 2041 l'nisse
929 2006 1255 2050 ilicinitanolutor,
1282 2010 1311 2050 ¹)
1326 2008 1506 2042 Adventor
1526 2008 1676 2042 etOcta-

286 2073 362 2106 vius
389 2072 479 2116 apud
510 2072 722 2113 Taurinum,
760 2071 961 2115 Alexander
994 2071 1087 2115 apud
1116 2071 1342 2117 Pergamum,
1377 2073 1560 2108 Secundus
1585 2073 1676 2118 apud

285 2137 480 2179 Vintiuum,
523 2147 657 2171 necnon
698 2143 732 2171 et
764 2138 887 2171 beatus
926 2138 1153 2171 Constantius
1196 2142 1231 2172 et
1266 2138 1388 2173 Victor
1428 2144 1463 2174 et
1494 2138 1602 2174 Ursus
1646 2143 1681 2174 et

286 2203 510 2248 quamplures
542 2202 616 2238 alii.
666 2202 746 2236 Cum
781 2203 890 2247 igitur
923 2202 1105 2236 carnifiees
1143 2203 1307 2247 praedam
1342 2204 1538 2239 dividerent
1570 2209 1603 2239 et
1628 2207 1680 2239 in-

287 2269 388 2302 simul
435 2269 680 2312 epularentur,
722 2267 892 2313 quendam
938 2278 1054 2302 senem
1096 2270 1234 2303 nomine
1270 2268 1445 2304 Victorem
1482 2270 1561 2305 inde
1596 2280 1679 2306 casn

287 2337 524 2367 transeuntem
552 2333 595 2366 ad
624 2343 740 2367 secum
767 2333 1018 2367 convivandum
1047 2335 1204 2368 invitant.
1253 2334 1314 2369 ille
1344 2337 1525 2380 requirere
1552 2338 1680 2381 eoepit,

287 2397 462 2443 ‹punnodo
504 2399 594 2432 inter
632 2402 681 2431 tot
716 2398 825 2433 millia
858 2399 1053 2432 occisorum
1088 2403 1234 2443 possent
1265 2411 1339 2435 cum
1373 2401 1505 2447 gaudio
1533 2402 1678 2447 epulari.

287 2464 369 2497 Cum
406 2466 518 2497 antem
554 2473 576 2497 a
610 2463 758 2509 quodam
791 2463 1008 2505 audivisset,
1054 2465 1147 2510 qnod
1185 2476 1248 2510 pro
1283 2466 1350 2501 tide
1389 2467 1518 2502 Christi
1555 2468 1679 2501 mortni

287 2531 425 2570 essent,
454 2530 636 2573 suspirans
664 2528 724 2563 ille
753 2529 977 2564 vehementer
1003 2530 1189 2575 ingemuit,
1216 2532 1352 2567 beatum
1379 2534 1515 2567 omnino
1540 2542 1579 2566 se
1605 2531 1676 2566 ela-

286 2595 434 2635 mitans,
484 2594 512 2627 si
554 2604 628 2628 cum
674 2594 744 2627 illis
781 2594 907 2630 suisset
941 2597 1087 2630 occisus..
1147 2597 1228 2631 Cum
1266 2602 1377 2633 autem
1409 2598 1677 2641 comperissent,

356 2689 704 2720 t)1-211.t·1-.mnlol=.11›c
727 2692 778 2717 ΕΜ.
800 2697 958 2718 aventon*
986 2698 1096 2720 urla*
1111 2703 1148 2720 ns
1170 2708 1198 2714 —
1226 2694 1346 2720 Alexa
1361 2692 1454 2720 ndei
1486 2695 1586 2729 apud
1616 2698 1663 2722 ne—

287 2733 345 2758 ΗΜ
362 2732 419 2757 nin
435 2744 477 2765 ¹¹¹:
515 2737 530 2756 S
544 2744 581 2759 v«-
594 2746 634 2762 nn
647 2736 662 2761 (l
677 2746 714 2763 με
744 2749 756 2761 ,ι
772 2747 786 2771 p
801 2737 844 2764 nil
873 2737 970 2764 Yiri'i
989 2749 1003 2763 ιι
1016 2748 1042 2764 in
1056 2738 1142 2765 liunt
1168 2738 1246 2769 tog-t.
