<?xml version="1.0" encoding="UTF-8"?>
<!DOCTYPE html PUBLIC "-//W3C//DTD XHTML 1.0 Transitional//EN"
    "http://www.w3.org/TR/xhtml1/DTD/xhtml1-transitional.dtd">
<html xmlns="http://www.w3.org/1999/xhtml" xml:lang="en" lang="en">
 <head>
  <title>
</title>
<meta http-equiv="Content-Type" content="text/html;charset=utf-8" />
  <meta name='ocr-system' content='tesseract 3.04.00' />
  <meta name='ocr-capabilities' content='ocr_page ocr_carea ocr_par ocr_line ocrx_word'/>
</head>
<body>
  <div class='ocr_page' id='page_1' title='image "./legendaaureavulg00jacouoft_0410.png"; bbox 0 0 1742 3005; ppageno 0'>
   <div class='ocr_carea' id='block_1_1' title="bbox 285 91 1451 145">
    <p class='ocr_par' dir='ltr' id='par_1_1' title="bbox 285 91 1451 145">
     <span class='ocr_line' id='line_1_1' title="bbox 285 91 1451 145; baseline -0.004 -12"><span class='ocrx_word' id='word_1_1' title='bbox 285 95 367 135; x_wconf 77' lang='lat'>380</span> <span class='ocrx_word' id='word_1_2' title='bbox 570 96 666 145; x_wconf 80' lang='lat' dir='ltr'>Cap.</span> <span class='ocrx_word' id='word_1_3' title='bbox 699 93 780 131; x_wconf 86' lang='lat' dir='ltr'>XC.</span> <span class='ocrx_word' id='word_1_4' title='bbox 838 94 896 130; x_wconf 88' lang='lat' dir='ltr'>De</span> <span class='ocrx_word' id='word_1_5' title='bbox 927 100 1058 131; x_wconf 79' lang='lat' dir='ltr'>saneto</span> <span class='ocrx_word' id='word_1_6' title='bbox 1096 91 1220 130; x_wconf 86' lang='lat' dir='ltr'>Paulo</span> <span class='ocrx_word' id='word_1_7' title='bbox 1261 91 1451 142; x_wconf 83' lang='lat' dir='ltr'>apostolo.</span> 
     </span>
    </p>
   </div>
   <div class='ocr_carea' id='block_1_2' title="bbox 773 306 1194 371">
    <p class='ocr_par' dir='ltr' id='par_1_2' title="bbox 773 306 1194 371">
     <span class='ocr_line' id='line_1_2' title="bbox 773 306 1194 371; baseline 0.002 -3"><span class='ocrx_word' id='word_1_8' title='bbox 773 307 900 369; x_wconf 76' lang='lat' dir='ltr'><strong>GAP.</strong></span> <span class='ocrx_word' id='word_1_9' title='bbox 934 306 1022 368; x_wconf 83' lang='lat' dir='ltr'>XG.</span> <span class='ocrx_word' id='word_1_10' title='bbox 1059 306 1194 371; x_wconf 84' lang='lat'>(85.)</span> 
     </span>
    </p>
   </div>
   <div class='ocr_carea' id='block_1_3' title="bbox 517 404 1445 461">
    <p class='ocr_par' dir='ltr' id='par_1_3' title="bbox 517 404 1445 461">
     <span class='ocr_line' id='line_1_3' title="bbox 517 404 1445 461; baseline -0.006 -6"><span class='ocrx_word' id='word_1_11' title='bbox 517 411 617 455; x_wconf 79' lang='lat' dir='ltr'>De</span> <span class='ocrx_word' id='word_1_12' title='bbox 647 409 869 454; x_wconf 81' lang='lat' dir='ltr'>saneto</span> <span class='ocrx_word' id='word_1_13' title='bbox 898 406 1107 454; x_wconf 84' lang='lat' dir='ltr'>Paulo</span> <span class='ocrx_word' id='word_1_14' title='bbox 1138 404 1445 461; x_wconf 80' lang='lat' dir='ltr'>apostolo.</span> 
     </span>
    </p>
   </div>
   <div class='ocr_carea' id='block_1_4' title="bbox 269 511 1677 2738">
    <p class='ocr_par' dir='ltr' id='par_1_4' title="bbox 271 511 1677 2078">
     <span class='ocr_line' id='line_1_4' title="bbox 372 511 1675 564; baseline -0.005 -13"><span class='ocrx_word' id='word_1_15' title='bbox 372 516 501 552; x_wconf 87' lang='lat' dir='ltr'>Paulus</span> <span class='ocrx_word' id='word_1_16' title='bbox 530 519 780 564; x_wconf 86' lang='lat' dir='ltr'>interpretatur</span> <span class='ocrx_word' id='word_1_17' title='bbox 810 529 850 552; x_wconf 91' lang='lat' dir='ltr'>os</span> <span class='ocrx_word' id='word_1_18' title='bbox 885 518 991 552; x_wconf 85' lang='lat' dir='ltr'>tubae</span> <span class='ocrx_word' id='word_1_19' title='bbox 1017 518 1072 552; x_wconf 79' lang='lat' dir='ltr'>vel</span> <span class='ocrx_word' id='word_1_20' title='bbox 1097 526 1137 551; x_wconf 91' lang='lat' dir='ltr'>os</span> <span class='ocrx_word' id='word_1_21' title='bbox 1163 526 1281 551; x_wconf 88' lang='lat' dir='ltr'>eorum</span> <span class='ocrx_word' id='word_1_22' title='bbox 1309 524 1373 549; x_wconf 91' lang='lat' dir='ltr'>seu</span> <span class='ocrx_word' id='word_1_23' title='bbox 1399 513 1546 548; x_wconf 88' lang='lat' dir='ltr'>electum</span> <span class='ocrx_word' id='word_1_24' title='bbox 1572 511 1675 545; x_wconf 83' lang='lat' dir='ltr'>mira-</span> 
     </span>
     <span class='ocr_line' id='line_1_5' title="bbox 283 578 1677 626; baseline -0.004 -11"><span class='ocrx_word' id='word_1_25' title='bbox 283 581 356 616; x_wconf 90' lang='lat' dir='ltr'>bile</span> <span class='ocrx_word' id='word_1_26' title='bbox 383 583 436 617; x_wconf 81' lang='lat' dir='ltr'>vel</span> <span class='ocrx_word' id='word_1_27' title='bbox 465 583 650 619; x_wconf 73' lang='lat' dir='ltr'>electionis</span> <span class='ocrx_word' id='word_1_28' title='bbox 677 584 890 626; x_wconf 82' lang='lat' dir='ltr'>miraculum,</span> <span class='ocrx_word' id='word_1_29' title='bbox 918 584 971 618; x_wconf 79' lang='lat' dir='ltr'>vel</span> <span class='ocrx_word' id='word_1_30' title='bbox 995 583 1124 618; x_wconf 88' lang='lat' dir='ltr'>Paulus</span> <span class='ocrx_word' id='word_1_31' title='bbox 1152 592 1173 616; x_wconf 87' lang='lat' dir='ltr'>a</span> <span class='ocrx_word' id='word_1_32' title='bbox 1198 591 1321 626; x_wconf 88' lang='lat' dir='ltr'>pausa,</span> <span class='ocrx_word' id='word_1_33' title='bbox 1348 579 1441 626; x_wconf 91' lang='lat' dir='ltr'>quod</span> <span class='ocrx_word' id='word_1_34' title='bbox 1467 582 1520 614; x_wconf 90' lang='lat' dir='ltr'>est</span> <span class='ocrx_word' id='word_1_35' title='bbox 1538 578 1677 622; x_wconf 82' lang='lat' dir='ltr'>requies</span> 
     </span>
     <span class='ocr_line' id='line_1_6' title="bbox 284 644 1675 693; baseline -0.002 -13"><span class='ocrx_word' id='word_1_36' title='bbox 284 647 471 691; x_wconf 77' lang='lat' dir='ltr'>hebraice,</span> <span class='ocrx_word' id='word_1_37' title='bbox 498 651 655 687; x_wconf 82' lang='lat' dir='ltr'>modicus</span> <span class='ocrx_word' id='word_1_38' title='bbox 680 651 800 684; x_wconf 88' lang='lat' dir='ltr'>latine.</span> <span class='ocrx_word' id='word_1_39' title='bbox 850 649 917 684; x_wconf 87' lang='lat' dir='ltr'>Per</span> <span class='ocrx_word' id='word_1_40' title='bbox 941 649 1030 684; x_wconf 89' lang='lat' dir='ltr'>haec</span> <span class='ocrx_word' id='word_1_41' title='bbox 1049 648 1292 693; x_wconf 82' lang='lat' dir='ltr'>intelliguntur</span> <span class='ocrx_word' id='word_1_42' title='bbox 1312 657 1373 681; x_wconf 84' lang='lat' dir='ltr'>sex</span> <span class='ocrx_word' id='word_1_43' title='bbox 1391 644 1675 690; x_wconf 79' lang='lat' dir='ltr'>praerogativae,</span> 
     </span>
     <span class='ocr_line' id='line_1_7' title="bbox 283 710 1675 760; baseline -0.003 -14"><span class='ocrx_word' id='word_1_44' title='bbox 283 723 370 757; x_wconf 83' lang='lat' dir='ltr'>quas</span> <span class='ocrx_word' id='word_1_45' title='bbox 404 714 527 749; x_wconf 86' lang='lat' dir='ltr'>habuit</span> <span class='ocrx_word' id='word_1_46' title='bbox 558 716 685 750; x_wconf 89' lang='lat' dir='ltr'>Paulus</span> <span class='ocrx_word' id='word_1_47' title='bbox 717 725 803 760; x_wconf 89' lang='lat' dir='ltr'>prae</span> <span class='ocrx_word' id='word_1_48' title='bbox 839 716 1001 749; x_wconf 86' lang='lat' dir='ltr'>caeteris.</span> <span class='ocrx_word' id='word_1_49' title='bbox 1051 715 1200 749; x_wconf 89' lang='lat' dir='ltr'>Primum</span> <span class='ocrx_word' id='word_1_50' title='bbox 1235 718 1289 750; x_wconf 88' lang='lat' dir='ltr'>est</span> <span class='ocrx_word' id='word_1_51' title='bbox 1322 714 1445 759; x_wconf 84' lang='lat' dir='ltr'>lingua</span> <span class='ocrx_word' id='word_1_52' title='bbox 1481 710 1675 750; x_wconf 79' lang='lat' dir='ltr'>fructuosa,</span> 
     </span>
     <span class='ocr_line' id='line_1_8' title="bbox 280 776 1676 826; baseline -0.001 -15"><span class='ocrx_word' id='word_1_53' title='bbox 280 779 364 822; x_wconf 86' lang='lat' dir='ltr'>quia</span> <span class='ocrx_word' id='word_1_54' title='bbox 387 779 429 813; x_wconf 89' lang='lat' dir='ltr'>ab</span> <span class='ocrx_word' id='word_1_55' title='bbox 457 779 594 825; x_wconf 62' lang='lat' dir='ltr'>Illyrico</span> <span class='ocrx_word' id='word_1_56' title='bbox 619 791 730 826; x_wconf 88' lang='lat' dir='ltr'>usque</span> <span class='ocrx_word' id='word_1_57' title='bbox 756 780 800 814; x_wconf 91' lang='lat' dir='ltr'>ad</span> <span class='ocrx_word' id='word_1_58' title='bbox 825 780 1099 824; x_wconf 60' lang='lat' dir='ltr'>Hierosolymam</span> <span class='ocrx_word' id='word_1_59' title='bbox 1126 780 1345 824; x_wconf 84' lang='lat' dir='ltr'>praedicavit</span> <span class='ocrx_word' id='word_1_60' title='bbox 1370 776 1605 823; x_wconf 84' lang='lat' dir='ltr'>evangelium,</span> <span class='ocrx_word' id='word_1_61' title='bbox 1642 778 1676 808; x_wconf 79' lang='lat' dir='ltr'>et</span> 
     </span>
     <span class='ocr_line' id='line_1_9' title="bbox 279 842 1673 889; baseline -0.002 -12"><span class='ocrx_word' id='word_1_62' title='bbox 279 844 361 879; x_wconf 91' lang='lat' dir='ltr'>ideo</span> <span class='ocrx_word' id='word_1_63' title='bbox 390 844 518 880; x_wconf 88' lang='lat' dir='ltr'>dicitur</span> <span class='ocrx_word' id='word_1_64' title='bbox 541 857 581 881; x_wconf 91' lang='lat' dir='ltr'>os</span> <span class='ocrx_word' id='word_1_65' title='bbox 608 846 734 889; x_wconf 83' lang='lat' dir='ltr'>tubae,</span> <span class='ocrx_word' id='word_1_66' title='bbox 771 845 963 880; x_wconf 88' lang='lat' dir='ltr'>secundum</span> <span class='ocrx_word' id='word_1_67' title='bbox 987 847 1116 880; x_wconf 87' lang='lat' dir='ltr'>caritas</span> <span class='ocrx_word' id='word_1_68' title='bbox 1143 847 1340 886; x_wconf 89' lang='lat' dir='ltr'>viscerosa,</span> <span class='ocrx_word' id='word_1_69' title='bbox 1367 845 1448 889; x_wconf 88' lang='lat' dir='ltr'>quia</span> <span class='ocrx_word' id='word_1_70' title='bbox 1473 844 1552 887; x_wconf 88' lang='lat' dir='ltr'>quis</span> <span class='ocrx_word' id='word_1_71' title='bbox 1577 842 1673 875; x_wconf 84' lang='lat' dir='ltr'>intir-</span> 
     </span>
     <span class='ocr_line' id='line_1_10' title="bbox 279 908 1675 958; baseline -0.002 -14"><span class='ocrx_word' id='word_1_72' title='bbox 279 915 392 945; x_wconf 84' lang='lat' dir='ltr'>matur</span> <span class='ocrx_word' id='word_1_73' title='bbox 418 916 452 946; x_wconf 88' lang='lat' dir='ltr'>et</span> <span class='ocrx_word' id='word_1_74' title='bbox 476 923 544 958; x_wconf 84' lang='lat' dir='ltr'>ego</span> <span class='ocrx_word' id='word_1_75' title='bbox 571 923 640 947; x_wconf 92' lang='lat' dir='ltr'>non</span> <span class='ocrx_word' id='word_1_76' title='bbox 665 912 820 946; x_wconf 86' lang='lat' dir='ltr'>infirmor</span> <span class='ocrx_word' id='word_1_77' title='bbox 847 916 933 947; x_wconf 89' lang='lat' dir='ltr'>etc.:</span> <span class='ocrx_word' id='word_1_78' title='bbox 965 911 1047 946; x_wconf 90' lang='lat' dir='ltr'>inde</span> <span class='ocrx_word' id='word_1_79' title='bbox 1075 911 1204 946; x_wconf 87' lang='lat' dir='ltr'>dicitur</span> <span class='ocrx_word' id='word_1_80' title='bbox 1229 921 1269 945; x_wconf 93' lang='lat' dir='ltr'>os</span> <span class='ocrx_word' id='word_1_81' title='bbox 1299 920 1438 951; x_wconf 90' lang='lat' dir='ltr'>eorum,</span> <span class='ocrx_word' id='word_1_82' title='bbox 1477 919 1516 943; x_wconf 89' lang='lat' dir='ltr'>os</span> <span class='ocrx_word' id='word_1_83' title='bbox 1541 908 1675 942; x_wconf 77' lang='lat' dir='ltr'>scilicet</span> 
     </span>
     <span class='ocr_line' id='line_1_11' title="bbox 281 974 1676 1024; baseline -0.002 -14"><span class='ocrx_word' id='word_1_84' title='bbox 281 977 412 1020; x_wconf 90' lang='lat' dir='ltr'>cordis,</span> <span class='ocrx_word' id='word_1_85' title='bbox 441 977 484 1012; x_wconf 91' lang='lat' dir='ltr'>de</span> <span class='ocrx_word' id='word_1_86' title='bbox 511 989 578 1024; x_wconf 89' lang='lat' dir='ltr'>quo</span> <span class='ocrx_word' id='word_1_87' title='bbox 607 981 684 1023; x_wconf 82' lang='lat' dir='ltr'>ipse</span> <span class='ocrx_word' id='word_1_88' title='bbox 706 978 807 1012; x_wconf 87' lang='lat' dir='ltr'>dicit:</span> <span class='ocrx_word' id='word_1_89' title='bbox 833 988 873 1012; x_wconf 88' lang='lat' dir='ltr'>os</span> <span class='ocrx_word' id='word_1_90' title='bbox 901 981 1057 1011; x_wconf 86' lang='lat' dir='ltr'>nostrum</span> <span class='ocrx_word' id='word_1_91' title='bbox 1072 981 1171 1022; x_wconf 87' lang='lat' dir='ltr'>patet</span> <span class='ocrx_word' id='word_1_92' title='bbox 1188 977 1234 1011; x_wconf 83' lang='lat' dir='ltr'>ad</span> <span class='ocrx_word' id='word_1_93' title='bbox 1259 987 1333 1019; x_wconf 91' lang='lat' dir='ltr'>vos,</span> <span class='ocrx_word' id='word_1_94' title='bbox 1359 987 1378 1011; x_wconf 92' lang='grc' dir='ltr'><strong>ο</strong></span> <span class='ocrx_word' id='word_1_95' title='bbox 1402 974 1585 1017; x_wconf 88' lang='lat' dir='ltr'>Corinthii,</span> <span class='ocrx_word' id='word_1_96' title='bbox 1613 984 1676 1008; x_wconf 87' lang='lat' dir='ltr'>cor</span> 
     </span>
     <span class='ocr_line' id='line_1_12' title="bbox 280 1040 1673 1079; baseline -0.001 -3"><span class='ocrx_word' id='word_1_97' title='bbox 280 1048 436 1077; x_wconf 89' lang='lat' dir='ltr'>nostrum</span> <span class='ocrx_word' id='word_1_98' title='bbox 471 1043 654 1078; x_wconf 90' lang='lat' dir='ltr'>dilatatum</span> <span class='ocrx_word' id='word_1_99' title='bbox 690 1049 754 1079; x_wconf 89' lang='lat' dir='ltr'>est.</span> <span class='ocrx_word' id='word_1_100' title='bbox 805 1044 962 1079; x_wconf 89' lang='lat' dir='ltr'>Tertium</span> <span class='ocrx_word' id='word_1_101' title='bbox 991 1047 1044 1078; x_wconf 89' lang='lat' dir='ltr'>est</span> <span class='ocrx_word' id='word_1_102' title='bbox 1072 1045 1255 1078; x_wconf 81' lang='lat' dir='ltr'>conversio</span> <span class='ocrx_word' id='word_1_103' title='bbox 1291 1042 1503 1077; x_wconf 86' lang='lat' dir='ltr'>miraculosa</span> <span class='ocrx_word' id='word_1_104' title='bbox 1537 1045 1571 1076; x_wconf 91' lang='lat' dir='ltr'>et</span> <span class='ocrx_word' id='word_1_105' title='bbox 1592 1040 1673 1075; x_wconf 90' lang='lat' dir='ltr'>inde</span> 
     </span>
     <span class='ocr_line' id='line_1_13' title="bbox 280 1107 1672 1155; baseline 0 -14"><span class='ocrx_word' id='word_1_106' title='bbox 280 1107 409 1142; x_wconf 89' lang='lat' dir='ltr'>dicitur</span> <span class='ocrx_word' id='word_1_107' title='bbox 432 1109 580 1143; x_wconf 86' lang='lat' dir='ltr'>electum</span> <span class='ocrx_word' id='word_1_108' title='bbox 606 1110 788 1152; x_wconf 88' lang='lat' dir='ltr'>mirabile,</span> <span class='ocrx_word' id='word_1_109' title='bbox 822 1111 905 1155; x_wconf 91' lang='lat' dir='ltr'>quia</span> <span class='ocrx_word' id='word_1_110' title='bbox 928 1110 1139 1144; x_wconf 89' lang='lat' dir='ltr'>mirabiliter</span> <span class='ocrx_word' id='word_1_111' title='bbox 1163 1110 1295 1144; x_wconf 89' lang='lat' dir='ltr'>electus</span> <span class='ocrx_word' id='word_1_112' title='bbox 1319 1113 1353 1143; x_wconf 87' lang='lat' dir='ltr'>et</span> <span class='ocrx_word' id='word_1_113' title='bbox 1380 1118 1569 1143; x_wconf 88' lang='lat' dir='ltr'>conversus</span> <span class='ocrx_word' id='word_1_114' title='bbox 1596 1107 1672 1141; x_wconf 68' lang='lat' dir='ltr'>suitc</span> 
     </span>
     <span class='ocr_line' id='line_1_14' title="bbox 279 1173 1670 1220; baseline -0.001 -12"><span class='ocrx_word' id='word_1_115' title='bbox 279 1176 446 1214; x_wconf 85' lang='lat' dir='ltr'>Quartum</span> <span class='ocrx_word' id='word_1_116' title='bbox 481 1179 536 1209; x_wconf 88' lang='lat' dir='ltr'>est</span> <span class='ocrx_word' id='word_1_117' title='bbox 568 1185 688 1210; x_wconf 90' lang='lat' dir='ltr'>manus</span> <span class='ocrx_word' id='word_1_118' title='bbox 725 1185 878 1220; x_wconf 90' lang='lat' dir='ltr'>operosa</span> <span class='ocrx_word' id='word_1_119' title='bbox 910 1179 945 1210; x_wconf 91' lang='lat' dir='ltr'>et</span> <span class='ocrx_word' id='word_1_120' title='bbox 976 1176 1067 1211; x_wconf 89' lang='lat' dir='ltr'>inde&#39;</span> <span class='ocrx_word' id='word_1_121' title='bbox 1087 1177 1215 1210; x_wconf 90' lang='lat' dir='ltr'>dicitur</span> <span class='ocrx_word' id='word_1_122' title='bbox 1248 1175 1429 1210; x_wconf 81' lang='lat' dir='ltr'>electionis</span> <span class='ocrx_word' id='word_1_123' title='bbox 1456 1173 1670 1208; x_wconf 83' lang='lat' dir='ltr'>miraculum.</span> 
     </span>
     <span class='ocr_line' id='line_1_15' title="bbox 278 1239 1670 1287; baseline 0 -13"><span class='ocrx_word' id='word_1_124' title='bbox 278 1239 445 1286; x_wconf 82' lang='lat' dir='ltr'>Magnum</span> <span class='ocrx_word' id='word_1_125' title='bbox 472 1243 561 1276; x_wconf 88' lang='lat' dir='ltr'>enim</span> <span class='ocrx_word' id='word_1_126' title='bbox 586 1241 788 1275; x_wconf 82' lang='lat' dir='ltr'>miraculum</span> <span class='ocrx_word' id='word_1_127' title='bbox 813 1241 899 1284; x_wconf 85' lang='lat' dir='ltr'>fuit,</span> <span class='ocrx_word' id='word_1_128' title='bbox 936 1241 1074 1287; x_wconf 89' lang='lat' dir='ltr'>quando</span> <span class='ocrx_word' id='word_1_129' title='bbox 1107 1242 1217 1287; x_wconf 85' lang='lat' dir='ltr'>elegit</span> <span class='ocrx_word' id='word_1_130' title='bbox 1239 1240 1307 1275; x_wconf 88' lang='lat' dir='ltr'>sibi</span> <span class='ocrx_word' id='word_1_131' title='bbox 1332 1242 1485 1286; x_wconf 90' lang='lat' dir='ltr'>propriis</span> <span class='ocrx_word' id='word_1_132' title='bbox 1511 1240 1670 1274; x_wconf 88' lang='lat' dir='ltr'>manibus</span> 
     </span>
     <span class='ocr_line' id='line_1_16' title="bbox 278 1306 1669 1353; baseline 0 -13"><span class='ocrx_word' id='word_1_133' title='bbox 278 1311 435 1352; x_wconf 87' lang='lat' dir='ltr'>sumptus</span> <span class='ocrx_word' id='word_1_134' title='bbox 461 1308 645 1353; x_wconf 83' lang='lat' dir='ltr'>acquirere</span> <span class='ocrx_word' id='word_1_135' title='bbox 670 1312 705 1342; x_wconf 82' lang='lat' dir='ltr'>et</span> <span class='ocrx_word' id='word_1_136' title='bbox 729 1309 950 1342; x_wconf 77' lang='lat' dir='ltr'>incessanter</span> <span class='ocrx_word' id='word_1_137' title='bbox 975 1307 1194 1352; x_wconf 88' lang='lat' dir='ltr'>praedicare.</span> <span class='ocrx_word' id='word_1_138' title='bbox 1244 1306 1405 1346; x_wconf 90' lang='lat' dir='ltr'>Quintum</span> <span class='ocrx_word' id='word_1_139' title='bbox 1430 1306 1494 1341; x_wconf 88' lang='lat' dir='ltr'>suit</span> <span class='ocrx_word' id='word_1_140' title='bbox 1515 1311 1669 1341; x_wconf 80' lang='lat' dir='ltr'>conteni-</span> 
     </span>
     <span class='ocr_line' id='line_1_17' title="bbox 277 1372 1670 1419; baseline 0.001 -13"><span class='ocrx_word' id='word_1_141' title='bbox 277 1373 387 1418; x_wconf 86' lang='lat' dir='ltr'>platio</span> <span class='ocrx_word' id='word_1_142' title='bbox 414 1372 606 1416; x_wconf 87' lang='lat' dir='ltr'>deliciosa,</span> <span class='ocrx_word' id='word_1_143' title='bbox 641 1375 723 1419; x_wconf 88' lang='lat' dir='ltr'>quia</span> <span class='ocrx_word' id='word_1_144' title='bbox 754 1378 875 1418; x_wconf 86' lang='lat' dir='ltr'>raptus</span> <span class='ocrx_word' id='word_1_145' title='bbox 912 1378 967 1408; x_wconf 91' lang='lat' dir='ltr'>est</span> <span class='ocrx_word' id='word_1_146' title='bbox 1001 1384 1112 1419; x_wconf 90' lang='lat' dir='ltr'>usque</span> <span class='ocrx_word' id='word_1_147' title='bbox 1140 1374 1174 1407; x_wconf 91' lang='lat' dir='ltr'>in</span> <span class='ocrx_word' id='word_1_148' title='bbox 1196 1374 1336 1408; x_wconf 90' lang='lat' dir='ltr'>tertium</span> <span class='ocrx_word' id='word_1_149' title='bbox 1364 1372 1498 1407; x_wconf 90' lang='lat' dir='ltr'>coelum</span> <span class='ocrx_word' id='word_1_150' title='bbox 1526 1376 1560 1406; x_wconf 90' lang='lat' dir='ltr'>et</span> <span class='ocrx_word' id='word_1_151' title='bbox 1589 1372 1670 1407; x_wconf 89' lang='lat' dir='ltr'>inde</span> 
     </span>
     <span class='ocr_line' id='line_1_18' title="bbox 277 1433 1668 1486; baseline 0.001 -14"><span class='ocrx_word' id='word_1_152' title='bbox 277 1439 343 1473; x_wconf 84' lang='lat' dir='ltr'>suit</span> <span class='ocrx_word' id='word_1_153' title='bbox 366 1438 495 1473; x_wconf 88' lang='lat' dir='ltr'>domini</span> <span class='ocrx_word' id='word_1_154' title='bbox 520 1441 673 1486; x_wconf 85' lang='lat' dir='ltr'>requies,</span> <span class='ocrx_word' id='word_1_155' title='bbox 699 1433 781 1486; x_wconf 85' lang='lat' dir='ltr'>quia</span> <span class='ocrx_word' id='word_1_156' title='bbox 807 1441 841 1474; x_wconf 90' lang='lat' dir='ltr'>in</span> <span class='ocrx_word' id='word_1_157' title='bbox 870 1440 1163 1486; x_wconf 81' lang='lat' dir='ltr'>contemplatione</span> <span class='ocrx_word' id='word_1_158' title='bbox 1189 1440 1344 1485; x_wconf 84' lang='lat' dir='ltr'>exigitur</span> <span class='ocrx_word' id='word_1_159' title='bbox 1369 1440 1511 1484; x_wconf 86' lang='lat' dir='ltr'>requies</span> <span class='ocrx_word' id='word_1_160' title='bbox 1531 1440 1668 1473; x_wconf 88' lang='lat' dir='ltr'>mentis.</span> 
     </span>
     <span class='ocr_line' id='line_1_19' title="bbox 276 1504 1668 1541; baseline 0 -2"><span class='ocrx_word' id='word_1_161' title='bbox 276 1505 419 1539; x_wconf 89' lang='lat' dir='ltr'>Sextum</span> <span class='ocrx_word' id='word_1_162' title='bbox 454 1509 508 1540; x_wconf 89' lang='lat' dir='ltr'>est</span> <span class='ocrx_word' id='word_1_163' title='bbox 544 1505 722 1540; x_wconf 86' lang='lat' dir='ltr'>humilitas</span> <span class='ocrx_word' id='word_1_164' title='bbox 756 1507 916 1541; x_wconf 86' lang='lat' dir='ltr'>virtuosa</span> <span class='ocrx_word' id='word_1_165' title='bbox 947 1510 982 1541; x_wconf 91' lang='lat' dir='ltr'>et</span> <span class='ocrx_word' id='word_1_166' title='bbox 1016 1506 1096 1541; x_wconf 90' lang='lat' dir='ltr'>inde</span> <span class='ocrx_word' id='word_1_167' title='bbox 1130 1506 1258 1541; x_wconf 91' lang='lat' dir='ltr'>dicitur</span> <span class='ocrx_word' id='word_1_168' title='bbox 1288 1505 1457 1540; x_wconf 88' lang='lat' dir='ltr'>modicus.</span> <span class='ocrx_word' id='word_1_169' title='bbox 1505 1504 1555 1540; x_wconf 89' lang='lat' dir='ltr'>De</span> <span class='ocrx_word' id='word_1_170' title='bbox 1585 1504 1668 1539; x_wconf 53' lang='lat' dir='ltr'>&gt;hoo</span> 
     </span>
     <span class='ocr_line' id='line_1_20' title="bbox 275 1570 1667 1619; baseline -0.001 -14"><span class='ocrx_word' id='word_1_171' title='bbox 275 1575 390 1606; x_wconf 87' lang='lat' dir='ltr'>autem</span> <span class='ocrx_word' id='word_1_172' title='bbox 423 1572 561 1606; x_wconf 88' lang='lat' dir='ltr'>nomine</span> <span class='ocrx_word' id='word_1_173' title='bbox 597 1571 726 1606; x_wconf 88' lang='lat' dir='ltr'>Paulus</span> <span class='ocrx_word' id='word_1_174' title='bbox 768 1577 840 1608; x_wconf 85' lang='lat' dir='ltr'>tres</span> <span class='ocrx_word' id='word_1_175' title='bbox 873 1574 953 1607; x_wconf 79' lang='lat' dir='ltr'>sunt</span> <span class='ocrx_word' id='word_1_176' title='bbox 984 1575 1180 1618; x_wconf 83' lang='lat' dir='ltr'>opiniones.</span> <span class='ocrx_word' id='word_1_177' title='bbox 1231 1573 1404 1619; x_wconf 83' lang='lat' dir='ltr'>Origenes</span> <span class='ocrx_word' id='word_1_178' title='bbox 1438 1571 1531 1615; x_wconf 88' lang='lat' dir='ltr'>vult,</span> <span class='ocrx_word' id='word_1_179' title='bbox 1573 1570 1667 1617; x_wconf 90' lang='lat' dir='ltr'>quod</span> 
     </span>
     <span class='ocr_line' id='line_1_21' title="bbox 275 1636 1668 1684; baseline -0.001 -12"><span class='ocrx_word' id='word_1_180' title='bbox 275 1648 415 1683; x_wconf 88' lang='lat' dir='ltr'>semper</span> <span class='ocrx_word' id='word_1_181' title='bbox 433 1637 539 1672; x_wconf 81' lang='lat' dir='ltr'>suerit</span> <span class='ocrx_word' id='word_1_182' title='bbox 555 1638 726 1673; x_wconf 88' lang='lat' dir='ltr'>binomius</span> <span class='ocrx_word' id='word_1_183' title='bbox 748 1642 781 1673; x_wconf 92' lang='lat' dir='ltr'>et</span> <span class='ocrx_word' id='word_1_184' title='bbox 800 1643 943 1673; x_wconf 89' lang='lat' dir='ltr'>vocatus</span> <span class='ocrx_word' id='word_1_185' title='bbox 969 1641 1015 1673; x_wconf 89' lang='lat' dir='ltr'>sit</span> <span class='ocrx_word' id='word_1_186' title='bbox 1038 1650 1178 1684; x_wconf 87' lang='lat' dir='ltr'>semper</span> <span class='ocrx_word' id='word_1_187' title='bbox 1204 1639 1332 1674; x_wconf 85' lang='lat' dir='ltr'>Saulus</span> <span class='ocrx_word' id='word_1_188' title='bbox 1365 1642 1399 1673; x_wconf 91' lang='lat' dir='ltr'>et</span> <span class='ocrx_word' id='word_1_189' title='bbox 1425 1637 1573 1680; x_wconf 87' lang='lat' dir='ltr'>Paulus;</span> <span class='ocrx_word' id='word_1_190' title='bbox 1598 1636 1668 1672; x_wconf 80' lang='lat' dir='ltr'>Ra-</span> 
     </span>
     <span class='ocr_line' id='line_1_22' title="bbox 275 1702 1668 1750; baseline 0.001 -13"><span class='ocrx_word' id='word_1_191' title='bbox 275 1702 387 1738; x_wconf 90' lang='lat' dir='ltr'>banus</span> <span class='ocrx_word' id='word_1_192' title='bbox 422 1714 504 1739; x_wconf 88' lang='lat' dir='ltr'>vero</span> <span class='ocrx_word' id='word_1_193' title='bbox 540 1704 627 1746; x_wconf 87' lang='lat' dir='ltr'>vult,</span> <span class='ocrx_word' id='word_1_194' title='bbox 663 1703 756 1749; x_wconf 89' lang='lat' dir='ltr'>quod</span> <span class='ocrx_word' id='word_1_195' title='bbox 790 1709 870 1740; x_wconf 87' lang='lat' dir='ltr'>ante</span> <span class='ocrx_word' id='word_1_196' title='bbox 904 1704 1018 1739; x_wconf 88' lang='lat' dir='ltr'>dictus</span> <span class='ocrx_word' id='word_1_197' title='bbox 1044 1710 1098 1740; x_wconf 89' lang='lat' dir='ltr'>est</span> <span class='ocrx_word' id='word_1_198' title='bbox 1129 1705 1257 1740; x_wconf 87' lang='lat' dir='ltr'>Saulus</span> <span class='ocrx_word' id='word_1_199' title='bbox 1283 1715 1304 1739; x_wconf 89' lang='lat' dir='ltr'>a</span> <span class='ocrx_word' id='word_1_200' title='bbox 1328 1705 1457 1747; x_wconf 87' lang='lat' dir='ltr'>Saule,</span> <span class='ocrx_word' id='word_1_201' title='bbox 1498 1714 1583 1750; x_wconf 84' lang='lat' dir='ltr'>rege</span> <span class='ocrx_word' id='word_1_202' title='bbox 1609 1713 1668 1739; x_wconf 88' lang='lat' dir='ltr'>su-</span> 
     </span>
     <span class='ocr_line' id='line_1_23' title="bbox 274 1769 1667 1816; baseline -0.001 -12"><span class='ocrx_word' id='word_1_203' title='bbox 274 1769 405 1813; x_wconf 69' lang='lat' dir='ltr'>pedm,</span> <span class='ocrx_word' id='word_1_204' title='bbox 438 1769 503 1804; x_wconf 90' lang='lat' dir='ltr'>sed</span> <span class='ocrx_word' id='word_1_205' title='bbox 527 1773 609 1814; x_wconf 88' lang='lat' dir='ltr'>post</span> <span class='ocrx_word' id='word_1_206' title='bbox 635 1771 900 1804; x_wconf 86' lang='lat' dir='ltr'>conversionem</span> <span class='ocrx_word' id='word_1_207' title='bbox 925 1775 1071 1805; x_wconf 87' lang='lat' dir='ltr'>vocatus</span> <span class='ocrx_word' id='word_1_208' title='bbox 1099 1775 1154 1805; x_wconf 85' lang='lat' dir='ltr'>est</span> <span class='ocrx_word' id='word_1_209' title='bbox 1177 1770 1328 1813; x_wconf 87' lang='lat' dir='ltr'>Paulus,</span> <span class='ocrx_word' id='word_1_210' title='bbox 1360 1772 1463 1816; x_wconf 83' lang='lat' dir='ltr'>quasi</span> <span class='ocrx_word' id='word_1_211' title='bbox 1487 1769 1667 1815; x_wconf 86' lang='lat' dir='ltr'>parvulus,</span> 
     </span>
     <span class='ocr_line' id='line_1_24' title="bbox 274 1833 1665 1879; baseline 0 -11"><span class='ocrx_word' id='word_1_212' title='bbox 274 1844 295 1868; x_wconf 86' lang='lat' dir='ltr'>a</span> <span class='ocrx_word' id='word_1_213' title='bbox 319 1834 456 1868; x_wconf 87' lang='lat' dir='ltr'>modico</span> <span class='ocrx_word' id='word_1_214' title='bbox 483 1839 517 1869; x_wconf 88' lang='lat' dir='ltr'>et</span> <span class='ocrx_word' id='word_1_215' title='bbox 541 1833 662 1868; x_wconf 91' lang='lat' dir='ltr'>humili</span> <span class='ocrx_word' id='word_1_216' title='bbox 689 1835 837 1879; x_wconf 88' lang='lat' dir='ltr'>spiritu,</span> <span class='ocrx_word' id='word_1_217' title='bbox 871 1834 962 1870; x_wconf 90' lang='lat' dir='ltr'>unde</span> <span class='ocrx_word' id='word_1_218' title='bbox 991 1840 1025 1870; x_wconf 90' lang='lat' dir='ltr'>et</span> <span class='ocrx_word' id='word_1_219' title='bbox 1049 1846 1173 1871; x_wconf 86' lang='lat' dir='ltr'>nomen</span> <span class='ocrx_word' id='word_1_220' title='bbox 1198 1846 1296 1870; x_wconf 91' lang='lat' dir='ltr'>suum</span> <span class='ocrx_word' id='word_1_221' title='bbox 1322 1834 1584 1879; x_wconf 89' lang='lat' dir='ltr'>interpretando</span> <span class='ocrx_word' id='word_1_222' title='bbox 1612 1834 1665 1868; x_wconf 91' lang='lat' dir='ltr'>di-</span> 
     </span>
     <span class='ocr_line' id='line_1_25' title="bbox 274 1900 1663 1946; baseline 0 -12"><span class='ocrx_word' id='word_1_223' title='bbox 274 1900 394 1935; x_wconf 85' lang='lat' dir='ltr'>cebat:</span> <span class='ocrx_word' id='word_1_224' title='bbox 424 1911 491 1946; x_wconf 84' lang='lat' dir='ltr'>ego</span> <span class='ocrx_word' id='word_1_225' title='bbox 517 1910 591 1934; x_wconf 89' lang='lat' dir='ltr'>sum</span> <span class='ocrx_word' id='word_1_226' title='bbox 618 1901 776 1934; x_wconf 87' lang='lat' dir='ltr'>minimus</span> <span class='ocrx_word' id='word_1_227' title='bbox 804 1900 1044 1945; x_wconf 88' lang='lat' dir='ltr'>apostolorum</span> <span class='ocrx_word' id='word_1_228' title='bbox 1070 1906 1137 1936; x_wconf 87' lang='lat' dir='ltr'>etc.</span> <span class='ocrx_word' id='word_1_229' title='bbox 1185 1901 1285 1936; x_wconf 90' lang='lat' dir='ltr'>Beda</span> <span class='ocrx_word' id='word_1_230' title='bbox 1309 1905 1424 1935; x_wconf 89' lang='lat' dir='ltr'>autem</span> <span class='ocrx_word' id='word_1_231' title='bbox 1453 1900 1542 1943; x_wconf 81' lang='lat' dir='ltr'>vult,</span> <span class='ocrx_word' id='word_1_232' title='bbox 1571 1900 1663 1945; x_wconf 83' lang='lat' dir='ltr'>quod</span> 
     </span>
     <span class='ocr_line' id='line_1_26' title="bbox 273 1965 1663 2012; baseline 0.001 -12"><span class='ocrx_word' id='word_1_233' title='bbox 273 1967 387 2000; x_wconf 85' lang='lat' dir='ltr'>dietus</span> <span class='ocrx_word' id='word_1_234' title='bbox 415 1971 470 2001; x_wconf 90' lang='lat' dir='ltr'>est</span> <span class='ocrx_word' id='word_1_235' title='bbox 493 1965 621 2000; x_wconf 83' lang='lat' dir='ltr'>Paulus</span> <span class='ocrx_word' id='word_1_236' title='bbox 650 1976 672 2000; x_wconf 88' lang='lat' dir='ltr'>a</span> <span class='ocrx_word' id='word_1_237' title='bbox 696 1966 824 2012; x_wconf 85' lang='lat' dir='ltr'>Sergio</span> <span class='ocrx_word' id='word_1_238' title='bbox 852 1966 961 2001; x_wconf 85' lang='lat' dir='ltr'>Paulo</span> <span class='ocrx_word' id='word_1_239' title='bbox 988 1967 1220 2012; x_wconf 84' lang='lat' dir='ltr'>proconsule,</span> <span class='ocrx_word' id='word_1_240' title='bbox 1255 1978 1356 2012; x_wconf 90' lang='lat' dir='ltr'>quem</span> <span class='ocrx_word' id='word_1_241' title='bbox 1381 1966 1426 2001; x_wconf 85' lang='lat' dir='ltr'>ad</span> <span class='ocrx_word' id='word_1_242' title='bbox 1453 1966 1554 2001; x_wconf 81' lang='lat' dir='ltr'>tidem</span> <span class='ocrx_word' id='word_1_243' title='bbox 1580 1976 1663 2001; x_wconf 87' lang='lat' dir='ltr'>con-</span> 
     </span>
     <span class='ocr_line' id='line_1_27' title="bbox 271 2032 1405 2078; baseline 0.001 -12"><span class='ocrx_word' id='word_1_244' title='bbox 271 2033 388 2067; x_wconf 79' lang='lat' dir='ltr'>vertit.</span> <span class='ocrx_word' id='word_1_245' title='bbox 437 2032 643 2066; x_wconf 84' lang='lat' dir='ltr'>Passionem</span> <span class='ocrx_word' id='word_1_246' title='bbox 669 2033 781 2066; x_wconf 88' lang='lat' dir='ltr'>sancti</span> <span class='ocrx_word' id='word_1_247' title='bbox 805 2032 906 2066; x_wconf 89' lang='lat' dir='ltr'>Pauli</span> <span class='ocrx_word' id='word_1_248' title='bbox 931 2032 1040 2067; x_wconf 88' lang='lat' dir='ltr'>Linus</span> <span class='ocrx_word' id='word_1_249' title='bbox 1067 2043 1160 2078; x_wconf 87' lang='lat' dir='ltr'>papa</span> <span class='ocrx_word' id='word_1_250' title='bbox 1183 2034 1405 2078; x_wconf 80' lang='lat' dir='ltr'>conseripsit.</span> 
     </span>
    </p>

    <p class='ocr_par' dir='ltr' id='par_1_5' title="bbox 269 2097 1664 2738">
     <span class='ocr_line' id='line_1_28' title="bbox 360 2097 1664 2144; baseline 0.002 -12"><span class='ocrx_word' id='word_1_251' title='bbox 360 2097 489 2133; x_wconf 85' lang='lat' dir='ltr'>Paulus</span> <span class='ocrx_word' id='word_1_252' title='bbox 525 2098 709 2143; x_wconf 87' lang='lat' dir='ltr'>apostolus</span> <span class='ocrx_word' id='word_1_253' title='bbox 744 2102 825 2142; x_wconf 89' lang='lat' dir='ltr'>post</span> <span class='ocrx_word' id='word_1_254' title='bbox 854 2100 906 2132; x_wconf 90' lang='lat' dir='ltr'>sui</span> <span class='ocrx_word' id='word_1_255' title='bbox 943 2100 1206 2134; x_wconf 85' lang='lat' dir='ltr'>conversionem</span> <span class='ocrx_word' id='word_1_256' title='bbox 1242 2099 1368 2133; x_wconf 90' lang='lat' dir='ltr'>multas</span> <span class='ocrx_word' id='word_1_257' title='bbox 1398 2101 1664 2144; x_wconf 88' lang='lat' dir='ltr'>persecutiones</span> 
     </span>
     <span class='ocr_line' id='line_1_29' title="bbox 272 2163 1663 2210; baseline 0.001 -12"><span class='ocrx_word' id='word_1_258' title='bbox 272 2174 399 2210; x_wconf 86' lang='lat' dir='ltr'>passus</span> <span class='ocrx_word' id='word_1_259' title='bbox 426 2168 499 2206; x_wconf 91' lang='lat' dir='ltr'>est,</span> <span class='ocrx_word' id='word_1_260' title='bbox 535 2173 623 2209; x_wconf 88' lang='lat' dir='ltr'>quas</span> <span class='ocrx_word' id='word_1_261' title='bbox 649 2163 774 2199; x_wconf 89' lang='lat' dir='ltr'>beatus</span> <span class='ocrx_word' id='word_1_262' title='bbox 801 2163 954 2198; x_wconf 86' lang='lat' dir='ltr'>Hilarius</span> <span class='ocrx_word' id='word_1_263' title='bbox 980 2164 1135 2199; x_wconf 83' lang='lat' dir='ltr'>breviter</span> <span class='ocrx_word' id='word_1_264' title='bbox 1164 2169 1343 2199; x_wconf 84' lang='lat' dir='ltr'>enumerat</span> <span class='ocrx_word' id='word_1_265' title='bbox 1369 2164 1509 2199; x_wconf 89' lang='lat' dir='ltr'>dicens:</span> <span class='ocrx_word' id='word_1_266' title='bbox 1534 2165 1663 2200; x_wconf 89' lang='lat' dir='ltr'>Paulus</span> 
     </span>
     <span class='ocr_line' id='line_1_30' title="bbox 269 2229 1662 2277; baseline 0.001 -13"><span class='ocrx_word' id='word_1_267' title='bbox 269 2230 455 2275; x_wconf 84' lang='lat' dir='ltr'>apostolus</span> <span class='ocrx_word' id='word_1_268' title='bbox 479 2231 513 2263; x_wconf 93' lang='lat' dir='ltr'>in</span> <span class='ocrx_word' id='word_1_269' title='bbox 537 2229 710 2275; x_wconf 88' lang='lat' dir='ltr'>Philippis</span> <span class='ocrx_word' id='word_1_270' title='bbox 738 2231 848 2275; x_wconf 79' lang='lat' dir='ltr'>virgis</span> <span class='ocrx_word' id='word_1_271' title='bbox 876 2230 1053 2274; x_wconf 86' lang='lat' dir='ltr'>caeditur,</span> <span class='ocrx_word' id='word_1_272' title='bbox 1087 2233 1121 2265; x_wconf 90' lang='lat' dir='ltr'>in</span> <span class='ocrx_word' id='word_1_273' title='bbox 1147 2242 1289 2266; x_wconf 87' lang='lat' dir='ltr'>earcere</span> <span class='ocrx_word' id='word_1_274' title='bbox 1323 2233 1464 2277; x_wconf 90' lang='lat' dir='ltr'>ponitur</span> <span class='ocrx_word' id='word_1_275' title='bbox 1506 2235 1541 2266; x_wconf 89' lang='lat' dir='ltr'>et</span> <span class='ocrx_word' id='word_1_276' title='bbox 1565 2231 1662 2277; x_wconf 78' lang='lat' dir='ltr'>ligno</span> 
     </span>
     <span class='ocr_line' id='line_1_31' title="bbox 269 2295 1663 2341; baseline 0.001 -11"><span class='ocrx_word' id='word_1_277' title='bbox 269 2296 421 2341; x_wconf 86' lang='lat' dir='ltr'>pedihus</span> <span class='ocrx_word' id='word_1_278' title='bbox 447 2295 625 2341; x_wconf 76' lang='lat' dir='ltr'>affigitur,</span> <span class='ocrx_word' id='word_1_279' title='bbox 659 2297 693 2330; x_wconf 92' lang='lat' dir='ltr'>in</span> <span class='ocrx_word' id='word_1_280' title='bbox 725 2296 854 2330; x_wconf 80' lang='lat' dir='ltr'>Listr1s</span> <span class='ocrx_word' id='word_1_281' title='bbox 891 2296 1086 2341; x_wconf 82' lang='lat' dir='ltr'>lapidatur,</span> <span class='ocrx_word' id='word_1_282' title='bbox 1124 2299 1157 2331; x_wconf 94' lang='lat' dir='ltr'>in</span> <span class='ocrx_word' id='word_1_283' title='bbox 1185 2297 1317 2332; x_wconf 85' lang='lat' dir='ltr'>Yconio</span> <span class='ocrx_word' id='word_1_284' title='bbox 1345 2302 1379 2332; x_wconf 91' lang='lat' dir='ltr'>et</span> <span class='ocrx_word' id='word_1_285' title='bbox 1403 2297 1663 2333; x_wconf 82' lang='lat' dir='ltr'>Thessalonica</span> 
     </span>
     <span class='ocr_line' id='line_1_32' title="bbox 270 2360 1662 2407; baseline 0.001 -12"><span class='ocrx_word' id='word_1_286' title='bbox 270 2362 315 2395; x_wconf 86' lang='lat' dir='ltr'>ab</span> <span class='ocrx_word' id='word_1_287' title='bbox 352 2363 480 2407; x_wconf 88' lang='lat' dir='ltr'>iniquis</span> <span class='ocrx_word' id='word_1_288' title='bbox 517 2364 761 2407; x_wconf 84' lang='lat' dir='ltr'>persequitur,</span> <span class='ocrx_word' id='word_1_289' title='bbox 807 2363 841 2395; x_wconf 93' lang='lat' dir='ltr'>in</span> <span class='ocrx_word' id='word_1_290' title='bbox 875 2360 1018 2406; x_wconf 85' lang='lat' dir='ltr'>Epheso</span> <span class='ocrx_word' id='word_1_291' title='bbox 1056 2362 1141 2397; x_wconf 81' lang='lat' dir='ltr'>seris</span> <span class='ocrx_word' id='word_1_292' title='bbox 1177 2363 1290 2406; x_wconf 87' lang='lat' dir='ltr'>datur,</span> <span class='ocrx_word' id='word_1_293' title='bbox 1328 2365 1361 2398; x_wconf 92' lang='lat' dir='ltr'>in</span> <span class='ocrx_word' id='word_1_294' title='bbox 1394 2364 1566 2398; x_wconf 85' lang='lat' dir='ltr'>Damasco</span> <span class='ocrx_word' id='word_1_295' title='bbox 1598 2373 1662 2407; x_wconf 87' lang='lat' dir='ltr'>per</span> 
     </span>
     <span class='ocr_line' id='line_1_33' title="bbox 270 2427 1659 2474; baseline 0 -13"><span class='ocrx_word' id='word_1_296' title='bbox 270 2431 425 2472; x_wconf 83' lang='lat' dir='ltr'>sportam</span> <span class='ocrx_word' id='word_1_297' title='bbox 453 2439 471 2463; x_wconf 92' lang='lat' dir='ltr'>e</span> <span class='ocrx_word' id='word_1_298' title='bbox 496 2439 593 2462; x_wconf 90' lang='lat' dir='ltr'>muro</span> <span class='ocrx_word' id='word_1_299' title='bbox 621 2428 831 2473; x_wconf 85' lang='lat' dir='ltr'>deponitur,</span> <span class='ocrx_word' id='word_1_300' title='bbox 859 2429 894 2462; x_wconf 93' lang='lat' dir='ltr'>in</span> <span class='ocrx_word' id='word_1_301' title='bbox 923 2427 1119 2463; x_wconf 83' lang='lat' dir='ltr'>Jerusalem</span> <span class='ocrx_word' id='word_1_302' title='bbox 1146 2431 1294 2472; x_wconf 85' lang='lat' dir='ltr'>sistitur,</span> <span class='ocrx_word' id='word_1_303' title='bbox 1320 2431 1490 2473; x_wconf 87' lang='lat' dir='ltr'>caeditur,</span> <span class='ocrx_word' id='word_1_304' title='bbox 1517 2430 1659 2474; x_wconf 80' lang='lat' dir='ltr'>ligatur,</span> 
     </span>
     <span class='ocr_line' id='line_1_34' title="bbox 271 2493 1658 2542; baseline 0 -16"><span class='ocrx_word' id='word_1_305' title='bbox 271 2493 478 2536; x_wconf 86' lang='lat' dir='ltr'>insidiatur,</span> <span class='ocrx_word' id='word_1_306' title='bbox 514 2496 548 2528; x_wconf 91' lang='lat' dir='ltr'>in</span> <span class='ocrx_word' id='word_1_307' title='bbox 574 2494 743 2530; x_wconf 89' lang='lat' dir='ltr'>Caesaria</span> <span class='ocrx_word' id='word_1_308' title='bbox 769 2493 964 2536; x_wconf 86' lang='lat' dir='ltr'>clauditur,</span> <span class='ocrx_word' id='word_1_309' title='bbox 1002 2496 1222 2537; x_wconf 85' lang='lat' dir='ltr'>criminatur,</span> <span class='ocrx_word' id='word_1_310' title='bbox 1261 2498 1432 2542; x_wconf 84' lang='lat' dir='ltr'>navigans</span> <span class='ocrx_word' id='word_1_311' title='bbox 1465 2497 1498 2529; x_wconf 89' lang='lat' dir='ltr'>in</span> <span class='ocrx_word' id='word_1_312' title='bbox 1524 2493 1658 2528; x_wconf 89' lang='lat' dir='ltr'>ltaliam</span> 
     </span>
     <span class='ocr_line' id='line_1_35' title="bbox 271 2559 1658 2606; baseline 0.002 -15"><span class='ocrx_word' id='word_1_313' title='bbox 271 2560 426 2601; x_wconf 82' lang='lat' dir='ltr'>periculo</span> <span class='ocrx_word' id='word_1_314' title='bbox 454 2559 638 2606; x_wconf 82' lang='lat' dir='ltr'>dirigitur,</span> <span class='ocrx_word' id='word_1_315' title='bbox 666 2559 806 2595; x_wconf 87' lang='lat' dir='ltr'>Romam</span> <span class='ocrx_word' id='word_1_316' title='bbox 836 2562 978 2596; x_wconf 83' lang='lat' dir='ltr'>veniens</span> <span class='ocrx_word' id='word_1_317' title='bbox 1007 2561 1071 2595; x_wconf 86' lang='lat' dir='ltr'>sub</span> <span class='ocrx_word' id='word_1_318' title='bbox 1098 2560 1235 2597; x_wconf 88' lang='lat' dir='ltr'>Nerone</span> <span class='ocrx_word' id='word_1_319' title='bbox 1259 2562 1437 2606; x_wconf 87' lang='lat' dir='ltr'>judicatur</span> <span class='ocrx_word' id='word_1_320' title='bbox 1461 2564 1495 2594; x_wconf 89' lang='lat' dir='ltr'>et</span> <span class='ocrx_word' id='word_1_321' title='bbox 1520 2561 1658 2594; x_wconf 85' lang='lat' dir='ltr'>occisus</span> 
     </span>
     <span class='ocr_line' id='line_1_36' title="bbox 272 2622 1658 2674; baseline 0.004 -19"><span class='ocrx_word' id='word_1_322' title='bbox 272 2622 396 2657; x_wconf 81' lang='lat' dir='ltr'>linitur.</span> <span class='ocrx_word' id='word_1_323' title='bbox 448 2625 538 2660; x_wconf 90' lang='lat' dir='ltr'>llaec</span> <span class='ocrx_word' id='word_1_324' title='bbox 565 2625 728 2660; x_wconf 86' lang='lat' dir='ltr'>Hilarius.</span> <span class='ocrx_word' id='word_1_325' title='bbox 777 2627 1023 2671; x_wconf 79' lang='lat' dir='ltr'>Apostolatum</span> <span class='ocrx_word' id='word_1_326' title='bbox 1050 2628 1140 2663; x_wconf 92' lang='lat' dir='ltr'>inter</span> <span class='ocrx_word' id='word_1_327' title='bbox 1163 2631 1288 2674; x_wconf 86' lang='lat' dir='ltr'>gentes</span> <span class='ocrx_word' id='word_1_328' title='bbox 1311 2626 1459 2670; x_wconf 83' lang='lat' dir='ltr'>aceepit,</span> <span class='ocrx_word' id='word_1_329' title='bbox 1486 2626 1658 2674; x_wconf 73' lang='lat' dir='ltr'>quendam</span> 
     </span>
     <span class='ocr_line' id='line_1_37' title="bbox 271 2690 1660 2738; baseline 0.003 -16"><span class='ocrx_word' id='word_1_330' title='bbox 271 2692 482 2724; x_wconf 79' lang='lat' dir='ltr'>contractum</span> <span class='ocrx_word' id='word_1_331' title='bbox 517 2692 548 2724; x_wconf 84' lang='lat' dir='ltr'>in</span> <span class='ocrx_word' id='word_1_332' title='bbox 576 2690 702 2727; x_wconf 88' lang='lat' dir='ltr'>Listris</span> <span class='ocrx_word' id='word_1_333' title='bbox 738 2693 870 2735; x_wconf 65' lang='lat' dir='ltr'>erexit,</span> <span class='ocrx_word' id='word_1_334' title='bbox 903 2693 1087 2738; x_wconf 79' lang='lat' dir='ltr'>Juvenem,</span> <span class='ocrx_word' id='word_1_335' title='bbox 1124 2693 1183 2737; x_wconf 83' lang='lat' dir='ltr'>qui</span> <span class='ocrx_word' id='word_1_336' title='bbox 1216 2691 1259 2727; x_wconf 88' lang='lat' dir='ltr'>de</span> <span class='ocrx_word' id='word_1_337' title='bbox 1293 2691 1447 2727; x_wconf 82' lang='lat' dir='ltr'>fenestra</span> <span class='ocrx_word' id='word_1_338' title='bbox 1482 2692 1660 2728; x_wconf 80' lang='lat' dir='ltr'>ceciderat</span> 
     </span>
    </p>
   </div>
  </div>
 </body>
</html>
