1742 3005
225 128 320 177 Cap.
343 126 535 164 CCXVII.
593 126 652 165 De
683 125 873 164 dominica
897 126 935 163 in
969 125 1082 164 ramis
1107 127 1327 178 palmarum.
1387 129 1469 168 927

501 287 628 350 GAP.
655 287 858 349 ccxvll.
901 287 1048 350 (214.)

162 388 274 471 Pe
304 385 628 432 (lominica
655 386 727 432 in
756 386 957 433 ramis
986 387 1368 443 palmarum.

181 495 279 523 Hodie
299 500 402 523 sancta
425 499 521 522 mater
544 494 671 521 ecclesia
696 494 770 521 duas
789 496 998 529 processiones
1018 496 1204 523 sollemniter
1222 497 1337 524 recolit.
1373 499 1467 526 Prima

82 540 153 573 snit,
179 550 268 574 quam
293 540 400 568 Judaei
427 549 443 566 a
468 543 571 566 monte
597 539 704 566 oliveti
729 549 823 572 usque
850 540 880 566 in
900 540 1086 567 Hierusalem
1107 551 1173 568 cum
1192 542 1281 569 ramis
1301 543 1468 576 palmarum

80 591 109 613 et
128 586 276 613 olivarum
300 589 328 612 et
355 594 422 611 cum
448 583 563 616 magnis
591 584 714 610 canticis
732 584 808 618 ipsis
827 585 1066 618 associaverunt,
1092 591 1121 612 et
1146 586 1205 613 ista
1231 588 1385 621 processio
1411 588 1468 615 suit

80 639 202 663 magnae
220 629 406 657 reverentiae
425 632 454 655 et
471 627 593 654 honoris
613 632 643 654 et
661 628 736 654 hanc
755 634 959 663 repraesentat
979 630 1105 657 ecclesia
1124 631 1154 658 in
1173 631 1319 659 hodierno
1339 642 1468 666 evauge-

80 675 130 702 tio.
167 674 304 702 Secunda
322 673 476 708 processio
494 671 568 704 suit,
595 681 653 705 qua
677 672 783 699 Judaei
811 674 958 702 Christum
977 675 1014 702 ab
1034 675 1220 703 Hierusalem
1239 677 1270 703 in
1287 682 1389 704 monte
1407 679 1469 705 cal-

78 719 180 746 variae
199 728 264 745 cum
282 717 398 750 magnis
417 716 589 752 opprobriis
609 721 638 744 et
657 717 846 746 irrisionibus
865 719 1070 752 deduxerunt,
1090 725 1119 747 et
1137 720 1195 747 ista
1212 720 1269 748 fnit
1286 722 1469 754 ignominiae

78 772 203 795 magnae
222 767 252 789 et
270 762 395 795 doloris,
413 767 443 789 et
461 762 538 788 hanc
556 767 762 796 repraesentat
781 764 908 791 ecclesia
926 765 957 791 in
977 765 1134 797 evangelio
1146 766 1296 800 passionis
1312 768 1469 796 hodierno.

78 808 160 835 circa
184 807 312 843 primam
338 807 562 842 processionem
580 812 708 840 quatuor
727 813 796 835 sunt
814 809 962 841 videnda,
993 809 1108 844 primo,
1135 820 1151 837 a
1179 811 1288 849 quibus
1314 812 1372 840 ista
1398 823 1468 849 pro-

76 853 174 880 cessio
200 853 240 880 sit
264 852 358 885 sacta,
385 852 455 886 quia
479 860 541 878 non
567 857 612 879 est
638 851 718 879 sacta
740 863 758 880 a
782 855 898 886 magnis
925 858 976 881 aut
1002 854 1166 887 divitibus,
1192 856 1247 883 sed
1273 867 1290 884 a
1316 859 1418 892 pneris
1438 864 1467 886 et

76 897 282 933 pauperibus,
307 897 388 924 unde
414 897 524 924 dicitur
548 897 581 923 iu
607 898 765 929 evangelio
785 899 947 925 hodierno:
974 899 1103 933 plurima
1128 905 1227 928 autem
1245 903 1334 929 turba
1353 908 1468 931 strave-

75 948 144 970 runt
162 943 342 970 vestimenta
360 942 392 969 in
409 942 470 971 via.
506 942 654 977 Quoniam
674 943 753 969 enim
771 942 856 976 pueri
876 947 904 969 et
925 952 1071 978 pauperes
1092 944 1239 972 Christum
1258 948 1467 980 processiona—

75 988 144 1016 liter
158 988 371 1020 deducebant,
398 987 548 1014 Pharisaei
576 992 605 1014 et
631 987 782 1022 principes
810 987 916 1014 Christi
941 992 1067 1013 mortem
1093 989 1271 1016 tractabant.
1309 991 1467 1026 Simplices

76 1033 155 1060 enim
181 1037 209 1060 et
236 1041 384 1068 pauperes
412 1032 527 1059 Christo
552 1032 770 1063 adhaerebant,
802 1031 882 1058 unde
915 1032 1047 1059 Christus
1082 1032 1120 1059 de
1147 1033 1286 1061 omnibus
1319 1036 1467 1065 divitibus

75 1088 168 1105 unum
190 1077 305 1110 solum,
332 1077 446 1104 scilicet
471 1077 654 1109 Zacliaeum,
681 1076 786 1103 habuit
806 1076 947 1108 amicum,
974 1076 1054 1103 unde
1073 1081 1143 1105 Luc.
1161 1081 1248 1105 XIX:
1277 1081 1408 1110 Christus
1428 1083 1466 1110 de

75 1123 215 1150 omnibus
241 1122 417 1158 potentibus
435 1131 527 1148 unum
544 1121 657 1155 solum,
683 1122 799 1149 scilicet
825 1122 1029 1148 centurionem
1048 1122 1169 1155 habuit;
1196 1125 1302 1151 Mattli.
1322 1129 1407 1154 VIII:
1428 1128 1467 1155 de

76 1168 216 1195 omnibus
234 1167 422 1202 sapientibus
441 1177 534 1194 unum
553 1167 660 1200 solum,
679 1167 795 1194 scilicet
814 1167 1010 1194 Nicodemum
1029 1167 1148 1197 habuit:
1169 1168 1296 1198 Johann.
1315 1174 1366 1204 111,
1386 1173 1467 1201 unde

74 1217 98 1241 1.
118 1216 182 1241 Cor.
201 1216 229 1240 1:
254 1212 358 1240 videte
377 1213 569 1239 vocationem
588 1217 735 1244 vestram,
762 1212 888 1244 fratres,
915 1211 984 1245 quia
1002 1220 1061 1239 non
1082 1213 1167 1240 multi
1187 1214 1340 1248 sapientes
1360 1225 1466 1245 secun-

75 1258 147 1285 dum
165 1267 301 1290 carnem,
318 1266 380 1284 non
398 1258 487 1284 multi
503 1262 662 1292 potentes,
682 1267 742 1285 non
761 1258 848 1284 multi
866 1257 994 1289 nobiles,
1015 1258 1070 1285 sed
1090 1258 1140 1291 qui
1159 1258 1244 1285 stulti
1264 1265 1331 1286 sunt
1351 1263 1466 1295 muudi,

74 1302 164 1335 elegit
183 1302 339 1335 dominus,
357 1307 391 1329 ut
410 1302 576 1330 confundat
595 1303 756 1338 sapientes.
794 1303 931 1330 Secundo
949 1302 1117 1330 videndum
1137 1308 1196 1336 est,
1224 1314 1314 1337 quare
1334 1306 1466 1336 Christus

73 1348 190 1375 vadens
209 1347 248 1374 ad
266 1352 393 1374 mortem
411 1351 528 1374 tantum
546 1348 692 1375 honorem.
716 1348 851 1383 recipere
877 1347 991 1380 voluit,
1016 1358 1083 1374 cum
1109 1348 1185 1375 alios
1210 1349 1339 1377 honores
1364 1361 1467 1385 regum

74 1392 205 1428 respuit,
231 1396 265 1419 ut
283 1391 394 1419 dicitur
411 1392 478 1421 Jolt.
497 1395 547 1421 Vl,
583 1393 637 1420 Hic
656 1393 834 1425 dicendum,
860 1393 943 1426 quod
962 1393 1095 1420 Christus
1122 1393 1178 1420 hoc
1196 1393 1266 1421 ideo
1284 1394 1370 1429 fecit,
1397 1398 1467 1431 qnia

75 1438 144 1470 ille,
170 1438 223 1472 qui
240 1437 420 1465 constitutus
439 1442 484 1465 est
503 1437 534 1464 in
551 1438 716 1465 honoribus
734 1438 865 1471 magnis,
893 1438 985 1465 debet
1010 1438 1122 1464 habere
1148 1440 1254 1466 mortis
1279 1442 1465 1475 memoriam,

74 1488 106 1511 ut
124 1491 185 1510 non
204 1482 369 1517 superbiat.
405 1482 436 1510 Si
455 1487 553 1509 autem
573 1483 640 1516 quis
659 1484 750 1510 habet
768 1493 889 1515 magnas
909 1482 1050 1515 divitias,
1077 1483 1203 1516 cogitet,
1223 1485 1304 1518 quod
1323 1487 1409 1514 vadit
1426 1489 1465 1515 ad

73 1532 202 1555 mortem
227 1532 257 1554 et
283 1527 366 1561 quod
389 1527 427 1554 de
454 1528 594 1555 omnibus
622 1529 684 1556 suis
709 1529 826 1556 divitiis
853 1529 931 1556 nihil
949 1529 1009 1556 nisi
1028 1529 1182 1556 sudarium
1200 1538 1301 1557 secum
1319 1534 1466 1566 portabit.

74 1573 158 1601 Unde
177 1572 288 1600 dicitur
305 1573 373 1600 Job.
392 1576 494 1601 XVII:
519 1573 571 1606 qui
588 1573 633 1600 sui
658 1583 796 1607 magnus,
822 1583 940 1602 sacciun
959 1574 1064 1601 consui
1083 1583 1173 1608 super
1199 1579 1299 1602 cutem
1317 1586 1414 1605 meam
1434 1584 1465 1606 et

74 1618 181 1654 operui
205 1617 304 1645 cinere
330 1627 449 1644 carnem
475 1627 582 1645 meam.
618 1622 693 1646 Item
720 1619 854 1653 ejusdem
873 1623 900 1646 1:
932 1619 1030 1646 nudus
1058 1627 1193 1650 egressus
1221 1628 1286 1646 sum
1315 1620 1352 1648 de
1379 1628 1465 1650 utero

72 1663 176 1690 matris
194 1671 293 1694 meae,
318 1662 418 1690 nudus
437 1667 570 1689 revertar
587 1663 669 1691 illuc.
706 1663 735 1691 Si
755 1664 822 1697 quis
842 1668 887 1691 est
906 1664 937 1691 in
955 1664 1069 1697 magnis
1089 1664 1254 1692 honoribus
1274 1666 1465 1701 constitutus,

73 1708 200 1741 cogitet,
227 1706 297 1741 quia
321 1707 409 1735 vadit
427 1707 466 1735 ad
483 1713 627 1741 mortem,
652 1708 706 1735 ubi
730 1709 756 1736 si
775 1714 837 1736 erat
856 1709 887 1736 in
906 1709 998 1741 gradu
1017 1718 1157 1744 supremo
1169 1730 1176 1742 ‚
1201 1715 1329 1745 ponetur
1347 1712 1379 1739 in
1396 1713 1465 1741 loco

73 1752 192 1786 infimo,
221 1752 291 1786 quia
314 1753 371 1780 sub
395 1757 489 1786 terra,
523 1753 549 1781 si
575 1763 666 1788 super
691 1754 766 1782 alios
793 1754 984 1781 adscenderit
1012 1754 1213 1787 dominando,
1247 1762 1404 1791 serpentes
1435 1764 1465 1786 et

72 1797 189 1825 bestiae
222 1797 386 1825 ascendent
417 1798 622 1825 conculcando
655 1807 733 1825 eum.
783 1798 856 1826 Ideo
880 1799 992 1826 Eccles.
1019 1802 1057 1828 X.
1083 1800 1208 1827 dicitur:
1241 1810 1309 1828 cnm
1339 1803 1465 1831 moritur

71 1844 171 1876 homo,
190 1842 372 1870 hereditabit
391 1848 555 1878 serpentes,
574 1843 688 1871 bestias
707 1848 737 1870 et
755 1853 883 1871 vermes.
920 1847 1010 1876 Item,
1030 1854 1096 1871 cuin
1115 1845 1224 1878 aliquis
1243 1846 1335 1874 nutrit
1355 1857 1464 1884 corpus

71 1897 158 1915 sumn
176 1887 305 1916 diversis
331 1888 466 1922 deliciis,
492 1889 620 1916 diversis
645 1889 797 1916 coloribus
823 1888 922 1923 ipsum
949 1889 1102 1923 ornando,
1127 1890 1302 1925 voluptates
1329 1895 1464 1928 corporis

70 1933 238 1961 exercendo
264 1933 390 1967 cogitet,
417 1934 487 1968 quia
512 1933 600 1961 vadit
625 1933 665 1960 ad
689 1938 832 1967 mortem,
861 1934 915 1961 ubi
940 1943 1058 1961 vermes
1083 1943 1191 1970 corpus
1218 1944 1305 1964 suum
1334 1937 1464 1967 delicate

70 1977 219 2005 nutritum‘
239 1978 400 2006 comedent
426 1983 456 2006 et
480 1979 668 2007 lacerabunt.
704 1979 772 2007 Job.
798 1982 926 2006 XXVII:
949 1979 1066 2006 viscera
1094 1981 1156 2013 ejus
1174 1980 1265 2015 plena
1284 1988 1354 2010 sunt
1373 1984 1464 2020 adipe

70 2026 100 2049 et
117 2021 277 2055 medullis,
296 2031 366 2050 ossa
381 2023 464 2051 illius
482 2023 574 2059 plena
591 2023 750 2055 irrigantur
769 2027 799 2050 et
816 2027 918 2051 tamen
936 2023 966 2050 in
984 2024 1110 2058 pulvere
1129 2024 1280 2053 dormient
1297 2032 1326 2054 et
1342 2038 1463 2057 vermes

71 2066 208 2102 operient
227 2074 290 2093 eos.
325 2070 410 2099 Hugo
429 2067 468 2094 de
487 2073 591 2095 sancto
609 2068 732 2095 Victore
757 2067 789 2093 in
814 2067 892 2094 libro
917 2067 955 2094 de
980 2067 1110 2095 claustro
1130 2069 1247 2096 animae
1265 2071 1309 2097 sic
1328 2072 1384 2099 ait:
1412 2083 1464 2100 cur

71 2120 191 2140 carnem
207 2114 290 2137 tuam
308 2110 450 2145 pretiosis
467 2112 558 2139 rebus
578 2111 756 2146 impinguas,
776 2121 865 2144 quain
880 2115 950 2145 post
961 2120 1073 2145 paucos
1089 2112 1154 2139 dies
1167 2123 1286 2141 vermes
1301 2118 1464 2144 comesturi

71 2161 141 2184 sunt
157 2155 189 2183 in
207 2155 385 2190 sepulchro,
412 2159 442 2182 et
467 2155 596 2183 animam
622 2161 705 2184 tuam
723 2155 869 2190 preciosis
889 2155 1032 2189 operibus
1050 2164 1110 2182 non
1130 2156 1276 2190 adornas,
1302 2169 1379 2192 quae
1397 2165 1462 2189 Deo

71 2207 100 2229 et
119 2201 233 2234 angelis
252 2202 316 2234 ejus
334 2201 558 2234 praeservanda
577 2206 623 2228 est
639 2201 670 2228 in
688 2200 817 2235 judicio!
855 2202 912 2227 Cur
929 2200 1059 2227 animam
1084 2206 1166 2228 tuam
1192 2202 1359 2238 vilipendis
1385 2210 1414 2233 et
1434 2207 1462 2234 ei

71 2256 190 2274 carnem
214 2244 377 2281 praeponis
395 2245 537 2273 ancillam
555 2245 719 2273 dominari!
744 2251 773 2272 et
798 2244 951 2272 dominam
977 2245 1113 2272 ancillari
1137 2255 1243 2279 magua
1270 2249 1377 2277 abusio
1405 2256 1461 2280 est.

71 2291 174 2319 Tertio
191 2289 359 2318 videndum
377 2294 437 2322 est,
464 2299 555 2323 quare
574 2291 706 2318 Christus
726 2294 810 2317 tauto
828 2290 942 2317 honore
961 2289 1021 2317 sibi
1039 2290 1177 2325 impenso
1196 2292 1295 2321 voluit
1314 2294 1460 2329 lacrymas

70 2336 218 2364 emittere.
253 2335 368 2362 Dicitur
385 2334 466 2362 enim
483 2339 552 2364 Luc.
570 2339 658 2362 XIX:
678 2335 809 2363 Christus
829 2345 896 2363 cum
913 2335 1048 2363 venisset
1066 2336 1270 2370 Hierusalem,
1289 2348 1356 2366 cum
1376 2345 1460 2368 tanto

69 2382 183 2409 honore
201 2380 286 2408 flevit
306 2389 396 2415 super
413 2389 490 2409 eam.
524 2384 558 2407 In
576 2381 634 2407 hoc
652 2380 719 2415 ipse
735 2380 834 2408 voluit
853 2381 1026 2414 ostendere,
1054 2382 1136 2415 qnod
1154 2383 1262 2414 gaudia
1281 2388 1310 2410 et
1329 2384 1460 2413 honores

69 2428 156 2462 hujus
181 2425 293 2454 saeculi
318 2424 456 2458 lacrymis
482 2429 511 2453 et
539 2424 696 2452 doloribus
722 2429 791 2452 sunt
817 2426 975 2460 permixta.
1010 2430 1045 2453 In
1064 2427 1150 2454 coelo
1169 2427 1268 2454 omnia
1287 2433 1355 2456 sunt
1374 2440 1459 2464 pura,

68 2472 100 2499 in
125 2470 237 2499 mundo
264 2469 365 2497 onmia
393 2469 500 2502 mixta,
527 2469 559 2496 in
583 2469 700 2497 inferno
719 2475 788 2498 sunt
805 2470 982 2501 foetulenta.
1018 2472 1103 2499 Unde
1121 2472 1305 2504 Augustinus
1326 2474 1357 2501 iu
1377 2475 1458 2502 libro

69 2517 107 2544 tle
126 2515 258 2543 trinitate
276 2514 308 2542 in
325 2523 453 2550 persona
473 2514 583 2542 Christi
600 2514 690 2542 dicit:
710 2515 784 2548 quid
802 2520 848 2543 est
866 2515 960 2549 illud,
982 2525 1032 2543 ero
1051 2516 1172 2544 illorum
1190 2520 1285 2551 Deus,
1311 2518 1387 2552 nisi,
1406 2529 1457 2548 ero

69 2561 186 2593 omnia,
205 2569 281 2594 quae
299 2559 525 2592 desiderantur,
545 2559 660 2586 scilicet
677 2559 758 2594 vita,
784 2559 880 2593 salus,
905 2561 1023 2593 victus,
1049 2561 1152 2596 copia,
1178 2561 1287 2595 gloria,
1312 2563 1410 2592 honor
1427 2570 1457 2593 et

67 2616 136 2642 pax.
155 2609 233 2632 ‘Ista
257 2604 289 2631 in
312 2604 397 2632 coelo
423 2604 525 2632 omnia
550 2608 620 2631 sunt
643 2613 736 2639 pura,
761 2604 793 2631 in
810 2605 923 2632 mundo
941 2605 1051 2638 mma,
1077 2605 1109 2632 in
1134 2605 1253 2634 inferno
1279 2606 1454 2637 foetulenta.

65 2650 231 2678 Videamus
249 2658 304 2684 per
322 2649 471 2681 ordinem3
496 2649 562 2676 vita
578 2649 610 2676 in
629 2648 714 2676 coelo
733 2653 779 2676 est
796 2659 887 2684 pura,
914 2650 984 2683 quia
1002 2649 1046 2676 ibi
1064 2655 1110 2677 est
1128 2650 1193 2677 sine
1217 2651 1342 2686 timore,
1366 2659 1454 2689 prout

65 2700 128 2728 est,
154 2694 186 2722 in
211 2694 325 2722 inundo
352 2699 398 2722 est
422 2694 532 2727 mixta,
559 2694 629 2728 quia
653 2693 698 2720 ibi
716 2698 761 2721 est
786 2693 850 2721 vita
869 2703 936 2721 cnm
953 2699 1066 2727 morte,
1091 2700 1181 2730 prout
1199 2701 1262 2730 est,
1287 2697 1319 2725 in
1335 2698 1454 2727 inferno

63 2739 231 2769 foetulenta
257 2744 286 2768 et
311 2743 466 2774 corrupta,
493 2738 564 2773 quia
587 2743 632 2767 est
651 2738 694 2767 ibi
711 2747 791 2767 mors
810 2738 874 2768 sine
892 2739 966 2768 vita.
1002 2739 1105 2774 Salus,
1131 2746 1221 2776 prout
1245 2743 1340 2771 estin
1357 2744 1453 2781 coelo,
