1742 3005
334 107 434 157 Cap.
465 107 546 143 LX.
603 107 661 142 De
693 112 821 142 saneto
853 105 1076 142 Marcellino
1107 115 1220 160 papa.
1389 103 1464 140 271

77 213 122 248 ad
156 222 196 247 se
229 213 369 247 venisse
405 215 440 249 et
468 221 509 247 se
535 212 640 256 Juxta
667 212 744 257 eJus
772 210 884 245 locum
909 209 1125 252 collocasse,
1163 212 1197 243 ct
1221 217 1302 244 ecce
1329 219 1396 243 vox
1424 208 1468 243 ad

77 288 153 312 eum
178 277 319 312 dicens:
355 277 438 322 quid
464 277 514 311 ibi
539 279 641 323 agis,
679 287 699 310 ο
725 276 872 311 Marce?
919 275 963 310 Et
989 275 1067 309 ille:
1104 274 1149 309 ad
1177 276 1380 309 morientem
1407 284 1467 309 ac-

78 345 170 379 cessi
183 345 298 380 istum.
325 344 407 388 quia
431 342 505 377 Deo
531 343 606 388 ejus
632 344 861 376 ministerium
888 346 941 375 est
965 345 1154 385 acceptum.
1190 339 1233 374 Et
1253 341 1375 374 iterum
1400 351 1466 374 vox

77 408 123 443 ad
148 419 242 443 eum:
275 419 383 454 quare
412 410 502 442 inter
537 413 695 442 caeteros
730 411 870 440 sanctos
904 407 948 439 ad
982 418 1055 440 eum
1083 409 1228 440 maxime
1253 411 1289 439 tu
1315 407 1469 440 venisti?

77 474 120 508 Et
144 475 223 509 ille:
251 475 333 519 quia
357 477 392 508 in
418 485 470 508 me
495 473 683 517 specialem
708 472 929 505 devotionem
954 471 1076 505 hahuit
1103 476 1136 505 et
1157 471 1280 511 locum,
1308 471 1367 504 uhi
1389 482 1467 506 eor—

78 551 142 585 pus
168 551 279 574 meum
306 540 475 583 quiescit,
511 538 696 571 devotione
731 536 855 570 sedula
888 538 1053 570 visitavit.
1104 535 1145 569 Et
1182 536 1262 570 ideo
1292 538 1369 569 veni
1394 548 1468 571 eum

78 609 112 640 iu
144 606 233 640 hora
269 606 322 638 sui
357 606 470 638 exitus
506 604 659 637 visitare.
708 601 750 636 Et
784 612 863 636 ecce
892 602 1030 646 quidam
1059 601 1168 635 albati
1199 606 1304 636 totam
1333 598 1469 636 domum

80 671 350 715 compleverunt.
401 668 532 709 Quibus
559 669 609 702 ait
629 667 795 717 Marcusg
818 678 926 712 quare
952 667 1017 701 huc
1043 669 1221 702 venistis?
1268 667 1312 702 Et
1337 668 1410 702 illi:
1434 673 1470 702 ut

79 737 180 770 istius
207 736 354 769 animam
382 736 416 768 in
441 739 630 778 conspectu
656 733 784 766 domini
821 738 1097 777 praesentemus.
1147 732 1329 778 Evigilaus
1355 739 1468 767 autem

78 801 279 846 praedictus
305 800 415 834 frater
440 810 502 844 pro
530 800 647 843 priore
674 800 817 837 domus,
853 810 873 832 a
898 810 965 843 quo
1003 810 1069 843 ego
1106 800 1175 832 ista
1209 798 1348 840 audivi,
1386 809 1468 832 son—

79 869 173 900 tinuo
199 867 311 902 misit,
338 869 372 899 et
397 866 511 898 omnia
536 875 602 909 que
630 864 781 905 viderat,
810 864 878 897 sihi
905 865 1076 906 recitans,
1106 874 1178 897 cum
1203 864 1309 897 mnlto
1338 864 1469 907 gaudio

79 936 112 967 in
139 932 277 966 domiuo
306 931 457 965 feliciter
485 929 705 963 obdormivit.

568 1255 693 1316 GAP.
728 1255 813 1316 tx.
851 1254 979 1316 (58.)

288 1357 388 1399 De
422 1356 642 1398 saneto
674 1353 1049 1399 Marcellino
1088 1365 1263 1409 papa.

171 1463 401 1498 Marcellinus
429 1465 528 1498 annis
553 1475 676 1498 novem
703 1468 736 1497 et
760 1464 937 1497 mensibus
966 1468 1114 1508 quatuor
1139 1463 1325 1497 Romanam
1360 1462 1473 1496 eccle«

83 1532 170 1564 siam
196 1531 299 1563 rexit.
349 1529 409 1563 Hic
431 1531 534 1575 jussu
558 1529 776 1573 Dyoeletiani
804 1533 837 1562 et
862 1529 1066 1563 Maximiani
1091 1530 1228 1572 capitur
1250 1531 1283 1561 et
1301 1527 1344 1561 ad
1363 1529 1474 1561 sacri-

83 1595 254 1630 ficandum
282 1595 477 1629 adducitur.
528 1595 610 1629 (lum
636 1598 750 1628 autem
776 1606 843 1628 non
870 1596 1060 1628 assentiret
1089 1598 1123 1628 et
1150 1604 1191 1627 ex
1221 1594 1286 1628 hoc
1313 1592 1472 1627 diverso-

83 1672 156 1695 rum
186 1665 434 1695 tormentorum
470 1670 603 1706 genera
646 1662 820 1695 sustinere
857 1660 1021 1702 deberet,
1064 1664 1155 1693 metu
1189 1660 1366 1704 passionis
1406 1658 1474 1692 duo

84 1736 196 1772 grana
220 1727 353 1761 incensi
376 1727 411 1759 in
439 1726 611 1760 sacrificio
637 1727 766 1771 posuit.
817 1726 917 1760 Tunc
933 1736 1058 1772 magna
1075 1725 1177 1760 adest
1194 1724 1383 1759 infidelium
1401 1724 1475 1758 lae-

82 1794 183 1834 titia,
223 1791 286 1826 sed
320 1791 442 1826 fideles
476 1793 600 1837 ingens
634 1793 779 1826 tristitia
804 1794 990 1838 percussit.
1040 1791 1282 1827 Verumtamen
1308 1791 1476 1835 incapite

82 1857 253 1892 infirmato
279 1857 386 1892 fortia
410 1858 564 1894 membra
585 1863 774 1904 resurgunt
794 1863 827 1893 et
845 1860 956 1892 minas
979 1859 1173 1903 principum
1193 1858 1290 1902 parvi
1308 1855 1475 1901 pendunt.

85 1922 185 1957 Tunc
210 1922 333 1957 fideles
361 1923 407 1957 ad
431 1934 597 1958 summum
624 1923 824 1969 pontificem
852 1926 1060 1959 conveniunt
1095 1928 1130 1958 et
1154 1925 1267 1968 ipsum
1293 1922 1476 1968 plurimum

84 1987 311 2033 redarguunt.
361 1989 461 2029 Quod
495 1990 555 2024 ille
592 2000 737 2024 cernens
783 1990 819 2023 in
855 1991 1003 2024 concilio
1044 1991 1286 2034 episcoporum
1325 1997 1362 2021 se
1393 1997 1477 2030 sup-
1518 2029 1520 2031 ‚

84 2054 202 2098 posuit
219 2052 459 2097 Judicandum.
506 2054 560 2089 Ad
588 2066 688 2100 quem
713 2055 785 2088 illi:
811 2055 904 2089 absit
928 2060 965 2090 ut
989 2065 1141 2088 summus
1166 2052 1323 2098 pontifex
1347 2051 1389 2085 ab
1410 2051 1475 2084 ali‘

85 2129 152 2164 quo
174 2118 373 2163 judicetur,
410 2119 474 2154 sed
503 2124 541 2154 tu
566 2121 601 2154 in
624 2124 660 2155 te
687 2120 817 2165 collige
843 2130 983 2155 causam
1008 2123 1100 2153 tuam
1129 2123 1162 2153 et
1186 2119 1330 2162 proprio
1355 2127 1417 2151 ore
1440 2119 1476 2149 te

86 2184 254 2229 dijudica.
301 2183 382 2229 Ipse
405 2189 518 2220 autem
540 2187 723 2230 poenitens
750 2185 931 2229 plurimum
954 2186 1123 2231 ingemuit
1152 2188 1186 2219 et
1211 2194 1249 2217 se
1273 2185 1384 2228 ipsum
1413 2182 1476 2216 tle-·

86 2250 216 2294 posuit,
242 2249 306 2284 sed
329 2255 445 2285 tamen
469 2261 542 2285 cum
572 2253 682 2284 omnis
707 2250 814 2284 turba
838 2252 961 2285 iterum
980 2250 1140 2296 reelegit.
1188 2249 1288 2289 Quod
1303 2250 1476 2284 Caesares

86 2314 269 2348 audientes
297 2315 421 2348 iterum
448 2326 523 2350 eum
560 2318 639 2361 capi
673 2316 829 2350 fecerunt
862 2320 918 2358 et,
948 2315 1030 2350 dum'
1052 2316 1249 2350 nullatenus
1276 2313 1477 2348 sacrificare

86 2379 216 2421 vellet,
252 2389 327 2413 eum
363 2379 532 2414 decollari
566 2382 816 2416 mandaverunt
850 2386 884 2416 et
916 2383 1038 2416 iterum
1066 2383 1177 2415 crevit
1200 2380 1298 2416 furor
1323 2377 1476 2417 hostilis,

86 2449 123 2479 ut
142 2444 236 2478 infra
250 2454 399 2479 mensem
416 2444 511 2479 XVII
526 2446 635 2480 millia
649 2446 917 2480 christianorum
935 2447 1198 2490 perimerentur.
1248 2443 1476 2479 Marcellinus

86 2515 200 2545 autem
235 2520 308 2544 cum
342 2509 535 2555 decapitari
570 2510 738 2553 deberet,
780 2521 819 2545 se
853 2511 1045 2544 christiana
1085 2510 1266 2564 sepultura
1297 2509 1475 2555 indignum

87 2586 167 2611 esse
191 2578 345 2610 asseruit
371 2580 406 2611 et
429 2575 510 2610 idco
537 2586 677 2617 omnes,
705 2577 762 2620 qui
790 2586 828 2610 se
853 2576 1004 2620 sepelire
1028 2579 1309 2620 praesumerent,
1338 2585 1476 2609 excom-

87 2642 282 2676 municavit.
332 2641 554 2686 Quapropter
587 2651 714 2686 corpus
749 2642 825 2685 ejus
852 2641 1059 2685 insepultum
1092 2640 1225 2677 XXXV
1260 2641 1384 2675 diebus
1420 2651 1475 2674 re-

86 2707 223 2740 mansit.
272 2706 357 2741 Post
403 2707 469 2742 hoc
515 2706 639 2741 beatus
674 2706 796 2741 Petrus
841 2706 1024 2751 apostolus
1062 2706 1233 2742 Marcello
1277 2709 1476 2741 successori
