1742 3005
311 82 404 131 Cap.
438 81 518 117 CX.
578 80 634 118 De
665 87 794 116 sancto
827 80 941 117 Petro
972 81 1018 117 ad
1050 81 1209 116 vincula.
1387 77 1468 115 455

82 180 411 223 lemnizetecclesia,
438 186 507 216 tum
520 184 601 228 quia
612 183 653 217 ad
673 184 818 228 lymbum
832 185 1099 227 descenderunt,
1114 189 1183 218 tum
1193 182 1466 229 quiamuttitudo

81 246 260 281 multorum
279 258 442 282 novorum
463 247 686 290 subintravit,
713 251 746 283 in
770 249 824 284 his
848 255 960 284 tamen
977 255 1109 295 septem
1126 249 1293 294 impendit
1308 248 1466 282 omnibus

79 314 329 354 reverentiam,
356 315 438 358 quia
466 324 528 358 per
552 318 705 358 septem,
740 320 777 349 ut
802 316 928 349 dietum
951 320 1024 356 est,
1060 317 1270 350 universitas
1297 315 1464 359 designa-

77 382 143 412 tur.
192 377 317 412 Tertia
349 383 402 412 est
435 384 579 424 propter
614 381 804 424 exemplum
832 380 1008 425 patiendi,
1049 385 1292 424 proponuntur
1316 382 1404 414 enim
1432 382 1465 412 in

78 444 269 487 exemplum
294 443 474 484 fidelibus,
500 450 536 478 ut
560 445 746 479 secundum
772 445 892 479 horum
920 447 1149 478 constantiam
1179 446 1222 478 ad
1248 446 1356 480 zelum
1385 445 1465 479 tidei

75 510 270 543 animentur
295 514 329 543 et
354 509 398 542 ad
432 510 630 553 patiendum
661 520 724 553 pro
758 510 838 555 lege
873 510 1060 555 evangelii,
1093 512 1184 545 sicut
1218 511 1267 545 illi
1295 522 1358 555 pro
1384 511 1464 555 lege

75 574 190 618 Moysi
223 574 349 608 fortius
382 576 622 619 aceiiigantur.
673 574 805 614 Quarta
840 580 894 609 est
927 580 1072 620 propter
1101 587 1240 610 eausam
1285 577 1463 621 supplicii,

74 649 150 672 nam
187 649 251 682 pro
278 638 484 674 defensione
511 640 602 685 legis
632 640 763 684 ¹)suae
787 641 874 674 talia
900 641 1072 685 supplicia
1101 644 1198 685 passi
1237 647 1333 681 sunt,
1375 644 1465 675 sicut

72 708 106 738 et
131 703 313 738 christiani
341 715 403 748 pro
429 704 635 739 defensione
668 705 759 749 legis
792 706 1020 751 evangelicae
1049 709 1240 751 patiuntur.
1290 708 1357 741 llas
1392 712 1462 741 tres

71 770 208 803 ultimas
242 771 396 804 rationes
431 772 592 815 assignat
622 773 792 816 magister
827 771 981 806 Joannes
1015 771 1137 807 Beletb
1181 775 1213 807 in
1253 783 1384 807 summa
1419 775 1461 807 de

70 835 197 870 ol'lieiis
223 835 259 869 C.
287 834 325 869 V.

519 1157 646 1219 GAP.
682 1158 767 1218 CX.
825 1157 983 1221 (105.)

234 1259 381 1305 2)Ι)θ
411 1259 632 1304 Sancto
662 1259 857 1304 Petro
901 1259 979 1303 ad
1017 1257 1289 1303 vincula.

155 1369 292 1405 Festum
319 1371 431 1404 saneti
456 1369 549 1404 Petri
575 1367 748 1413 apostoli,
779 1367 870 1412 quod
897 1367 940 1401 ad
970 1369 1107 1402 vincula
1133 1368 1278 1408 dicitur,
1305 1368 1455 1412 quadru-

64 1435 146 1480 plici
176 1435 220 1470 de
252 1445 360 1470 cansa
383 1437 574 1469 institutum
602 1434 712 1468 fuisse
737 1437 897 1477 putatur,
924 1434 1059 1467 scilieet
1086 1436 1116 1467 in
1144 1435 1339 1467 memoriam
1369 1432 1438 1465 libt¹

65 1502 212 1535 rationis
238 1500 352 1542 Petri,
380 1503 412 1535 in
439 1501 636 1535 memoriam
664 1499 885 1532 liberationis
912 1499 1116 1540 Alexandri,
1153 1510 1215 1543 pro
1242 1497 1455 1532 destruendo

64 1567 131 1600 ritu
155 1566 337 1611 gentilium
364 1571 398 1602 et
422 1578 484 1611 pro
503 1564 721 1610 impetranda
737 1564 959 1598 absolutione
976 1565 1209 1609 spiritualium
1230 1564 1453 1597 vinculorum.

152 1630 268 1665 Pr’nna
306 1643 392 1677 ergo
430 1641 537 1666 causa
571 1634 624 1665 est
656 1631 687 1663 in
722 1632 919 1664 memoriam
955 1631 1175 1664 liberationis
1202 1630 1306 1664 Petri.
1355 1628 1453 1667 Nam,

61 1698 151 1732 sicut
175 1697 302 1731 dicitur
325 1698 358 1731 in
384 1696 542 1742 hystoria
569 1695 804 1737 scholastica,
831 1695 989 1731 Herodes
1017 1699 1176 1743 Agrippa
1202 1696 1341 1730 Romam
1368 1694 1455 1728 adiit

61 1767 95 1798 et
126 1762 174 1796 ibi
209 1762 295 1807 Cajo
320 1764 438 1807 nepoti
466 1761 610 1807 Tyberii
638 1761 805 1795 Caesaris
842 1762 1135 1796 familiarissimus
1163 1762 1309 1796 exstitit.
1360 1760 1452 1799 Qua-

60 1828 137 1863 dam
171 1832 285 1863 autem
319 1828 375 1862 die
410 1837 484 1862 cum
511 1832 605 1862 esset
631 1827 788 1861 Herodes
824 1829 855 1861 in
884 1838 985 1862 curru
1013 1839 1086 1863 cum
1114 1828 1222 1873 (lajo,
1257 1827 1384 1861 levatis
1419 1828 1451 1859 in

60 1894 192 1929 coelum
218 1893 378 1928 manibus
404 1894 470 1927 ait:
503 1894 632 1927 utinam
668 1893 818 1927 viderem
852 1898 994 1927 mortem
1029 1896 1123 1929 senis
1159 1899 1193 1929 et
1217 1898 1251 1928 te
1278 1893 1450 1927 dominum

58 1960 166 1993 totius
192 1958 302 1992 orbis.
351 1958 420 1992 Sed
448 1957 515 1992 boo
540 1960 666 2003 auriga
693 1957 843 1992 Herodis
871 1959 1007 1993 audivit
1038 1965 1072 1995 et
1098 1960 1253 2004 TJberio
1286 1959 1450 1992 continuo

59 2024 241 2058 intimavit.
291 2022 513 2066 Quapropter
536 2022 740 2067 indignatus
766 2022 939 2067 Tyberius
962 2025 1096 2058 Caesar
1115 2024 1285 2059 Herodem
1308 2023 1451 2057 reclusit

59 2091 92 2123 in
126 2098 277 2123 carcere.
325 2086 394 2122 Ubi
430 2087 508 2120 dum
543 2086 691 2131 quadam
725 2087 781 2122 die
809 2089 914 2132 juxta
956 2089 1117 2123 arborem
1156 2089 1295 2122 innixus
1339 2092 1447 2125 esset,

60 2154 160 2199 cujus
187 2152 369 2187 frondibus
393 2151 570 2186 insidebat
596 2151 710 2194 bubo,
736 2163 824 2186 unus
851 2153 894 2187 de
918 2155 1137 2198 concaptivis
1163 2156 1296 2198 peritus
1322 2154 1355 2186 in
1386 2162 1447 2186 au-

58 2220 171 2265 guriis
205 2218 294 2252 dixit
325 2219 376 2253 ei:
418 2217 490 2252 noli
523 2218 664 2260 timere,
709 2220 792 2263 quia
823 2220 892 2253 cito
928 2218 1137 2253 liberaberis
1178 2223 1211 2253 et
1249 2221 1281 2253 in
1314 2223 1446 2252 tantum

58 2284 318 2325 sublimaberis,
345 2283 436 2328 quod
463 2284 593 2317 amicos
617 2288 697 2318 tuos
724 2285 756 2317 in
781 2286 830 2318 tui
857 2284 1021 2318 invidiam
1048 2285 1240 2319 concitabis
1267 2290 1301 2318 et
1327 2286 1358 2318 in
1383 2284 1446 2318 bac

58 2350 296 2395 prosperitate
321 2350 493 2382 morieris.
541 2348 649 2388 Quam
675 2351 744 2383 cito
770 2354 882 2384 autem
908 2350 1011 2395 huJus
1037 2352 1178 2396 generis
1196 2350 1322 2383 animal
1340 2360 1447 2393 super

57 2419 92 2450 te
120 2415 272 2456 videris,
308 2413 401 2448 ultra
434 2415 586 2458 quintum
620 2414 710 2449 diem
745 2416 862 2449 vivere
896 2426 963 2449 non
998 2416 1144 2450 valebis.
1193 2415 1277 2449 Post
1302 2414 1443 2459 aliquod

57 2485 192 2525 tempus
225 2478 401 2524 Tyberius
434 2480 582 2512 moritur
618 2484 652 2514 et
685 2480 791 2524 Cajus
829 2482 862 2514 in
897 2481 1077 2525 imperium
1112 2480 1339 2522 sublimatur,
1385 2482 1442 2525 qui

57 2544 195 2590 quidein
224 2544 395 2579 Herodem
421 2544 463 2579 de
489 2544 636 2578 vinculis
661 2545 827 2579 liberavit
859 2550 893 2580 et
924 2545 1106 2591 magnifiee
1140 2545 1360 2579 sublimatum
1385 2557 1441 2580 re—

125 2643 153 2675 1)
171 2642 225 2671 Ed.
246 2646 288 2671 Pr.
308 2642 419 2669 omittit
438 2643 530 2668 verba
551 2650 643 2668 suae
662 2656 692 2662 -
714 2642 812 2675 legis
833 2647 861 2670 et
880 2647 942 2670 tuin
962 2642 1032 2675 legit
1051 2642 1286 2675 evangelica.
1335 2645 1363 2676 2)
1382 2643 1442 2670 Alii

57 2686 173 2719 legunt:
194 2687 245 2714 Ad
265 2687 423 2714 vincula
443 2686 570 2714 sancti
590 2686 699 2713 reti-i,
