1742 3005
271 77 352 118 256
575 79 671 130 Cap.
701 77 819 116 LVII.
877 79 937 117 De
966 86 1099 118 sancto
1131 82 1340 119 Ambrosio.

275 195 337 220 eos
357 184 400 219 ab
428 183 600 226 ecclesia,
627 183 662 217 in
690 193 744 218 me
769 184 886 219 omnia
909 183 981 219 tela
1006 194 1071 220 sua
1100 189 1305 220 convertant
1330 188 1364 220 et
1388 195 1464 220 meo
1490 187 1662 231 sanguine

274 253 365 286 sitim
391 261 489 285 suam
511 249 686 295 expleant.
733 249 861 290 Quinto
884 250 921 284 in
945 251 1115 284 orationis
1139 253 1324 294 instantia,
1350 251 1442 286 uude
1469 251 1595 286 dicitur
1619 251 1663 287 de

274 329 315 353 eo
343 321 377 352 et
401 315 552 350 liabetur
577 317 612 349 in
636 315 728 350 libro
756 314 805 350 XI
831 315 1011 361 hystoriae
1039 316 1319 351 ecclesiasticae:
1354 317 1561 352 Ambrosius
1597 317 1661 351 ad-

275 394 410 418 versum
436 384 583 429 reginae
607 382 759 417 furorem
783 393 852 416 non
877 392 916 416 se
941 392 1042 416 manu
1068 381 1279 417 defensabat
1305 386 1365 416 aut
1389 383 1480 425 telo,
1520 383 1582 418 sed
1603 384 1661 428 Je-

268 451 379 495 juniis
406 454 440 484 et
464 449 673 483 continuatis
706 447 860 493 vigiliis,
895 434 963 482 =suh
998 448 1101 481 altari
1132 449 1270 493 positus
1305 459 1369 492 per
1397 447 1663 484 obsecrationes

275 515 499 551 defensorem
523 514 606 567 sihi⁶
619 519 723 559 atque
753 514 923 548 ecclesiae
948 513 1055 548 Deum
1081 514 1241 559 parabat.
1291 514 1399 549 Sexto
1434 515 1469 547 in
1494 513 1664 559 lacryma-

274 592 348 616 rum
373 580 598 622 abundantia,
624 579 746 614 habuit
771 581 859 614 enim
885 581 955 613 tria
973 590 1105 625 genera
1129 580 1366 624 lacrymarum,
1394 580 1529 614 scilicet
1551 580 1665 625 lacry-

273 658 347 683 mas
376 648 630 693 compassionis
657 646 890 690 proaliorum
919 646 1044 690 culpis,
1074 645 1165 680 unde
1191 646 1276 680 dicit
1302 645 1466 680 Paulinus
1492 646 1535 681 de
1563 656 1604 680 eo
1630 647 1664 680 in

275 714 440 760 legenda,
467 712 573 758 quod,
600 722 674 746 cum
701 711 828 756 aliquis
856 711 990 756 lapsum
1017 712 1085 746 sihi
1110 711 1353 754 confitebatur,
1379 713 1430 745 sic
1448 713 1664 746 amarissime

273 780 402 822 flebat,
438 778 532 824 quod
555 777 650 811 illum
677 776 840 811 similiter
866 777 948 812 llere
974 777 1224 822 compellebat3
1262 776 1431 822 lacrymas
1466 777 1663 812 devotionis

274 857 338 892 pro
366 846 522 881 aeternis
551 842 759 885 desideriis,
795 842 887 878 unde
921 854 1028 889 supra
1061 843 1189 877 dictum
1215 846 1268 877 est
1300 853 1322 876 a
1344 842 1510 885 Paulino,
1559 842 1665 889 quod,

277 923 351 947 eum
380 910 684 956 interrogabatur,
718 920 780 944 cur
805 914 966 952 sanctos,
1002 911 1059 956 qui
1086 910 1341 952 moriebantur,
1379 911 1429 943 sic
1455 909 1577 953 fleret,
1609 920 1665 944 re-

275 977 438 1024 spondit:
463 987 507 1011 ne
532 987 586 1011 me
609 978 740 1021 putetis
766 976 862 1018 ssere,
889 975 981 1022 quod
1004 978 1228 1018 recesserint,
1257 975 1320 1011 sed
1339 977 1421 1021 quia
1445 985 1496 1010 me
1515 975 1561 1010 ad
1585 975 1665 1021 glo—

274 1047 361 1080 riam
397 1047 689 1089 praecesserunt;
728 1042 900 1088 lacrymas
942 1044 1197 1088 compassionis
1234 1054 1297 1088 pro
1334 1043 1479 1077 aliorum
1514 1044 1665 1088 injuriis,

275 1111 368 1146 unde
392 1112 470 1155 ipse
506 1108 591 1142 dicit
617 1107 659 1141 de
683 1118 722 1143 se
748 1112 782 1142 et
807 1113 859 1142 est
883 1110 918 1142 in
944 1109 1085 1143 decreto
1112 1111 1145 1143 in
1171 1110 1345 1154 superiori
1370 1111 1504 1153 capite:
1541 1108 1666 1143 adver-

276 1188 335 1213 sus
361 1176 488 1211 milites
538 1173 672 1208 Gothos
698 1174 872 1219 lacrymae
895 1184 993 1209 meae
1018 1185 1114 1209 arma
1139 1179 1219 1209 sunt
1242 1185 1338 1216 mea,
1364 1176 1451 1209 satis
1474 1176 1563 1209 enim
1591 1185 1664 1208 mu-

275 1247 430 1279 nimenta
460 1240 657 1276 sacerdotis
685 1244 782 1282 sunt,
810 1240 913 1275 aliter
940 1251 1003 1275 nec
1029 1240 1142 1275 debeo
1168 1250 1233 1275 nec
1258 1250 1401 1284 possum
1427 1242 1602 1275 resistere
1621 1259 1667 1264 ——

244 1322 252 1326 ·
276 1331 322 1336 —
343 1328 389 1334 -—
436 1311 479 1346 S.
518 1307 673 1351 Septimo
706 1308 741 1341 in
769 1306 850 1341 sorti
877 1308 1091 1349 constantia3
1116 1307 1215 1352 eujus
1242 1307 1439 1341 constantia
1460 1307 1606 1340 maxime
1632 1308 1667 1340 in

274 1375 387 1411 trihus
413 1378 577 1420 apparet,
604 1375 714 1418 primo
740 1375 775 1407 in
796 1373 1003 1408 defensione
1028 1372 1222 1407 catholicae
1247 1373 1428 1414 veritatis,
1462 1371 1553 1406 unde
1580 1371 1665 1406 diciss

275 1446 331 1476 tur
355 1443 389 1475 in
413 1441 503 1475 libro
528 1438 576 1474 XI
602 1439 870 1474 ecclesiasticae
895 1439 1093 1485 hystoriae,
1128 1438 1221 1485 quod
1241 1438 1379 1474 Justina
1402 1442 1513 1473 mater
1537 1436 1664 1472 Valen-

275 1509 398 1542 tiniani
430 1507 652 1551 imperatoris
684 1506 839 1540 Arianae
881 1505 1073 1540 haereseos
1120 1505 1258 1539 alumna
1300 1506 1415 1550 coepit
1454 1503 1664 1539 conturbare

277 1573 503 1608 ecclesiarum
525 1575 670 1613 statum,
703 1573 902 1606 comminari
930 1571 1172 1606 sacerdotibus
1200 1571 1424 1616 depulsiones
1466 1575 1501 1605 et
1526 1570 1663 1613 exsilia,

275 1641 343 1673 nisi
375 1637 605 1673 Ariminensis
640 1637 779 1670 concilii
814 1637 957 1672 decreta
994 1642 1218 1680 revocarent,
1269 1648 1336 1683 quo
1362 1637 1455 1672 hello
1492 1637 1664 1671 ecclesiae

277 1716 409 1739 murum
435 1714 475 1738 ac
498 1703 619 1737 turrim
655 1701 906 1736 validissimum
942 1703 1106 1747 pulsabat
1129 1703 1361 1737 Ambrosium.
1410 1703 1447 1738 In
1473 1705 1549 1749 ejus
1576 1714 1663 1750 quo-

277 1781 344 1817 que
368 1770 590 1815 praefatione
615 1770 665 1803 sic
695 1768 738 1803 de
762 1780 802 1803 eo
841 1773 1020 1802 cantatur:
1049 1772 1148 1803 tanta
1169 1769 1391 1803 Ambrosium
1421 1772 1549 1805 virtute
1576 1770 1662 1804 soli-

276 1836 387 1878 dasti,
417 1836 633 1869 constantiae
658 1839 754 1869 tanto
780 1846 920 1870 munere
948 1835 1095 1869 coelitus
1122 1834 1318 1888 decorasti,
1352 1840 1388 1869 ut
1411 1846 1475 1880 por
1499 1845 1573 1870 eum
1601 1847 1661 1870 ex-

275 1902 375 1937 clusa
404 1905 671 1946 torquerentur,
707 1901 891 1935 daemonia
922 1901 1131 1936 Arianoruin
1163 1901 1324 1945 impietas
1349 1901 1518 1946 propulsa
1542 1901 1662 1936 tabcs-

276 1972 372 2004 ceret
396 1978 436 2002 ac
462 1966 671 2001 secularium
697 1969 890 2011 principum
927 1967 1017 2001 colla
1046 1971 1106 2000 tuo
1127 1967 1217 2011 jugo
1254 1966 1401 2000 subacta
1434 1966 1665 2001 redderentur

277 2035 431 2069 humilia.
482 2032 642 2067 Secundo
673 2034 708 2067 in
744 2035 891 2067 tuitione
922 2033 1187 2067 ecclesiasticae
1220 2031 1420 2075 libertatiS,
1462 2032 1552 2067 uude
1589 2043 1662 2067 cum

276 2103 470 2145 imperator
493 2099 634 2133 auferre
659 2099 765 2133 vellet
791 2098 962 2144 quandam
982 2098 1177 2140 basilicam,
1204 2099 1370 2143 opposuit
1393 2108 1432 2132 se
1456 2098 1663 2133 Ambrosius

277 2171 401 2201 contra
437 2167 700 2209 imperatorem,
735 2166 826 2198 sicut
859 2166 935 2209 ipse
971 2168 1122 2198 testatur
1159 2169 1193 2198 et
1222 2168 1275 2198 est
1306 2166 1341 2198 in
1368 2163 1509 2198 decreto
1537 2163 1662 2205 XXIII,

276 2235 411 2278 quaest.
449 2230 515 2264 VI:
568 2231 758 2264 convenior
797 2232 874 2275 ipse
909 2240 930 2264 a
973 2229 1177 2271 comitibus,
1224 2234 1262 2264 ut
1295 2241 1359 2275 per
1401 2240 1454 2263 me
1493 2229 1662 2264 basilicae

277 2297 376 2332 fieret
401 2301 535 2330 matura
560 2295 717 2337 traditio,
765 2295 961 2330 dicentibus
988 2297 1231 2340 imperatorem
1271 2296 1446 2340 jussisse,
1485 2296 1567 2340 jure
1598 2306 1660 2330 sno

274 2363 366 2398 tradi
393 2362 543 2403 debere,
570 2360 762 2406 respondi:
785 2363 814 2395 si
842 2363 1083 2406 patrimonium
1105 2363 1214 2406 petit,
1252 2361 1429 2403 invadite,
1467 2363 1497 2395 si
1522 2371 1660 2405 eorpus,

274 2439 474 2470 occurram,
505 2427 609 2461 vultis
635 2429 669 2461 in
696 2427 852 2469 vincula,
882 2429 1065 2471 imponite,
1100 2426 1206 2460 tultis
1232 2428 1265 2460 in
1300 2432 1463 2470 mortem,
1500 2426 1659 2460 volunta-

274 2497 319 2529 tis
345 2499 398 2529 est
416 2494 509 2528 mihi.
558 2493 633 2527 Non
659 2503 726 2538 ego
745 2503 798 2527 me
817 2493 957 2528 vallabo
983 2493 1190 2527 confusione
1215 2493 1421 2537 populorum
1448 2501 1510 2525 nee
1535 2490 1662 2524 altaria

275 2561 399 2593 tenebo
441 2562 545 2594 vitam
584 2559 800 2601 obsecrans,
839 2558 903 2593 sed
939 2569 1001 2603 pro
1051 2558 1221 2593 altaribus
1269 2559 1404 2603 gratius
1443 2555 1660 2599 inunolabor,

277 2624 460 2659 mandatur
484 2625 625 2660 tradere
659 2624 861 2667 basilicam,
897 2635 1062 2671 urgemur
1096 2626 1204 2670 igitur
1235 2622 1434 2667 praeceptis
1468 2621 1660 2667 regalibus,
