1742 3005
255 99 338 139 416
469 99 567 148 Cap.
599 96 739 133 XCVI.
797 95 857 132 De
889 104 1018 133 sancta
1048 97 1168 134 Maria
1198 97 1441 148 Magslalena.

258 212 291 242 et
316 218 354 242 se
379 207 414 239 in
441 203 528 237 mari
555 201 751 247 periclitari
775 200 996 245 adspitzeret‚
1029 200 1265 247 Magdalena,
1299 204 1334 238 in
1362 206 1525 249 quantum
1550 205 1649 247 pote·

257 278 334 315 rat,
360 267 579 305 acclamabat
605 277 757 308 vovens,
797 265 911 312 quod,
938 267 970 301 si
995 267 1068 300 suis
1095 269 1228 301 meritis
1254 279 1276 303 a
1305 270 1493 316 naufragio
1523 269 1651 304 evadea

256 344 309 374 ret
336 342 370 372 et
396 335 502 369 filium
530 337 692 378 pareret,
718 334 831 377 ipsum
860 334 936 377 ejus
961 333 1177 367 monasterio
1202 334 1438 378 condonaret,
1466 338 1652 381 statimque

256 406 385 441 semina
409 400 578 448 quaedam
604 400 720 444 specie
747 403 782 433 et
806 398 928 433 habitu
952 398 1153 434 veneranda
1179 401 1211 433 ei
1242 403 1427 445 apparuit,
1461 412 1550 447 quae
1577 413 1652 437 eam

254 483 317 517 per
341 473 490 505 mentum
516 466 694 510 accipiens
720 456 1002 510 periclitantibus
1032 465 1112 499 aliis
1138 465 1342 500 incolumem
1370 466 1415 500 ad
1440 468 1551 511 ripam
1572 479 1635 512 per

256 539 373 572 duxit:
398 535 460 569 illa
486 536 600 567 autem
626 531 847 577 postmodum
875 530 981 565 filium
1008 532 1147 576 peperit
1181 536 1216 566 et
1239 536 1355 566 votum
1380 543 1478 566 suum
1503 532 1655 569 fideliter

255 602 469 647 adimplevit.
495 619 539 624 —
565 601 614 635 6.
639 597 748 643 Ajunt
765 597 905 642 quidam
920 597 1069 632 Mariam
1089 597 1338 643 Magdalenam
1360 609 1523 643 sponsam
1543 599 1654 635 fuisse

254 669 425 706 Johannis
452 663 705 709 evangelistae,
734 673 836 708 quain
862 663 1010 698 duxerat
1034 668 1127 706 tunc,
1157 664 1295 709 quando
1323 664 1365 699 de
1390 667 1522 710 nuptiis
1550 665 1653 700 Chri-

256 739 331 769 stus
356 743 433 768 eum
465 731 626 764 vocavit:
660 739 703 762 ex
734 728 801 762 hoc
837 729 915 772 ipsa
951 728 1156 774 indignata,
1193 730 1287 775 quod
1318 731 1455 766 seilicet
1487 742 1653 777 sponsum

256 800 324 835 sibi
358 796 577 836 abstulerat,
613 793 702 827 abiit
737 796 771 827 et
802 794 894 826 omni
930 793 1104 838 voluptati
1136 805 1174 829 se
1205 795 1311 830 dedit.
1361 797 1431 831 Sed
1459 799 1541 843 quia
1568 809 1651 833 eon-

255 875 379 913 gruum
402 873 471 898 non
497 864 584 902 erat,
609 863 647 894 ut
668 858 839 894 Johannis
861 860 999 893 vocatio
1018 859 1252 894 damnationis
1278 860 1347 895 sibi
1372 864 1513 897 occasio
1540 862 1653 906 fieret,

256 932 415 967 dominus
442 927 487 963 ad
511 927 763 972 poenitentiam
787 927 898 969 ipsam
922 925 1200 961 misericorditer
1224 929 1416 970 convertit,
1456 933 1489 962 et
1525 930 1608 974 quia
1634 939 1655 964 a

257 1006 388 1032 summa
420 994 653 1029 delectatione
690 990 824 1025 carnali
860 1001 935 1025 eam
970 994 1138 1035 removit,
1172 992 1253 1028 idco
1287 994 1398 1038 ipsam
1433 1004 1565 1030 summa
1592 995 1653 1030 de-

258 1063 445 1099 lectatione
494 1057 690 1103 spirituali,
741 1044 829 1102 quae
882 1061 936 1091 est
982 1058 1017 1091 in
1068 1057 1135 1092 Dei
1182 1069 1320 1102 amore,
1370 1070 1456 1105 prae
1503 1063 1655 1096 cacteris

257 1128 425 1173 implevit.
497 1123 598 1164 Quod
645 1127 679 1158 et
723 1123 765 1158 de
809 1122 969 1157 Johanne
1010 1123 1150 1168 quidam
1205 1124 1382 1169 fatentur,
1438 1127 1532 1172 quod
1573 1127 1654 1162 ideo

257 1192 473 1230 dulcitudine
511 1200 596 1225 suae
630 1189 883 1223 familiaritatis
918 1199 993 1222 eum
1028 1199 1113 1234 prae
1143 1192 1293 1225 caeteris
1333 1192 1533 1234 decoravit,
1572 1195 1655 1238 quia

258 1271 280 1296 a
304 1259 488 1306 praedicta
512 1257 747 1291 delectatione
773 1265 849 1289 eum
874 1256 1031 1289 removit.
1079 1255 1174 1290 Haec
1206 1260 1320 1290 autem
1352 1256 1444 1292 {alsa
1468 1262 1503 1293 et
1527 1258 1656 1293 frivola

258 1328 482 1372 reputantur,
515 1323 599 1368 quia
624 1321 735 1356 frater
759 1320 927 1355 Albertus
953 1321 986 1354 in
1011 1324 1192 1365 prooemio
1217 1334 1324 1368 super
1349 1324 1567 1369 evangelium
1592 1325 1654 1360 Jo-

258 1393 384 1427 hannis
409 1390 527 1436 ponit,
553 1387 647 1434 quod
672 1387 759 1422 haec
784 1396 929 1432 sponsa,
956 1386 998 1421 de
1022 1388 1122 1432 cujus
1147 1390 1278 1433 nuptiis
1305 1392 1450 1425 vocatus
1475 1389 1541 1423 suit
1565 1390 1655 1424 idem

257 1458 457 1499 Johannes,
493 1456 529 1489 in
558 1441 763 1500 virginitate
796 1455 990 1498 permansit
1023 1457 1058 1489 et
1090 1455 1124 1488 in
1162 1456 1334 1490 societate
1366 1454 1493 1490 beatae
1516 1455 1654 1491 Mariae

258 1526 407 1570 virginis
440 1522 561 1557 matris
597 1520 728 1554 Christi
760 1519 980 1564 postmodum
1013 1521 1091 1555 visa
1123 1520 1189 1555 suit
1221 1525 1256 1556 et
1284 1521 1424 1556 tandem
1457 1521 1523 1556 linc
1559 1521 1652 1562 bono

258 1591 402 1637 quievit.
426 1607 472 1615 —-
504 1589 547 1625 2.
575 1586 638 1621 Vir
672 1585 813 1631 quidam
846 1585 1023 1620 oculorum
1057 1586 1185 1622 lumine
1217 1588 1376 1631 privatus
1407 1597 1482 1621 cum
1507 1587 1550 1621 ad
1578 1598 1651 1621 mo-

256 1657 447 1691 nasterium
467 1653 711 1689 vizeliacense
733 1661 841 1686 causa
857 1652 1023 1686 visitandi
1043 1663 1170 1698 corpus
1195 1653 1322 1688 beatae
1341 1653 1477 1689 Mariae
1501 1653 1652 1699 Magda-

257 1724 358 1757 lenae
396 1722 532 1756 veniret
567 1723 602 1754 et
635 1728 718 1753 suus
753 1719 786 1752 ei
811 1717 935 1753 ductor
959 1718 1115 1761 diceret,
1149 1729 1188 1753 sc
1213 1720 1398 1754 ecclesiam
1419 1720 1493 1764 jam
1519 1719 1652 1762 videre,

258 1788 317 1822 ille
351 1796 479 1832 magna
512 1795 600 1819 voce
634 1783 864 1818 exclamavit:
899 1793 919 1816 ο
956 1787 1078 1817 sancta
1111 1783 1229 1818 Maria
1252 1785 1489 1829 Magdalena,
1522 1787 1650 1819 utinam

257 1851 448 1897 aliquando
474 1850 593 1885 videre
618 1858 756 1883 merear
781 1848 966 1882 ecclesiam
989 1852 1104 1890 tuam,
1141 1850 1327 1894 statimque
1353 1849 1445 1883 oculi
1471 1851 1547 1895 ejus
1573 1854 1652 1884 sunt

258 1918 381 1963 aperti.
408 1937 453 1942 —
477 1918 525 1953 8.
553 1916 700 1955 Quidam
736 1913 814 1947 dum
840 1918 985 1957 peccata
1009 1923 1074 1947 sua
1107 1915 1141 1947 in
1166 1914 1316 1959 quadam
1341 1915 1512 1949 schedula
1536 1917 1649 1960 scrip-

258 1985 386 2026 sisset,
422 1992 497 2016 eam
530 1981 594 2015 sub
628 1980 724 2024 palla
757 1979 881 2013 altaris
915 1979 1043 2013 beatae
1075 1979 1213 2014 Mariae
1246 1979 1481 2025 Magdalenae
1521 1983 1650 2025 posuit,

258 2059 390 2095 rogans
415 2058 503 2090 eain,
529 2049 566 2079 ut
590 2045 659 2080 sibi
683 2044 936 2090 indulgentiam
959 2046 1172 2089 impetraret.
1223 2045 1288 2085 Qui
1307 2047 1525 2091 postmodum
1548 2046 1650 2081 sehe-

258 2115 373 2149 dulam
394 2115 570 2158 accipiens
589 2116 736 2157 peccata
754 2121 819 2146 sua
837 2111 880 2146 de
906 2113 984 2155 ipsa
1008 2110 1178 2146 schedula
1202 2113 1340 2146 omnino
1367 2112 1484 2147 deleta
1507 2113 1648 2147 invenit.

255 2202 298 2206 --
324 2184 376 2218 9.
403 2179 551 2219 Quidam
586 2178 664 2212 dum
699 2178 743 2212 oh
770 2179 939 2223 pecuniae
965 2179 1180 2213 exactionem
1207 2178 1434 2223 compedibus
1458 2181 1649 2219 teneretur,

255 2246 404 2282 Mariam
429 2244 677 2291 Magdalenam
704 2245 738 2278 in
764 2245 818 2279 sui
843 2245 1057 2289 adjutorium
1090 2243 1294 2286 invocabat,
1329 2247 1363 2277 et
1397 2253 1477 2278 ecce
1501 2243 1649 2289 quadam

255 2315 356 2346 nocte
380 2312 504 2345 mulier
529 2310 700 2354 quaedam
726 2311 891 2363 speciosa
915 2310 983 2344 sibi
1007 2310 1184 2354 apparuit,
1210 2320 1299 2355 quae
1318 2309 1457 2345 vincula
1482 2309 1648 2355 frangens

255 2382 290 2412 et
314 2379 439 2411 ostium
465 2386 629 2411 reserans
655 2375 745 2418 sibi,
780 2379 818 2409 ut
843 2375 1001 2426 sugeret,
1042 2376 1237 2419 imperavit.
1289 2374 1353 2415 Qui
1387 2386 1425 2410 se
1451 2375 1646 2410 absolutum

254 2442 376 2477 videns
402 2443 560 2487 protinus
588 2442 666 2476 inde
692 2440 840 2485 aufugit.
866 2461 907 2466 —
926 2456 927 2460 ¹
945 2444 1027 2479 10.
1055 2441 1209 2476 Clericus
1236 2441 1376 2487 quidam
1402 2441 1445 2476 dc
1469 2439 1645 2478 Flandria,

253 2507 452 2552 Stephanus
477 2508 637 2550 nomine,
664 2509 698 2541 in
724 2511 854 2541 tantam
881 2507 1051 2542 scelerum
1076 2508 1322 2542 immanitatem
1341 2506 1527 2546 ceciderat,
1554 2504 1646 2549 quod

255 2574 370 2606 omnia
396 2583 565 2608 exercens
592 2573 729 2619 flagitia
754 2583 813 2615 ea,
849 2583 939 2618 quae
965 2573 1090 2608 salutis
1115 2577 1232 2615 crant,
1259 2583 1326 2606 non
1363 2571 1473 2606 solum
1500 2580 1566 2603 non
1594 2569 1646 2603 sa-

257 2647 357 2678 rcre,
383 2639 443 2672 sed
470 2649 534 2673 nec
559 2639 680 2674 audire
706 2638 858 2673 volebat.
907 2638 944 2678 ln
975 2638 1115 2673 beatam
1142 2642 1256 2672 tamen
1286 2635 1433 2671 Mariam
1458 2634 1646 2679 Magdalu-

257 2711 334 2735 nam
369 2701 589 2739 devotionem
625 2714 785 2750 magnam
820 2703 954 2740 habens
988 2706 1064 2760 ‘³st
1090 2703 1230 2749 vigilias
1249 2700 1437 2745 jejunabat
1461 2704 1495 2735 et
1521 2700 1644 2735 festum
