1742 3005
230 131 310 171 51ss
370 133 465 180 sap.
495 128 626 164 (xlx.
688 128 744 165 De
776 127 1007 163 assumtione
1035 132 1186 163 sanctae
1218 124 1360 161 Mariae
1392 122 1556 171 virginis,

228 236 437 271 Jndaeorum
464 233 509 267 ad
545 232 657 268 altare
685 232 856 267 accedens
883 241 1009 277 corpus
1035 231 1164 265 domini
1195 241 1268 265 curn
1295 229 1417 264 iisdem
1444 228 1610 272 percepit.

229 303 402 337 Reversus
428 299 576 341 domum,
606 308 680 332 cum
707 307 726 332 a
752 301 873 342 patre,
898 297 988 332 unde
1017 298 1190 338 veulsset,
1223 297 1521 340 interrogaretur,
1557 301 1613 325 re—

228 365 370 410 spondit
395 375 434 399 se
461 374 535 398 cum
563 365 681 408 pueris
709 362 930 405 christianis,
957 374 1031 397 cum
1057 362 1183 408 quibus
1209 360 1253 395 ad
1282 359 1422 394 scholas
1448 359 1543 401 ibat,
1570 357 1615 391 ad

230 432 413 466 eeclesiam
438 431 546 464 ivisse
574 434 607 464 et
631 439 705 463 cum
732 430 775 463 iis
803 430 1089 463 eonnnunieasse.
1137 427 1235 462 Tunc
1265 430 1365 471 pater
1395 426 1471 469 ejus
1498 424 1616 457 furore

230 497 384 542 repletus
411 478 555 541 puerum
579 495 815 540 apprehendit
841 500 874 530 et
898 497 1061 529 continuo
1089 495 1122 528 in
1148 493 1323 528 fornacem
1345 491 1534 531 ardentem,
1560 490 1616 534 qui

231 563 361 598 ibidem
388 566 484 603 erat,
522 562 684 606 projecit.
734 562 858 596 Statim
892 566 1005 595 autem
1038 561 1102 595 Dei
1134 560 1288 605 genitrix
1321 559 1355 591 in
1386 556 1506 601 speeie
1534 556 1617 588 ima-

231 631 344 676 ginis,
379 637 479 673 quam
505 638 592 672 puer
621 637 730 672 super
755 628 867 662 altare
892 627 1047 667 viderat,
1082 625 1195 661 eidem
1221 624 1333 659 adfuit
1357 627 1391 658 et
1417 633 1491 657 eum
1517 620 1618 654 illae-

232 707 304 729 sum
343 693 386 728 ab
423 695 504 738 igne
540 694 703 726 servavit.
752 692 868 727 Mater
901 703 982 727 vero
1017 693 1115 736 pueri
1140 691 1265 724 multos
1291 689 1558 723 christianorum
1587 689 1621 718 ‹=t

231 761 442 797 Judaeornm
479 759 552 791 suis
584 757 795 791 clamoribus
829 759 1079 803 congregavit,
1125 758 1184 802 qui
1216 755 1374 790 videntes
1407 763 1549 799 puerum
1588 753 1620 784 in

232 826 374 861 fornae-c
400 823 447 858 nil
472 824 642 858 laesionis
668 823 854 858 habentem
881 824 991 867 ipsum
1021 821 1100 856 inde
1123 825 1348 856 extraxerunt
1373 825 1418 863 et,
1446 818 1620 865 quomodo

234 892 408 937 potuisset
448 888 619 930 evadere,
655 890 972 935 interrogaverunt.
1024 887 1089 927 Qui
1125 886 1323 931 respondit:
1366 887 1528 931 quoniam
1561 884 1622 917 illa

235 955 430 992 reverenda
455 954 616 999 domina,
653 965 742 999 quac
768 965 875 999 super
901 954 1014 988 altare
1041 953 1179 994 stabat,
1214 951 1296 986 mihi
1325 951 1492 985 auxilium
1518 959 1620 994 prae*

235 1023 310 1057 buit
334 1025 367 1056 et
392 1031 492 1055 omne
519 1031 539 1054 a
565 1031 616 1055 me
642 1019 838 1055 incendimn
867 1019 1098 1064 propulsavit.
1149 1018 1248 1053 Tunc
1282 1018 1466 1052 christIani
1491 1014 1622 1050 intelli-

234 1091 359 1133 gentes
394 1096 474 1120 esse
511 1087 697 1131 imaginem
733 1086 861 1120 beatae
893 1085 1031 1121 Mariae
1065 1088 1197 1129 patrem
1229 1086 1329 1129 pueri
1355 1085 1567 1128 acceperunt
1591 1086 1624 1116 et

236 1155 348 1198 ipsum
373 1152 408 1184 in
433 1150 610 1185 fornacem
637 1152 881 1196 projecerunt,
917 1153 974 1196 qui
1007 1153 1171 1185 continuo
1199 1150 1400 1184 combustus
1427 1154 1461 1182 et
1486 1149 1623 1193 penitus

235 1216 435 1253 consumtus
457 1221 524 1252 est.
547 1237 587 1242 —
608 1220 655 1254 6.
675 1216 819 1256 Quidam
838 1216 997 1250 monachi
1017 1221 1097 1251 ante
1115 1216 1203 1251 diem
1218 1215 1624 1262 juxtafluviumstabant

237 1288 271 1319 et
307 1283 436 1317 ibidem
471 1293 509 1317 se
545 1282 675 1316 fabulis
711 1287 746 1317 et
779 1284 903 1317 otiosis
941 1282 1160 1317 sermonibus
1196 1281 1446 1323 exsolvebant,
1485 1285 1518 1315 et
1545 1290 1624 1315 ecce

237 1348 384 1383 audiunt
415 1350 567 1394 remiges
597 1359 660 1393 per
687 1348 812 1383 {lumen
839 1349 969 1393 impetu
994 1349 1098 1381 nimio
1125 1350 1354 1393 navigantes,
1390 1347 1515 1392 quibus
1552 1358 1624 1380 mo-

236 1414 340 1449 nachi
363 1414 547 1450 dixerunt:
575 1415 633 1460 qui
659 1416 745 1449 estis
774 1414 864 1448 vos?
911 1412 954 1447 Et
978 1413 1047 1447 illi:
1074 1413 1263 1448 daemones
1291 1423 1428 1456 sumus,
1466 1415 1524 1458 qui
1549 1415 1624 1447 ani-

236 1491 323 1515 mam
350 1479 496 1515 Ebroini
522 1478 721 1525 praepositi
742 1480 863 1515 domus
891 1480 988 1525 regis
1013 1478 1244 1520 Francorum,
1278 1480 1337 1525 qui
1368 1489 1389 1513 a
1414 1480 1626 1514 monasterio

237 1547 349 1580 sancti
385 1545 477 1580 Galli
511 1547 748 1590 apostatavit,
784 1547 819 1580 in
853 1545 1025 1580 infernum
1059 1545 1260 1580 deferimus.
1311 1544 1411 1585 Quod
1443 1544 1626 1579 audientes

238 1610 398 1646 monachi
423 1610 730 1646 vehementissime
754 1613 942 1646 timuerunt
969 1615 1003 1646 et
1022 1611 1160 1646 fortiter
1178 1611 1478 1646 exclamaverunt:
1507 1614 1629 1644 sancta

238 1676 374 1719 Maria,
415 1686 478 1710 ora
504 1686 567 1721 pro
595 1676 709 1711 nohis.
759 1677 893 1717 Quibus
925 1677 1113 1712 daemones
1142 1677 1322 1712 dixerunt:
1364 1676 1455 1712 bene
1480 1676 1628 1711 Mariam

240 1744 452 1783 invocastis,
487 1752 550 1777 vos
582 1743 671 1776 enim
702 1742 905 1786 discerpere
942 1747 976 1777 et
1012 1743 1241 1788 submergere
1279 1742 1503 1784 volebamus,
1547 1743 1630 1787 quia

243 1818 304 1842 vos
340 1807 512 1842 dissolute
547 1811 581 1842 ct
610 1811 710 1842 extra
733 1806 856 1841 horam
883 1808 1152 1842 confabulantes
1179 1809 1381 1842 invenimus.
1432 1808 1530 1841 Tunc
1556 1817 1629 1841 mo-

241 1872 342 1907 nachi
367 1872 514 1907 redeunt
538 1872 582 1906 ad
609 1872 813 1907 coenobium
841 1878 874 1908 et
899 1873 1086 1908 daemones
1114 1877 1304 1917 properant
1324 1873 1368 1906 ad
1389 1872 1627 1907 infernum*

242 1941 285 1975 ἶ.
304 1936 389 1971 Erat
408 1937 547 1983 quidam
566 1938 753 1972 monachus
771 1937 874 1973 valde
892 1938 1058 1979 lubricus,
1080 1938 1143 1973 sed
1165 1941 1198 1972 in
1217 1938 1354 1973 beatam
1366 1938 1512 1973 Mariam
1528 1937 1629 1972 valde

242 2003 401 2038 devotus.
450 2002 605 2042 Quadam
631 2008 731 2039 nocte
757 2003 802 2038 ad
828 2004 944 2038 scelus
963 2004 1144 2039 adsuetum
1168 2014 1319 2049 pergens
1342 2007 1374 2038 et
1392 2014 1506 2038 coram
1525 2004 1630 2038 altari

242 2070 418 2103 transiens
444 2067 583 2103 beatam
611 2070 780 2115 virginem
806 2070 975 2104 salutavit
1000 2073 1033 2104 et
1058 2071 1108 2104 sic
1135 2069 1177 2104 de
1204 2070 1355 2104 ecclesia
1379 2071 1518 2111 exiens,
1551 2069 1629 2103 dum

242 2134 413 2180 quendam
457 2134 598 2169 fluvium
640 2135 746 2170 vellet
777 2137 946 2177 transire,
988 2136 1022 2168 in
1061 2145 1185 2180 aquam
1224 2135 1391 2170 decidens
1426 2136 1627 2179 exspiravit.

243 2200 351 2244 Cujus
377 2201 524 2234 animam
550 2210 625 2234 cum
652 2200 840 2235 daemones
864 2202 1078 2246 rapuissent,
1105 2200 1293 2236 adfuerunt
1318 2200 1460 2246 angeli,
1495 2205 1531 2234 ut
1555 2210 1629 2235 eam

243 2264 444 2299 liberarent.
494 2265 629 2305 Quibus
663 2266 851 2301 daemones
876 2266 1057 2301 dixerunt:
1090 2267 1178 2310 ¹)ad
1207 2266 1290 2311 quid
1316 2265 1382 2299 hue.
1407 2265 1630 2301 advenistis?

242 2329 329 2363 nihil
364 2331 399 2364 in
425 2329 490 2364 hac
516 2333 631 2365 anima
656 2331 795 2366 habetis
849 2332 1043 2377 Statimque
1069 2331 1177 2367 beata
1202 2332 1319 2367 Maria
1346 2331 1459 2367 adfuit
1484 2336 1537 2374 et,
1569 2341 1630 2365 eur

241 2396 317 2440 ejus
343 2397 491 2430 animam
517 2407 642 2441 rapere
667 2402 965 2442 praesumserant,
991 2399 1195 2442 increpavit.
1244 2398 1297 2432 llli
1320 2402 1432 2432 antem
1454 2397 1627 2437 dixerunt,

241 2462 323 2505 quia
339 2471 414 2496 eum
434 2460 565 2496 finiisse
591 2464 696 2497 vitam
723 2463 755 2496 in
780 2462 880 2496 malis
906 2463 1073 2507 operibus
1098 2465 1312 2498 invenerunt.
1361 2464 1407 2497 At
1431 2463 1509 2496 illa:
1536 2461 1628 2495 falsa,

242 2530 340 2565 sunt,
377 2536 465 2571 qnae
491 2527 678 2571 profertis,
714 2530 788 2563 scio
814 2529 925 2571 enim,
964 2529 1055 2574 quod
1082 2529 1201 2574 aliquo
1228 2539 1379 2574 pergens
1406 2538 1457 2561 mc
1483 2527 1625 2571 primum

242 2588 419 2624 salutabat
449 2596 483 2626 et
522 2592 661 2627 rediens
692 2594 852 2630 similiter
884 2593 1047 2630 faciebat.
1099 2595 1231 2635 Quodsi
1274 2594 1390 2627 dicitis
1427 2591 1524 2626 vobis
1561 2593 1624 2627 vnn

311 2734 335 2762 l)
359 2732 451 2764 Vulgo
471 2738 504 2759 ut
527 2745 568 2767 ιμι
583 2736 627 2763 id.
