1742 3005
440 100 531 150 Cap.
565 99 696 137 CLXI.
755 101 813 137 De
854 105 983 137 sancto
1014 99 1233 137 Eustachio.
1440 100 1518 139 713

137 216 156 238 o
181 203 343 246 Placide,
376 204 459 250 quid
495 215 547 240 me
581 206 835 250 persequeris?
881 204 957 252 Ego
989 207 1038 240 tui
1072 206 1190 251 gratia
1224 207 1256 240 in
1288 204 1355 241 hoc
1379 206 1520 240 animali

135 268 198 302 tibi
223 271 389 314 apparui,
417 281 483 316 ego
509 282 581 305 sum
609 271 787 313 Clu-istuS,
815 282 914 317 quem
933 276 969 306 tu
989 273 1157 318 ignorans
1176 272 1282 315 colis3
1309 271 1521 307 elemosinae

135 339 216 370 tuae
253 345 374 380 corani,
402 347 455 371 ine
488 336 747 372 adscenderunt
779 342 813 372 et
844 337 889 371 ol)
922 337 989 371 hoc
1024 339 1100 371 veni
1127 341 1160 372 et
1188 348 1251 382 per
1275 338 1384 380 hune,
1421 349 1520 384 quem

138 400 338 444 venabaris‚
366 413 502 437 cervum
531 413 597 449 ego
625 414 762 448 quoque
789 407 821 438 te
848 404 923 447 ipse
950 412 1111 439 venarer.
1158 403 1227 437 Alii
1253 407 1368 438 tamen
1394 404 1522 447 dicunt,

139 466 231 511 quod
265 469 343 512 ipsa
379 470 520 514 imago,
556 478 644 513 quae
669 470 760 502 inter
785 478 915 501 cornua
944 469 1038 502 cervi
1073 470 1255 511 apparuit,
1293 469 1382 503 llaec
1415 469 1523 504 verba

138 533 293 577 protulit.
341 534 434 569 Haec
471 534 618 568 audiens
652 532 816 567 Placidus
852 534 957 566 nimio
994 533 1118 567 timore
1152 538 1332 577 correptus
1364 534 1407 568 de
1433 545 1523 579 equo

137 599 172 631 in
205 603 331 634 terram
365 599 515 644 procidit
546 601 580 633 et
611 602 693 643 post
726 608 827 632 unam
861 598 981 632 horam
1020 597 1063 631 ad
1097 608 1135 633 se
1169 598 1308 634 rediens
1350 598 1393 634 de
1429 603 1525 634 terra

137 666 291 699 surrexit
315 668 349 699 et
373 666 440 699 ait:
476 664 596 699 revela
623 664 726 706 mihi,
760 663 852 710 quod
877 663 1053 709 loqueris,
1090 669 1124 699 et
1156 667 1208 699 sic
1238 664 1376 700 credam
1409 666 1442 698 in
1477 670 1523 700 te.

137 728 179 763 Et
203 731 252 764 ait
277 730 458 765 Christus:
486 740 575 776 ego,
600 729 765 773 Placide,
792 741 866 764 sum
892 729 1066 772 Christus,
1093 732 1150 775 qui
1177 731 1310 766 coelum
1338 735 1371 766 et
1398 735 1525 766 terram

138 797 278 838 creavi,
311 797 371 841 qui
395 796 505 831 lucem
533 798 618 831 oriri
644 796 711 831 feci
745 800 779 831 et
807 806 827 830 a
853 796 1009 831 tenebris
1045 796 1170 838 divisi,
1206 798 1264 842 qui
1298 801 1456 842 tempora
1492 802 1527 832 et

137 860 214 896 dies
240 865 275 896 et
302 871 412 896 annes
440 864 624 904 constitui,
661 864 718 908 qui
750 862 921 897 hominem
951 862 993 896 de
1019 861 1098 896 limo
1125 867 1242 897 terrae
1268 862 1435 904 formavi,
1469 866 1528 908 qui

139 931 284 972 propter
313 927 458 962 salutem
493 928 633 962 humani
665 929 807 973 generis
843 929 875 960 in
908 929 1012 961 terris
1048 929 1082 961 in
1121 938 1224 963 carne
1261 930 1427 972 apparui,
1470 931 1527 974 qui

142 991 327 1027 crucifixus
362 997 396 1028 et
430 993 587 1038 sepultus
620 995 725 1027 tertia
751 993 807 1028 die
832 994 1022 1027 resurrexi.
1073 992 1166 1028 Haec
1191 993 1338 1028 audiens
1363 994 1527 1029 Placidus

139 1059 262 1093 iterum
296 1060 329 1092 in
362 1063 490 1093 terram
524 1058 690 1093 decidens
724 1061 790 1093 ait:
836 1059 962 1101 crede,
997 1059 1155 1101 domine,
1193 1061 1276 1104 quia
1307 1064 1343 1093 tu
1378 1070 1434 1101 es,
1470 1061 1527 1105 qui

140 1125 255 1158 omnia
283 1124 396 1159 fecisti
423 1128 457 1159 et
482 1126 540 1170 qui
566 1129 725 1160 errantes
750 1127 937 1162 convertis.
988 1124 1030 1160 Et
1056 1125 1144 1159 dixit
1169 1124 1211 1159 ad
1241 1136 1316 1160 eum
1347 1124 1528 1159 dominus:

138 1192 168 1224 si
195 1189 328 1233 credis,
355 1189 445 1226 vade
469 1191 512 1225 ad
539 1193 739 1236 episcopum
766 1193 942 1234 civitatis,
971 1196 1004 1226 et
1028 1196 1062 1226 te
1087 1191 1263 1236 baptizari
1290 1190 1416 1226 facias,
1465 1192 1528 1225 Cui

138 1255 319 1292 Placidus:
346 1258 410 1299 vis,
437 1256 587 1300 domine,
619 1261 655 1292 ut
676 1257 766 1293 haec
791 1257 912 1293 eadem
938 1259 1039 1292 uxori
1069 1267 1167 1292 meae
1195 1261 1228 1292 et
1254 1257 1335 1291 liliis
1362 1259 1527 1297 nuntiem,

139 1327 177 1358 ut
194 1326 228 1358 et
246 1324 311 1368 ipsi
331 1324 465 1368 pariter
484 1324 567 1358 inte
582 1323 754 1359 credant?
783 1325 845 1358 Cui
865 1324 1044 1358 dominus:
1068 1325 1228 1358 renuntia
1250 1323 1332 1365 illis,
1359 1327 1395 1358 ut
1413 1328 1445 1358 et
1464 1325 1533 1368 ipsi

141 1390 274 1434 pariter
308 1393 418 1422 tecum
453 1383 681 1431 mundentur3
717 1393 753 1423 tu
787 1400 926 1435 quoque
961 1389 1017 1424 die
1043 1391 1197 1424 crastina
1228 1389 1294 1423 huc
1320 1391 1461 1431 venias,
1493 1393 1530 1424 ut

140 1455 204 1489 tihi
238 1464 358 1488 rursus
383 1464 572 1498 appaream
601 1458 654 1497 et,
688 1465 779 1500 quae
811 1454 927 1489 sutura
954 1459 1056 1497 sunt,
1091 1456 1228 1500 plenius
1266 1455 1328 1489 tibi
1366 1455 1529 1499 pandam,

140 1520 223 1555 Cum
250 1530 336 1566 ergo
363 1519 500 1554 domum
528 1521 683 1555 venisset
713 1525 746 1556 ct
779 1520 865 1556 haec
890 1522 991 1555 uxori
1021 1522 1055 1555 in
1078 1521 1169 1555 lecto
1195 1522 1442 1563 renuntiasset,
1469 1532 1527 1555 exv

117 1586 304 1621 *clamavit
327 1596 417 1620 uxor
441 1586 518 1631 ejus
545 1586 686 1621 dicens:
713 1586 851 1621 domine
879 1588 935 1629 mi,
963 1591 997 1621 et
1023 1597 1090 1633 ego
1117 1597 1192 1621 eum
1217 1590 1398 1620 transacta
1427 1591 1530 1622 nocte

141 1652 212 1686 vidi
238 1651 410 1686 dicentem
435 1651 536 1694 mihi,
567 1662 647 1686 cras
672 1656 709 1686 tu
739 1656 774 1687 et
806 1653 857 1686 vir
882 1655 960 1686 tuus
996 1656 1030 1687 et
1055 1652 1116 1686 lilii
1142 1653 1192 1686 tui
1219 1652 1261 1686 ad
1290 1663 1343 1687 me
1369 1654 1528 1694 venietis,

141 1722 176 1754 et
207 1728 298 1752 nunc
328 1719 501 1763 cognovi,
543 1719 705 1763 quoniam
738 1720 815 1763 ipse
848 1723 902 1753 est
935 1718 1038 1754 Jesns
1075 1718 1246 1752 Christus.
1295 1717 1530 1753 Pei-rexerunt

141 1785 250 1830 igitur
277 1782 320 1817 ad
346 1784 546 1828 episcopum
573 1783 703 1818 Romae
728 1784 845 1819 media
869 1789 990 1827 nocte,
1018 1786 1075 1830 qui
1103 1794 1163 1819 eos
1189 1794 1262 1817 eum
1289 1794 1415 1830 magno
1440 1794 1530 1830 gau-

141 1849 199 1884 dio
215 1849 411 1894 baptizavit
429 1853 463 1883 et
480 1848 656 1884 Placidum
675 1849 899 1885 Eustachium
917 1851 1067 1892 vocavit,
1096 1851 1172 1895 ejus
1193 1860 1334 1886 uxorem
1352 1850 1529 1895 Theospi-

141 1919 207 1950 tem
235 1918 270 1950 et
295 1913 386 1948 filios
412 1915 488 1960 eJus
513 1915 711 1961 Agapetuni
730 1920 764 1951 et
782 1916 1026 1961 Tlieospitum.
1075 1916 1180 1951 Mane
1199 1916 1291 1950 sacto
1306 1915 1528 1959 Eustachium,

141 1982 230 2016 sicut
253 1981 363 2025 prium,
390 1980 435 2014 ad
457 1983 672 2016 venationem
699 1984 874 2027 processit
899 1986 933 2016 et
959 1993 1070 2027 prope
1096 1982 1206 2016 locum
1234 1983 1376 2016 veniens
1402 1982 1529 2016 milites

142 2056 225 2080 suos
252 2047 354 2090 quasi
377 2045 441 2079 sub
471 2046 614 2081 obtentu
638 2047 905 2092 investigandae
938 2049 1131 2082 venationis
1167 2047 1336 2090 dispersit
1362 2051 1530 2091 stansque

142 2114 176 2146 in
201 2111 280 2145 loco
307 2110 450 2144 sormam
478 2112 608 2155 prunae
637 2113 784 2146 visionis
809 2114 960 2157 aspexit,
995 2111 1194 2155 cadensque
1219 2112 1252 2143 in
1284 2111 1405 2145 faciem
1431 2121 1529 2145 suam

143 2177 248 2211 dixit:
290 2175 472 2220 supplico,
510 2175 672 2220 domine,
715 2181 751 2212 ut
783 2177 1007 2218 manifesteS‚
1054 2186 1144 2221 quae
1178 2177 1390 2220 promiseras
1425 2186 1528 2210 servo

142 2246 215 2278 tuo.
263 2243 327 2276 Cui
363 2241 537 2275 dominus:
570 2241 694 2276 beatus
726 2253 782 2284 es,
823 2242 1014 2285 Eustachi,
1056 2243 1114 2287 qui
1149 2243 1318 2286 accepisti
1350 2241 1528 2275 lavacrum

142 2309 280 2354 gratiae
316 2316 430 2350 meae,
468 2308 550 2352 quia
581 2308 684 2342 modo
714 2308 898 2353 dyabolum
936 2309 1112 2353 superasti
1149 2307 1251 2341 modo
1284 2318 1378 2349 eum,
1412 2308 1528 2352 quite

143 2373 352 2416 deceperat,
387 2372 621 2416 conculcasti,
657 2374 760 2409 modo
787 2374 975 2420 apparebit
1001 2374 1086 2409 tides
1114 2378 1185 2408 tua.
1234 2372 1413 2418 Dyabolus
1439 2373 1526 2406 enim

143 2448 205 2480 eo,
248 2435 342 2482 quod
378 2438 490 2480 ipsum
524 2438 774 2484 dereliqueris,
820 2444 943 2474 contra
972 2445 1006 2475 te
1041 2450 1147 2475 saeve
1180 2443 1351 2481 armatum
1389 2442 1529 2482 oportet

141 2506 251 2550 igitur
280 2507 315 2537 te
351 2499 458 2536 inulta
491 2504 686 2546 sustinere,
725 2509 762 2539 ut
794 2507 949 2550 accipias
975 2515 1138 2540 eoronam
1164 2505 1352 2545 victoriae3
1388 2507 1529 2547 oportet

142 2574 176 2604 te
201 2569 309 2603 multa
335 2569 425 2613 pati,
459 2571 495 2601 ut
527 2567 570 2602 de
602 2568 674 2602 alta
706 2570 841 2604 saeculi
875 2571 1029 2605 vanitate
1061 2570 1255 2604 humilieris
1291 2574 1324 2603 et
1350 2579 1469 2603 rursus
1495 2570 1526 2602 in

144 2634 386 2678 spiritualibus
413 2633 543 2667 divitiis
572 2635 751 2669 exalteris.
801 2634 854 2669 Tu
879 2645 965 2681 ergo
991 2646 1033 2670 ne
1060 2635 1202 2670 delicias
1229 2646 1290 2669 nec
1316 2633 1359 2668 ad
1379 2628 1526 2680 gloria‘m

143 2700 324 2744 pristinam
362 2700 551 2744 respicias.
588 2701 669 2745 quia
704 2711 766 2745 per
800 2701 1012 2737 tentationes
1049 2705 1186 2746 oportet
1221 2706 1254 2737 te
1291 2700 1434 2735 alterum
1462 2699 1527 2735 ,1019
