1742 3005
242 98 321 136 332.
555 99 650 146 Cap.
686 95 863 131 LXXlM.
924 96 982 131 De
1013 102 1143 131 sancto
1175 94 1322 144 spiritu.

243 210 306 239 ete.
358 204 450 237 lleus
477 202 565 236 enim
592 201 675 234 l‘aeit
701 198 868 233 miracula
893 209 956 243 per
981 201 1240 241 auctoritatem,
1281 199 1398 245 angeli
1435 210 1497 243 per
1526 202 1631 231 mate

242 272 314 303 riae.
349 266 641 312 ¹)l1umilitatem,
677 265 864 299 daemones
899 274 961 308 per
988 265 1132 298 virtutes
1159 265 1335 299 naturales
1362 265 1467 299 rebus
1496 265 1631 297 insitas⁴

243 336 334 379 magi
362 345 424 378 per
458 331 613 366 occultos
639 335 838 366 contractus
863 341 936 364 eum
967 329 1215 371 daemonibus,
1251 329 1335 363 boni
1366 329 1546 364 christiani
1573 340 1635 373 per

241 399 415 444 publicam
448 398 639 444 justitiam,
685 396 767 430 mali
803 396 986 430 christiani
1023 405 1087 440 per
1117 396 1220 440 signa
1263 394 1423 439 publicae
1458 396 1631 440 justitiae

240 464 402 500 Secundo
429 463 526 498 dedit
550 464 593 497 iis
619 464 777 507 spiritum
803 466 980 503 sanetum,
1017 461 1155 507 quando
1193 462 1226 494 in
1262 471 1323 495 eos
1362 460 1554 494 insufflavit
1579 461 1627 494 di

241 543 345 566 cens:
382 530 532 574 aecipite
565 530 724 574 spiritum
758 532 936 569 sanetum,
971 538 1113 573 quorum
1148 529 1355 562 remiseritis
1389 532 1534 572 peccata
1567 532 1630 563 ete⁴

243 597 317 632 Non
342 601 456 631 tamen
480 598 599 639 potest
626 595 703 639 quis
735 598 913 638 peecatum
953 594 1149 634 remittere,
1183 598 1346 639 quantum
1382 594 1427 628 ad
1453 594 1632 631 iiiaeulam,

242 673 332 709 quae
359 662 470 696 estin
495 661 629 702 anima,
667 664 726 693 aut
760 663 923 704 quantum
957 659 1001 693 ad
1037 663 1189 699 reatum,
1224 659 1259 693 id
1295 664 1349 694 est
1382 659 1633 705 obligationem

241 728 285 762 ad
311 736 458 772 poenam
483 710 673 766 aeternam,
700 728 760 758 ant
783 728 946 769 quantum
971 725 1015 758 ad
1041 725 1105 759 Dei
1132 725 1313 767 offensam,
1340 735 1430 770 quae
1454 725 1564 759 solum
1594 737 1634 760 ex

241 794 418 827 infusione
440 792 579 836 gratiae
605 794 639 824 et
667 790 793 824 virtute
821 791 1042 824 contritionis
1076 791 1305 824 remittuntur.
1354 790 1491 825 Dicitur
1521 796 1634 826 tamen

241 858 410 894 sacerdos
437 857 644 897 absolvere,
681 859 749 889 tum
786 858 869 901 quia
901 866 921 890 a
951 856 1055 901 eulpa
1090 855 1287 889 absolutum
1321 866 1401 891 esse
1429 859 1634 900 ²)insinuat‚

242 931 309 960 tum
336 926 417 969 quia
441 932 588 968 poenam
614 922 854 967 purgatoriam
883 923 916 955 in
950 922 1175 966 temporalem
1206 926 1412 964 connuntat,
1450 926 1519 956 tum
1555 925 1635 968 quia

242 992 285 1025 ‹le
322 992 401 1034 ipsa
438 987 623 1033 temporali
659 991 793 1031 partem
821 987 969 1022 relaxat.
1021 987 1144 1022 Tertio
1171 987 1267 1021 dedit
1294 989 1336 1021 iis
1363 987 1534 1023 hodierna
1567 989 1634 1030 die,

241 1055 380 1102 quando
418 1065 536 1089 eorum
570 1053 679 1087 corda
714 1054 766 1087 sie
799 1053 953 1087 solidata
976 1057 1076 1095 sunt,
1113 1057 1148 1087 nt
1183 1054 1229 1087 nil
1268 1059 1439 1089 tormenta
1461 1057 1633 1091 timerent.

242 1122 386 1155 Psalm.:
422 1121 566 1164 spiritus
601 1121 673 1153 oris
713 1120 789 1163 ejus
823 1120 935 1152 omnis
972 1120 1079 1152 virtus
1105 1130 1233 1153 eorum.
1284 1119 1523 1165 Augustinus:
1554 1123 1635 1157 talis

242 1192 296 1222 est
322 1188 438 1232 gratia
468 1187 613 1229 spiritus
646 1185 779 1226 sancti,
814 1183 929 1229 quod,
966 1185 997 1218 si
1022 1185 1199 1218 tristitiam
1227 1186 1377 1228 invenit,
1415 1187 1634 1232 ³)dissolxit.

242 1255 273 1288 si
299 1252 511 1287 desiderium
536 1252 785 1296 pernieiosum,
811 1251 994 1291 consumit,
1021 1251 1052 1284 si
1076 1249 1356 1294 trepidationem,
1381 1253 1515 1297 abjicit.
1561 1254 1635 1288 Leo

242 1329 353 1364 papa:
381 1317 590 1363 sperabatur
615 1316 658 1350 ab
685 1316 858 1361 apostolis
886 1317 1031 1360 spiritus
1054 1320 1207 1358 sanctus,
1234 1328 1303 1351 non
1328 1322 1366 1352 ut
1388 1323 1469 1352 tune
1491 1321 1633 1364 primum

241 1389 438 1419 sane-torum
465 1383 644 1417 habitator
671 1392 752 1416 esse
778 1382 970 1427 inciperet,
1006 1381 1069 1416 sed
1102 1387 1139 1416 ut
1171 1387 1312 1417 sacrata
1341 1383 1409 1417 sibi
1434 1389 1578 1428 pectora
1602 1393 1635 1420 et

243 1451 436 1485 ferventius
462 1448 671 1484 accenderet
697 1440 739 1483 et'
756 1449 935 1493 copiosius
964 1449 998 1493 ⁴)
1013 1448 1208 1491 inundaret,
1237 1449 1415 1483 enuntians
1439 1460 1503 1484 sua
1531 1450 1634 1490 dona,

243 1528 310 1550 non
337 1516 524 1557 inchoans,
559 1525 624 1549 nee
658 1514 738 1548 ideo
764 1524 877 1548 novus
904 1525 1032 1559 opere,
1067 1516 1150 1560 quia
1175 1514 1282 1549 ditior
1308 1515 1483 1561 largitate.
1535 1516 1636 1551 Circa

242 1583 408 1627 quintum,
437 1581 588 1625 qualiter
606 1581 740 1615 scilieet
755 1582 882 1614 missus
904 1585 969 1623 est,
996 1581 1196 1624 notandum,
1219 1581 1313 1626 quod
1335 1583 1462 1616 missus
1486 1588 1539 1617 est
1561 1594 1633 1617 cum

242 1659 328 1682 sono
357 1649 390 1681 in
415 1647 545 1692 linguis
572 1647 686 1691 igneis
712 1650 746 1680 et
769 1648 868 1690 ipsae
894 1646 1036 1691 linguae
1063 1650 1300 1691 apparuerunt
1324 1646 1500 1691 sedendo,
1528 1659 1635 1684 sonus

243 1718 357 1748 autem
384 1713 451 1746 suit
474 1713 695 1756 repentinus,
732 1712 898 1746 eoelestis
915 1739 922 1753 ,
960 1711 1146 1746 vehemens
1173 1717 1206 1747 et
1226 1713 1385 1757 replens3
1420 1716 1634 1759 repentinus,

243 1781 325 1824 quia
345 1780 488 1823 spiritus
515 1782 657 1811 sanetus
680 1777 783 1811 tarda
800 1777 976 1811 molimina
993 1779 1118 1819 nescit,
1144 1778 1334 1819 eoelestis,
1361 1781 1443 1823 quia
1461 1780 1634 1815 coelestes

243 1844 368 1885 eflicit,
398 1843 607 1886 vehemens,
636 1844 719 1888 quia
744 1844 900 1877 timorem
929 1842 1067 1877 lilialem
1097 1843 1241 1885 inducit,
1269 1843 1322 1877 vel
1349 1845 1432 1887 quia
1456 1849 1633 1879 aeternum

245 1910 332 1945 vaeb
359 1909 501 1951 adimit,
535 1909 626 1943 unde
652 1908 858 1950 vehemens,
895 1909 995 1953 quasi
1019 1907 1105 1943 vaeli
1132 1908 1309 1951 adimens,
1349 1910 1401 1944 vel
1430 1911 1511 1955 quia
1540 1921 1632 1945 men-

244 1983 311 2011 tem
349 1976 393 2009 ab
427 1977 518 2009 omni
556 1975 689 2009 carnali
717 1984 835 2009 amore
870 1973 984 2015 vellit,
1022 1973 1114 2008 unde
1148 1973 1334 2009 vehemens
1369 1978 1468 2020 quasi
1508 1976 1635 2011 vehens

244 2046 401 2076 mentem.
451 2040 530 2074 Fuit
564 2045 598 2075 et
631 2040 793 2084 replens,
828 2041 911 2084 quia
946 2041 1090 2084 spiritus
1127 2045 1268 2076 sanetus
1305 2052 1424 2076 omues
1452 2043 1636 2087 apostolos

246 2108 413 2152 replevit,
457 2105 545 2140 unde
586 2106 712 2150 repleti
741 2110 821 2140 sunt
846 2115 964 2140 omnes
992 2110 1056 2140 ete.
1107 2106 1253 2151 Triplex
1280 2111 1334 2142 est
1356 2113 1470 2142 autem
1499 2110 1634 2155 signum

243 2173 493 2218 pl‹,·nitudiiiis,
528 2172 620 2217 quod
649 2172 713 2206 suit
738 2173 771 2206 in
798 2171 990 2216 apostolis:
1027 2173 1171 2216 primum
1207 2177 1260 2207 est
1285 2184 1352 2207 non
1378 2184 1567 2217 resonare,
1601 2180 1635 2209 ut

245 2241 340 2283 patet
379 2239 412 2271 in
448 2237 562 2278 dolio,
603 2237 719 2282 quod,
752 2248 826 2271 cum
863 2238 1000 2282 plenum
1035 2242 1108 2277 est,
1160 2248 1228 2271 non
1264 2243 1426 2282 resonat;
1467 2238 1545 2274 Job.
1572 2239 1633 2275 Vl:

244 2303 407 2348 numquid
436 2304 565 2347 mugiet
592 2302 678 2343 bos,
713 2303 748 2346 ⁵)
762 2313 835 2336 eum
865 2313 1037 2347 praesepe
1064 2303 1198 2347 plenium
1231 2303 1357 2346 suerit,
1394 2307 1493 2350 quasi
1522 2305 1634 2341 dicat:

245 2381 318 2404 cum
346 2379 518 2414 praesepe
544 2368 660 2401 cordis
687 2367 936 2412 plenitudinem
962 2367 1069 2402 babet
1095 2370 1254 2417 gratiae,
1289 2369 1403 2404 locum
1428 2382 1496 2405 non
1531 2371 1635 2407 babet

247 2436 397 2479 mugitus
424 2434 671 2478 impatientiae.
722 2432 794 2467 lloo
819 2434 955 2479 signum
987 2434 1184 2469 babuerunt
1216 2435 1383 2480 apostoli,
1409 2438 1491 2482 quia
1512 2438 1546 2471 in
1572 2438 1633 2470 tri-

248 2500 484 2534 halationibus
512 2510 574 2544 per
600 2500 849 2543 impatientiam
880 2510 946 2533 non
973 2500 1198 2537 resonabant,
1227 2502 1327 2535 innuo
1355 2501 1451 2535 ibant
1475 2500 1631 2546 gauden-

321 2610 342 2639 Ι)
371 2609 417 2635 Sic
446 2609 495 2635 lL‹l.
529 2613 586 2638 1·1.,
614 2608 664 2634 alni
692 2609 805 2641 legunt.
833 2609 1168 2637 humiliationem.
1272 2610 1300 2642 2)
1326 2611 1386 2635 Hoc
1412 2608 1538 2635 verbum
1557 2608 1634 2635 mal·-

250 2651 359 2678 ‹nnittit
382 2653 432 2680 hd.
454 2657 495 2678 l'r.
599 2653 627 2686 3)
647 2656 768 2680 noc-oni.
791 2653 868 2680 male
893 2653 1136 2681 dissolvltur
1155 2653 1264 2685 legunt.
1357 2652 1386 2684 4)
1405 2651 1463 2678 Alii
1483 2652 1528 2678 im
1540 2663 1634 2680 ninw

251 2698 369 2723 daret.
477 2698 503 2727 Γπ)
524 2699 643 2725 Its-coni.
666 2698 779 2729 legunt:
808 2708 886 2726 enm
916 2704 1001 2725 ante
1028 2706 1215 2733 praesepe
1235 2697 1386 2730 plennni
1409 2697 1584 2725 steterit.
