1742 3005
256 157 340 201 254
560 159 657 210 Cap.
687 156 809 196 LVII.
867 158 926 196 De
955 166 1087 198 sancto
1118 160 1329 199 Ambrosio.

256 270 368 302 status
393 272 502 305 meus,
528 259 679 305 domine,
705 271 844 307 semper
869 262 953 297 felix
981 263 1117 298 exstitit
1146 267 1180 298 et
1204 263 1395 310 gloriosus.
1443 262 1536 299 Ecce
1556 265 1646 299 enim

257 332 388 366 divitiis
405 329 548 363 infinitis
569 327 723 370 abundo,
751 338 874 363 servos
897 332 932 363 et
948 328 1097 363 famulos
1113 339 1212 374 quam
1233 330 1353 374 plures
1378 330 1494 365 haheo
1513 335 1547 365 et
1571 341 1646 365 om-

254 400 314 432 nia
337 406 476 441 semper
501 393 548 429 ad
572 398 654 429 vota
676 393 785 429 habui
816 405 880 430 nee
903 405 1053 441 unquam
1080 394 1164 428 mihi
1188 395 1320 440 aliquid
1345 395 1528 431 adversum
1552 398 1647 431 acci-

256 464 307 498 dit
331 462 399 505 vel,
427 460 521 508 quod
548 462 797 503 contristaret,
825 462 950 496 evenit.
1000 460 1101 501 Quod
1125 460 1272 495 audiens
1296 461 1502 497 Ambrosius
1537 462 1646 507 vehe-

253 534 387 564 menter
413 528 595 573 obstupuit
621 532 656 562 et
679 527 747 569 his,
777 528 835 573 qui
860 531 959 562 erant
973 536 1088 561 secum
1113 527 1149 560 in
1174 527 1351 569 comitatu,
1378 526 1486 562 dixit:
1511 530 1647 574 surgite

255 601 289 631 et
315 596 394 630 hinc
420 595 626 640 quantocius
664 594 862 639 fugiamus,
902 594 985 639 quia
1024 592 1184 627 dominus
1218 604 1288 627 non
1315 597 1369 627 est
1394 594 1430 627 in
1458 593 1537 627 loco
1564 595 1644 628 isto.

254 662 453 704 Festinate,
479 660 561 703 filii,
594 661 760 695 festinate
788 670 851 694 nec
876 661 911 693 in
939 658 1107 705 fugiendo
1133 670 1264 693 moram
1288 659 1407 701 facite,
1433 670 1476 693 ne
1500 669 1565 694 nos
1589 658 1646 694 hic

254 728 371 763 divina
399 728 486 762 uitio
513 725 757 771 apprehendat
783 730 816 760 et
842 727 877 759 in
903 727 1058 770 peccatis
1085 725 1222 759 illorum
1260 726 1393 770 pariter
1426 737 1490 760 nos
1531 726 1644 761 invol-

252 799 320 828 vat.
370 793 453 827 Cum
480 802 566 837 ergo
592 792 756 836 sugerent
784 795 818 825 et
844 790 1096 835 aliquantulum
1122 792 1407 835 processissent,
1450 791 1566 826 subito
1604 802 1644 827 se

251 865 348 895 terra
373 859 512 903 aperuit
537 860 571 891 et
594 855 767 890 hominem
792 856 887 889 illum
912 866 987 890 cum
1011 857 1198 899 universis,
1225 858 1283 901 qui
1307 857 1352 890 ad
1368 857 1463 890 illum
1486 860 1642 901 pertine-

250 927 356 967 bant,
382 927 432 960 ita
458 923 654 963 absorbuit,
679 927 716 956 ut
733 922 861 956 nullum
888 921 970 956 inde
988 923 1174 968 vestigium
1191 927 1396 957 remaneret.
1447 922 1546 963 Quod
1565 933 1643 959 cer-

250 1003 338 1028 nens
371 991 578 1026 Ambrosius
613 989 718 1023 dixit:
770 998 854 1023 eece
892 988 1046 1031 fratres,
1097 998 1199 1034 quam
1236 988 1514 1024 misericorditer
1546 989 1642 1024 Deus

249 1060 375 1104 parcit,
402 1055 548 1091 cumhic
575 1055 725 1090 adversa
748 1055 883 1097 tribuit,
911 1059 945 1089 et
970 1065 1071 1100 quam
1097 1064 1221 1090 severe
1246 1056 1422 1098 irascitur,
1452 1065 1526 1089 cum
1549 1066 1642 1090 sem-

250 1136 316 1170 per
339 1132 513 1168 prospera.
538 1121 718 1167 elargitur.
766 1120 804 1155 In
830 1120 951 1155 eodem
979 1125 1093 1155 autem
1118 1121 1196 1155 loco
1222 1121 1326 1156 fovea
1351 1122 1523 1167 quaedam
1558 1133 1642 1167 pro-

250 1189 460 1225 fundissima
489 1188 703 1221 remansisse
735 1185 882 1228 dicitur,
926 1197 1016 1232 quae
1049 1197 1162 1233 usque
1200 1187 1309 1222 hodie
1343 1189 1378 1221 in
1415 1187 1520 1233 hujus
1556 1187 1642 1221 facti

247 1256 486 1290 testimonium
511 1257 727 1298 perseverat.
751 1273 798 1278 -—
819 1272 866 1277 —
912 1257 959 1291 6.
998 1253 1082 1288 Cum
1113 1257 1227 1288 autem
1251 1253 1459 1288 Ambrosius
1486 1252 1640 1287 radicem

250 1323 399 1356 omnium
425 1319 592 1354 malorum
618 1321 800 1354 avaritiam
826 1321 940 1365 magis
971 1329 1012 1354 ae
1043 1321 1158 1365 magis
1193 1321 1229 1354 in
1253 1319 1452 1354 hominibus
1479 1330 1639 1354 crescere

250 1390 410 1422 cerneret
449 1390 484 1420 et
508 1386 656 1420 maxime
682 1386 718 1419 in
751 1385 828 1427 his,
876 1387 935 1431 qni
970 1390 1070 1421 erant
1104 1386 1139 1420 in
1171 1386 1410 1430 potestatibus
1445 1387 1638 1428 constituti,

249 1452 342 1498 apud
373 1462 461 1498 quos
498 1453 615 1486 omnia
647 1453 763 1497 pretio
796 1451 1060 1493 vendebantur,
1104 1462 1170 1486 nec
1206 1462 1276 1485 non
1313 1455 1348 1486 et
1388 1453 1425 1486 in
1460 1451 1538 1495 his,
1579 1453 1639 1497 qui

250 1524 349 1554 erant
383 1520 495 1555 saeris
528 1519 733 1553 ministeriis
767 1517 942 1562 deputati,
980 1517 1206 1553 vehementer
1239 1519 1409 1564 ingemuit
1443 1522 1477 1553 et
1517 1528 1557 1553 se
1594 1517 1638 1552 de

249 1585 354 1631 hujus
381 1585 514 1619 saeculi
538 1593 704 1619 aerumna
727 1583 872 1618 liberari
898 1585 1086 1618 instantius
1115 1585 1283 1618 exoravit.
1333 1584 1399 1624 Qui
1430 1594 1505 1618 cum
1537 1594 1576 1618 se
1602 1584 1638 1618 id

248 1650 445 1685 obtinuisse
472 1650 656 1695 gauderet,
683 1650 852 1684 revelavit
877 1650 1058 1692 fratribus,
1086 1650 1179 1696 quod
1198 1660 1308 1696 usquc
1334 1649 1379 1684 ad
1404 1651 1637 1684 resurreetio-

247 1728 325 1751 nem
352 1716 559 1750 dominicam
586 1725 700 1749 seeum
728 1720 833 1750 esset.
891 1717 982 1750 Ante
1016 1726 1098 1750 vero
1124 1727 1256 1762 pancos
1281 1716 1356 1751 dies
1383 1726 1483 1762 quam
1508 1715 1637 1750 lectulo

248 1783 483 1825 detineretur,
518 1791 593 1816 cum
618 1779 743 1814 XLIllI
767 1780 936 1825 psalmum
960 1791 1034 1815 cum
1059 1784 1198 1816 notario
1225 1782 1391 1824 dictaret,
1425 1781 1541 1816 subito
1568 1781 1639 1826 ipsi

247 1848 386 1883 vidente
411 1849 549 1882 notario
574 1848 609 1880 in
633 1846 770 1880 modum
797 1848 887 1880 scuti
912 1847 1029 1881 brevis
1056 1848 1148 1892 ignis
1173 1852 1277 1892 caput
1313 1848 1391 1892 ejus
1417 1849 1556 1891 operuit
1580 1850 1636 1880 at-

248 1925 315 1959 que
338 1914 507 1958 paulatim
534 1923 599 1958 per
625 1923 665 1947 0s
692 1914 789 1958 eJuS,
832 1917 996 1959 tanquam
1034 1915 1070 1947 in
1097 1912 1233 1946 domum
1260 1911 1455 1954 habitator,
1482 1913 1634 1947 intravit.

247 1980 348 2015 Tunc
374 1980 486 2014 facies
511 1984 675 2026 tanquam
699 1980 758 2012 nix
785 1979 911 2013 effecta
934 1983 999 2020 est,
1025 1978 1088 2013 sed
1113 1978 1332 2024 postmodum
1360 1977 1404 2012 ad
1430 1988 1526 2012 suam
1553 1988 1635 2022 spe-

247 2048 333 2081 eiem
358 2056 502 2081 reversa
527 2049 590 2080 est.
638 2044 717 2089 Ipso
743 2045 852 2089 igitur
879 2044 936 2078 die
962 2044 1140 2079 scribendi
1169 2049 1203 2079 et
1234 2044 1389 2078 dictandi
1427 2043 1526 2078 linem
1552 2044 1637 2079 feeit

245 2122 310 2146 nee
343 2113 454 2157 ipsum
479 2110 647 2156 psalmum
673 2110 816 2155 explere
840 2112 973 2155 potuit,
1012 2114 1093 2155 post
1130 2112 1240 2156 igitur
1271 2120 1402 2155 paucos
1437 2110 1513 2144 dies
1539 2110 1635 2144 intir-

246 2179 365 2212 mitate
391 2179 551 2222 eorporis
578 2177 743 2212 laborare
767 2178 895 2221 coepit.
945 2176 1045 2211 Tune.
1070 2186 1187 2211 comes
1204 2176 1327 2211 ltaliae
1350 2186 1424 2210 eum
1440 2175 1637 2211 Mediolani

248 2247 355 2285 esset,
382 2243 522 2278 nobiles
547 2244 753 2277 convocavit
779 2242 913 2284 dicens,
941 2242 1035 2287 quod
1062 2247 1159 2276 tanto
1182 2244 1257 2276 viro
1284 2241 1470 2276 recedente
1495 2244 1634 2286 pericu-

245 2309 314 2343 lum
343 2313 456 2346 esset.
484 2319 526 2343 ne
552 2308 676 2343 Italiae
703 2309 864 2342 interitus
891 2309 1107 2349 immineret,
1143 2308 1350 2352 rogavitque
1382 2312 1418 2341 ut
1452 2307 1497 2341 ad
1525 2310 1633 2342 virum

246 2374 311 2408 Dei
336 2373 545 2408 accederent
572 2378 759 2417 rogantes,
792 2377 829 2407 ut
865 2374 934 2407 sibi
963 2373 1077 2407 adhuc
1102 2374 1251 2417 spatium
1287 2373 1424 2408 vivendi
1449 2384 1517 2408 uno
1543 2383 1632 2408 anno

245 2450 267 2474 a
291 2440 429 2474 domino
456 2441 667 2484 impetraret.
718 2438 817 2478 Quod
844 2439 904 2473 ille
931 2444 967 2473 ut
993 2438 1036 2473 ab
1063 2439 1133 2473 illis
1158 2438 1310 2481 audivit,
1338 2439 1537 2484 respondit:
1565 2449 1634 2473 non

245 2508 296 2540 ita
325 2507 497 2540 intervos
522 2506 605 2546 vixi,
631 2509 668 2539 ut
685 2515 738 2539 me
755 2505 872 2539 vivere
898 2505 1041 2549 pudeat,
1067 2515 1132 2540 nco
1156 2506 1243 2539 mori
1264 2506 1383 2548 timeo,
1408 2516 1481 2540 oum
1507 2505 1631 2539 bonum

247 2571 420 2605 dominum
462 2571 664 2606 habeamus.
735 2569 785 2605 Eo
821 2575 978 2616 tempore
1011 2576 1161 2617 quatuor
1197 2572 1274 2616 ejus
1310 2571 1455 2616 dyaconi
1486 2571 1630 2604 invicem

246 2641 483 2671 convenerunt
508 2641 698 2671 tractantes
726 2637 817 2671 inter
843 2646 893 2677 se,
921 2637 998 2681 quis
1025 2641 1106 2681 post
1130 2638 1207 2682 ejus
1233 2637 1361 2670 obitum
1387 2637 1499 2669 bonus
1525 2639 1630 2670 esset.

249 2701 329 2734 (lum
357 2712 442 2743 ergo
471 2713 491 2735 a
519 2702 615 2744 loco,
644 2703 676 2736 in
702 2713 769 2747 quo
796 2703 848 2736 vir
869 2701 933 2736 Dei
957 2702 1165 2736 Ambrosius
1180 2701 1343 2746 Jacebat,
1378 2700 1484 2745 longe
1513 2704 1633 2735 essent

250 2770 283 2800 et
307 2765 567 2809 Simplici-inum
597 2768 645 2800 ita
672 2767 818 2801 silenter
842 2768 1102 2807 nominassent,
1135 2770 1171 2800 ut
1201 2767 1258 2800 vix
1294 2767 1439 2801 invicem
1466 2776 1505 2801 se
1529 2765 1631 2801 audi-
