1742 3005
290 86 371 127 843
495 86 590 133 Cap.
624 81 851 118 chxxn.
910 83 969 119 De
1000 82 1240 121 dedicatione
1270 86 1465 123 ecclesiae.

290 189 494 236 specialiter
520 186 626 220 Deum
653 184 831 218 laudemus
859 194 920 226 eo,
947 184 1121 230 qnotlliae
1140 184 1248 220 horae.
1269 188 1312 220 ab
1334 188 1412 222 aliis
1429 189 1674 235 privilegiatae

288 260 367 289 sunt
394 256 426 287 in
452 250 640 296 aliquibus.
690 248 773 283 Nam
801 251 835 283 in
862 254 963 285 nocte
990 250 1116 293 media,
1144 261 1211 296 qua
1229 253 1417 286 matutinae
1439 253 1674 295 celebrantur,

288 320 448 354 Clu-istus
475 321 576 351 natus
605 319 670 357 est,
700 320 823 360 captus
845 320 879 351 et
908 316 1031 351 illusus
1057 326 1078 351 a
1103 316 1248 351 ,liutaeis
1276 317 1352 353 suit.
1399 316 1437 351 In
1461 317 1528 352 hac·
1553 321 1674 354 iterum

287 386 375 419 liora
405 383 575 417 infernum
607 381 785 427 spoliavit.
833 381 966 416 Dicitur
998 384 1086 416 enim
1120 384 1152 415 in
1189 383 1335 425 mitrali,
1369 382 1462 428 quod
1497 385 1528 417 in
1562 385 1676 419 media

287 455 389 485 nocte
427 449 597 483 infernum
632 447 800 492 spoliavit
838 447 939 494 large
978 447 1199 492 accipiendo,
1262 448 1402 483 Scilicet
1444 453 1525 484 ante
1568 450 1674 485 lucem

285 527 384 551 mane
420 516 593 556 surrexit,
635 513 724 547 hora
768 514 878 558 prima
911 514 1096 557 apparuit3
1144 514 1179 546 in
1214 512 1330 547 media
1361 515 1464 549 etiam
1499 519 1599 549 nocte
1632 516 1674 549 ad

280 582 452 629 judicium
480 584 643 614 venturus
670 580 852 613 asseritur.
903 579 998 614 Unde
1024 578 1271 623 Hieronymus:
1310 591 1409 622 reor,
1445 582 1576 626 inquit,
1603 585 1674 615 tra-

285 649 451 682 ditionem
479 645 708 691 apostolicam
736 646 990 689 permansisse,
1024 649 1059 679 ut
1092 645 1148 679 die
1183 645 1379 691 vigiliarum
1416 645 1570 691 paschae
1596 650 1676 681 ante

283 715 397 748 noctis
424 711 571 746 medium
601 710 774 744 dimittere
801 721 867 743 non
893 711 998 744 liceat
1032 710 1181 754 populos
1215 716 1458 755 exspectantes
1490 711 1675 746 adventum

284 779 437 820 Christi,
475 781 509 811 et
535 780 718 821 postquam
746 775 929 809 advenerit
958 775 1041 808 illud
1070 779 1225 819 tempus,
1259 779 1449 811 securitate
1476 782 1676 822 praesumta

284 846 408 880 festum
442 847 584 877 cunctos
619 852 727 888 agere
762 841 863 875 (liciti.
913 840 948 874 In
983 840 1050 875 bac
1084 842 1192 887 igitur
1228 841 1315 875 liora
1341 842 1464 876 laudes
1494 843 1566 877 Deo
1592 854 1674 878 ean-

281 916 408 952 tamuS,
435 914 471 943 ut
497 910 528 943 ei
556 907 598 942 de
625 909 702 952 ejus
729 909 924 949 nativitate,
951 909 1114 951 captione
1144 910 1177 941 et
1203 911 1337 951 patrum
1358 907 1569 943 liberatione
1590 920 1673 954 gra-

281 979 349 1011 tias
373 986 518 1022 agamus
538 978 571 1009 et
589 974 665 1018 ejus
689 973 872 1007 adventum
895 973 1037 1006 solliciti
1058 978 1312 1017 exspectemus.
1361 973 1546 1008 Adduntur
1573 975 1674 1008 etiam

283 1042 504 1076 matutinales
525 1039 660 1081 laudes⁷
688 1041 769 1084 qnia
796 1040 828 1072 in
849 1049 947 1072 mane
964 1039 1160 1083 Aegyptios
1187 1040 1219 1072 in
1241 1049 1335 1074 mare
1354 1040 1552 1081 submersit,
1579 1051 1656 1075 mun

284 1110 361 1142 dum
387 1108 520 1141 creavit
545 1109 579 1140 et
608 1106 811 1138 resurrexit.
859 1103 896 1137 ln
922 1104 987 1137 hac
1014 1115 1098 1149 ergo
1127 1104 1213 1138 bora
1239 1105 1360 1140 laudes
1388 1106 1460 1141 Deo
1487 1106 1676 1149 reddimus,

282 1186 324 1210 ne
353 1177 386 1207 in
415 1173 499 1207 mari
527 1171 630 1216 liujus
659 1170 774 1204 mundi
802 1181 874 1204 cum
903 1170 1086 1215 Aegyptiis
1113 1169 1375 1216 demergamur,
1403 1176 1439 1205 ut
1464 1183 1526 1216 pro
1554 1176 1676 1206 nostra

280 1242 460 1276 creatione
480 1243 514 1273 et
537 1240 612 1283 ejus
633 1239 890 1271 resurrectione
911 1238 1046 1281 gratias
1067 1235 1138 1269 noo
1160 1236 1355 1270 reddamus.
1404 1237 1438 1271 ln
1459 1237 1545 1271 liora
1565 1239 1676 1283 prima

281 1307 442 1342 Christus
464 1305 509 1339 ad
537 1304 700 1349 templum
723 1305 867 1336 maxime
885 1303 1117 1337 conveniebat
1138 1307 1170 1338 et
1199 1303 1347 1347 populus
1375 1303 1500 1338 ibidem
1526 1303 1569 1338 ad
1598 1314 1673 1338 eum

281 1372 504 1414 manicabat,
544 1370 576 1404 id
606 1374 675 1411 est,
712 1369 756 1403 ad
785 1379 858 1403 eum
886 1379 985 1404 mane
1013 1369 1222 1412 festinabat,
1256 1373 1292 1403 ut
1318 1369 1444 1403 dicitur
1468 1368 1550 1404 Luc.
1580 1369 1673 1412 XXl‚

280 1439 401 1484 Pylum
428 1440 672 1483 praesentatus
700 1436 776 1471 suit.
811 1434 860 1469 >ln
899 1435 964 1469 liae
998 1437 1101 1470 etiam
1135 1435 1223 1470 hora
1249 1446 1438 1481 resurgens
1467 1435 1672 1470 mulieribus

283 1506 394 1550 primo
420 1504 595 1548 apparuit.
635 1502 727 1537 Haec
751 1506 804 1536 est
823 1503 924 1536 etiam
948 1503 1058 1546 prima
1079 1501 1167 1536 bora
1195 1502 1277 1536 diei.
1326 1501 1409 1536 Ideo
1436 1512 1521 1548 ergo
1551 1503 1584 1536 in
1609 1501 1674 1536 bac

281 1571 369 1605 hora
399 1572 432 1603 in
459 1569 611 1603 ecclesia
627 1568 699 1602 Deo
719 1568 841 1602 laudes
863 1569 1088 1611 exsolvimus,
1113 1573 1149 1602 ut
1170 1568 1341 1603 Christum
1365 1569 1536 1602 imitemur
1555 1573 1588 1602 et
1607 1567 1674 1602 sibi

282 1639 479 1683 resurgenti
499 1640 531 1671 et
551 1636 736 1679 apparenti
764 1636 900 1680 gratias
928 1645 1087 1680 agaunum,
1114 1640 1148 1670 et
1172 1639 1207 1669 nt
1226 1635 1298 1670 Deo
1324 1639 1498 1680 tamquam
1525 1636 1673 1668 omnium

282 1704 453 1748 principio
489 1703 600 1747 ipsius
635 1701 704 1735 diei
741 1702 912 1746 primitias
948 1701 1134 1735 solvamus.
1184 1700 1219 1735 ln
1252 1700 1340 1735 bora
1372 1702 1476 1735 tertia
1514 1700 1674 1735 Christus

280 1770 411 1815 linguis
438 1769 649 1804 Judaeorum
677 1766 861 1801 crucifixus
890 1771 962 1808 est,
989 1776 1009 1800 a
1034 1766 1154 1812 Pylato
1182 1767 1224 1801 ad
1254 1767 1445 1801 columnam
1474 1767 1673 1813 flagellatus

281 1839 336 1869 est
365 1839 399 1869 et
433 1833 566 1876 adhue,
601 1838 638 1868 ut
672 1833 798 1867 dicitur
830 1834 864 1865 in
899 1832 1086 1877 hystoriis,
1121 1833 1297 1873 columna,
1336 1832 1394 1866 ubi
1431 1832 1562 1877 ligatus
1597 1832 1672 1873 suit,

280 1901 435 1945 vestigia
475 1900 610 1933 cruoris
649 1897 804 1933 ostendit
847 1901 881 1931 et
923 1896 987 1930 hac
1039 1895 1160 1931 eadem
1209 1897 1297 1931 liora
1345 1899 1488 1942 spiritns
1531 1904 1672 1934 sanctus·

281 1968 408 2000 missus
448 1969 513 2001 est.
561 1963 595 1997 In
629 1967 730 1997 sexta
766 1965 799 1997 in
833 1973 935 1997 cruce
969 1962 1078 1996 clavis
1114 1962 1268 1998 confixus
1303 1967 1371 2006 est,
1413 1964 1579 2000 tenebrae
1611 1977 1673 2010 pei·

281 2033 480 2066 universum
508 2029 667 2064 mimdnm
696 2029 810 2063 sactae
837 2032 935 2070 sunt,
970 2032 1006 2062 ut
1034 2030 1066 2061 in
1097 2010 1205 2062 morte.
1232 2028 1360 2062 domini
1389 2031 1443 2064 sui
1469 2030 1521 2064 sol
1548 2030 1672 2076 lugens

282 2108 319 2132 se
351 2096 507 2131 vestibus
535 2097 646 2140 nigris
676 2098 880 2139 contegeret
912 2098 945 2128 et
977 2104 1018 2128 ne
1048 2094 1219 2128 dominum
1246 2094 1532 2142 crucifigentibus
1559 2096 1671 2132 lumen

282 2163 482 2209 praeberet.
510 2160 551 2195 Et
571 2163 602 2195 in
624 2161 690 2195 bac
711 2160 798 2194 liora
816 2161 848 2194 in
866 2160 922 2194 die
944 2161 1162 2194 ascensionis
1184 2171 1256 2195 cum
1280 2161 1462 2206 discipulis
1482 2161 1669 2205 discubuit.

280 2228 316 2263 ln
350 2238 442 2262 nona
477 2227 564 2261 hora
599 2227 758 2261 Christus
792 2227 949 2270 spiritum
985 2227 1120 2268 emisit,
1155 2227 1252 2260 miles
1287 2227 1378 2262 latus
1415 2228 1490 2272 ejus
1523 2230 1673 2273 aporuit,

281 2299 402 2329 coetus
431 2293 671 2338 apostolorum
698 2293 739 2326 ad
768 2292 935 2326 orandum
963 2293 1149 2326 convenire
1177 2294 1358 2327 consuevit
1390 2297 1424 2327 et
1452 2293 1612 2328 Christus
1639 2297 1672 2329 in

281 2361 414 2396 coelum
448 2359 645 2396 adscendit.
694 2358 841 2402 Propter
873 2356 935 2391 bas
968 2359 1239 2402 praerogativas
1275 2358 1380 2393 Ileum
1419 2360 1451 2393 in
1486 2358 1539 2393 his
1576 2359 1671 2395 boris

282 2426 477 2461 laudamus.
526 2424 561 2458 ln
594 2435 742 2469 vespera
773 2423 931 2457 Christus
966 2425 998 2456 in
1030 2434 1139 2457 coena
1174 2428 1424 2458 sacramentum
1452 2428 1611 2469 corporis
1639 2430 1671 2459 et

283 2494 466 2538 sanguinis
493 2492 662 2532 instituit,
690 2491 798 2535 pedes
825 2489 1071 2534 discipulorum
1099 2489 1202 2531 lavit,
1236 2489 1279 2524 de
1305 2501 1406 2525 cruce
1433 2490 1611 2535 depositus
1638 2493 1669 2525 in

284 2558 471 2602 sepulchro
500 2557 692 2591 collocatus
720 2556 804 2599 suit,
840 2555 1022 2600 discipulis
1059 2556 1090 2588 in
1128 2554 1247 2589 babitu
1281 2557 1457 2602 peregrini
1489 2566 1528 2589 se
1562 2559 1671 2590 mani-

287 2623 442 2664 festavit,
479 2626 512 2657 et
547 2633 609 2667 pro
644 2621 698 2655 his
725 2621 883 2656 omnibns
921 2623 953 2655 in
987 2620 1054 2654 liae
1080 2620 1166 2654 liora
1202 2621 1351 2655 ecclesia
1377 2620 1513 2655 Christo
1538 2624 1672 2665 gratias

286 2688 371 2732 agit.
421 2687 454 2721 ln
482 2689 708 2732 completorio
727 2687 888 2722 Christus
908 2688 1120 2733 sanguineas
1139 2690 1256 2733 guttas
1282 2686 1432 2728 sudarit,
1457 2693 1675 2723 monumento
