1742 3005
473 88 567 137 Cap.
601 87 625 123 l.
693 86 750 123 De
781 87 941 123 adventu
975 86 1142 123 Domini.
1476 90 1500 125 9

113 193 226 226 lixum.
296 191 467 237 Plangeut
500 202 538 226 se
576 192 765 226 Christiani
800 196 1022 236 peccatores,
1074 194 1130 238 qui
1166 194 1280 238 magis
1306 192 1499 227 dilexerunt

113 257 284 297 mnndum,
314 266 416 302 quam
440 256 548 291 Deum
572 257 629 292 vel
654 257 838 293 Christum.
886 257 1057 305 Plangent
1084 269 1121 294 se
1146 258 1325 301 haeretici,
1353 261 1410 304 qui
1438 271 1498 303 pu*

115 333 186 356 rum
213 321 383 356 hominem
408 323 607 357 crucifixum
633 323 816 365 dixerunt,
868 334 942 358 cum
974 324 1133 359 viderunt
1165 326 1276 369 ipsum
1304 336 1382 359 esse
1403 324 1499 369 judi-

113 374 197 430 cem,
225 391 259 422 in
288 398 387 434 quem
411 394 683 433 compunxerunt
707 389 843 424 Judaei.
870 389 1039 435 Plangcnt
1056 400 1093 424 se
1111 401 1228 425 omnes
1244 390 1356 424 trihus
1370 394 1499 425 terrae.

115 454 208 499 quod
233 466 294 489 nec
320 453 502 488 resistendi
531 456 642 487 virtus
669 458 722 489 est
746 458 868 488 contra
893 466 968 489 eum
995 465 1058 489 nec
1077 455 1234 501 fugiendi
1254 455 1401 489 facultas
1419 460 1497 490 ante

117 520 238 554 faciem
274 521 350 564 ejus
383 523 436 553 est
469 530 532 553 nec
568 521 804 564 poenitentiae
838 519 936 554 locus
970 530 1032 553 nec
1069 520 1322 555 satisfactionis
1351 525 1498 565 tempus.

114 585 177 619 Est
204 586 371 630 angustia
407 586 496 620 enim
529 586 675 618 omnium
710 595 821 619 rerum
854 584 1008 631 nihilque
1036 587 1079 620 iis
1102 590 1257 620 remanet
1282 591 1424 631 praeter
1448 587 1500 620 lu-

113 655 214 685 ctum.
263 650 459 684 Secundum
486 655 539 685 est
564 650 761 685 differentia
790 651 934 685 ordinis.
981 651 1066 686 Nam
1087 653 1175 685 sicut
1191 651 1500 697 dicit(1'regorius:

114 718 148 750 in
171 715 306 762 judicio
336 720 485 760 quatuor
511 721 611 751 erunt
636 716 789 758 ordines,
816 716 883 751 duo
909 727 951 751 ex
980 722 1079 762 parte
1107 717 1347 762 reproborum,
1375 723 1409 752 et
1433 718 1499 752 duo

115 793 158 817 ex
182 787 282 828 parte
308 781 506 817 electorum.
554 782 626 816 Alii
650 783 739 816 enim
759 783 961 828 Judicantur
985 787 1019 818 et
1043 787 1189 828 pereunt
1212 785 1301 818 sicut
1328 784 1385 826 hi,
1421 786 1499 829 qui-

115 848 178 882 bus
205 848 343 882 dicitur:
381 847 520 882 Esurivi
547 852 581 883 et
604 859 671 882 non
698 848 843 883 dedistis
866 848 948 882 mihi
974 849 1184 884 manducare
1209 854 1274 884 etc.
1322 850 1390 884 Alii
1419 861 1501 884 vero

115 925 183 948 non
203 914 405 959 judicantur
428 918 461 948 et
486 918 643 959 pereunt,
669 916 759 949 sicut
783 914 829 949 hi.
859 915 900 949 (le
927 914 1051 960 quibus
1077 914 1221 949 dicitur:
1250 917 1306 960 qui
1333 922 1399 949 no‘n
1425 927 1500 950 cre-

116 979 264 1020 diderit,
291 981 365 1024 jain
384 979 564 1025 Judicatus
591 985 654 1015 est.
705 982 793 1021 Quia
819 991 880 1015 nec
901 980 1031 1025 judicis
1058 980 1164 1015 verba
1191 982 1406 1026 percipiunt,
1443 983 1501 1026 qui

116 1047 192 1091 ejus
220 1045 319 1080 iidem
353 1056 416 1080 neo
450 1046 557 1081 verbo
590 1050 691 1081 tenus
715 1057 858 1081 servare
887 1047 1079 1081 voluerunt.
1150 1047 1219 1081 Alii
1240 1047 1444 1092 judicantur
1469 1052 1503 1081 et

115 1116 277 1157 regnant,
302 1113 392 1146 sicut
419 1113 484 1146 viri
509 1112 668 1156 perfecti,
697 1114 755 1158 qni
781 1113 869 1147 alios
891 1112 1120 1157 judit-allinit,
1149 1123 1216 1146 non
1244 1113 1335 1158 quod
1362 1119 1502 1147 senten-

115 1180 198 1212 tiam
227 1178 359 1220 serant,
396 1179 478 1223 quia
507 1177 571 1212 hoc
597 1179 706 1212 solius
727 1179 856 1224 judicis
883 1182 955 1220 est,
992 1178 1054 1213 sed
1082 1178 1241 1213 dicuntur
1260 1179 1440 1224 judicare,
1468 1180 1503 1213 id

116 1248 191 1287 est,
239 1244 410 1290 jiidicanti
439 1246 619 1278 assistere.
683 1245 727 1279 Et
752 1245 811 1279 illa
837 1246 1041 1278 assistentia
1068 1247 1133 1279 erit
1158 1246 1268 1288 primo
1294 1245 1338 1278 ad
1364 1249 1503 1279 sancto-

116 1321 190 1344 rum
214 1309 391 1344 honorem.
440 1309 592 1354 Magnus
618 1311 706 1343 enim
732 1310 844 1344 honor
869 1312 953 1352 erit,
982 1321 1057 1343 cum
1077 1310 1197 1354 judice
1223 1311 1414 1344 sessionem
1440 1310 1502 1344 ha-

117 1375 212 1410 bere.
282 1374 388 1410 Juxta
413 1374 505 1419 quod
536 1377 566 1417 ¹]
603 1377 762 1419 promisit
800 1375 936 1409 dicens:
987 1374 1155 1410 sedebitis
1178 1385 1285 1419 super
1310 1375 1412 1410 sedes
1437 1381 1501 1411 etc.

118 1441 277 1476 Secundo
303 1441 348 1474 ad
372 1442 566 1475 sententiae
592 1442 896 1475 contii-matimwm.
967 1441 1181 1474 Sententiam
1210 1440 1341 1485 judicis
1374 1442 1503 1487 adpro-

117 1506 261 1548 babunt,
289 1507 378 1539 sicut
406 1506 595 1550 aliquando
621 1506 683 1541 illi.
711 1509 768 1551 qui
790 1507 961 1551 Judicanti
989 1496 1179 1546 assistunts
1197 1507 1272 1551 ejus
1298 1508 1503 1541 sententiam

116 1572 317 1618 approbant
341 1576 375 1606 et
399 1570 443 1604 ad
468 1572 580 1616 ipsam
609 1572 870 1616 approbandam
886 1571 1119 1611 subscribunt,
1142 1570 1290 1605 Psalm.:
1317 1575 1353 1605 nt
1374 1572 1504 1605 saciant

117 1641 152 1673 in
177 1640 220 1672 iis
241 1638 408 1684 judicium
434 1638 664 1682 conscriptum
690 1642 754 1673 etc.
827 1637 947 1672 Tertio
982 1637 1025 1672 ad
1053 1637 1219 1671 malorum
1244 1637 1503 1671 condemnatio-

117 1715 216 1746 nem,
265 1713 352 1749 quos
387 1702 524 1748 quidem
549 1703 825 1738 eontlemnalmnt
851 1715 893 1738 ex
921 1705 1012 1738 vitae
1038 1714 1122 1738 suae
1149 1705 1366 1748 operatione.
1416 1703 1503 1738 Ter-

118 1772 200 1804 tium
225 1773 278 1804 est
302 1770 455 1814 insignia
480 1771 679 1814 passionis,
707 1770 839 1805 scilicet
861 1781 957 1812 crux,
985 1770 1074 1803 clavi
1101 1773 1135 1803 et
1159 1771 1340 1804 cicatrices
1367 1771 1401 1803 in
1427 1781 1504 1803 cor-

116 1845 214 1881 pore.
240 1835 334 1872 Haec
358 1835 446 1869 enim
467 1839 567 1869 erunt
592 1837 702 1880 primo
733 1838 766 1869 in
783 1838 1018 1870 ostensionem
1037 1846 1121 1869 suae
1136 1835 1318 1881 gloriosae
1336 1837 1504 1870 victoriae

117 1906 152 1935 et
178 1900 256 1935 ideo
281 1902 316 1934 in
341 1900 549 1935 excellentia
572 1901 709 1947 gloriae
736 1901 967 1946 apparebunt.
1026 1901 1121 1936 Unde
1149 1901 1416 1945 Chi-§Sostomus
1446 1913 1503 1936 su-

118 1977 181 2012 per
204 1965 350 2001 Matar:
400 1967 493 2001 Crux
517 1972 552 2001 et
575 1969 756 2001 cicatrices
782 1967 891 2001 radiis
917 1967 1002 2002 solis
1027 1971 1126 2002 erunt
1161 1967 1360 2002 lucidiores.
1421 1967 1505 2002 Item

117 2031 322 2074 considera,
377 2036 508 2077 (planta
528 2034 573 2066 sit
594 2034 704 2067 virtus
730 2035 853 2067 erucis.
912 2033 973 2067 Sol
1000 2032 1246 2067 obscurabitur
1272 2038 1305 2067 et
1330 2033 1411 2067 luna
1437 2045 1504 2068 non

118 2097 217 2132 dabit
239 2098 354 2133 lumen
379 2108 475 2132 suum
500 2102 537 2132 ut
563 2098 702 2140 discas,
742 2104 904 2144 quantum
927 2109 1009 2132 crux
1037 2103 1069 2133 et
1095 2099 1177 2132 luna
1198 2098 1347 2134 lucidior
1371 2104 1406 2133 et
1430 2100 1505 2134 sole

119 2163 334 2208 praeclarior
360 2168 424 2199 est.
496 2164 656 2199 Secundo
679 2166 714 2198 in
748 2166 982 2199 ostensionem
1014 2174 1099 2198 suae
1137 2164 1418 2207 misericordiae,
1470 2170 1506 2199 nt

119 2239 162 2262 ex
185 2227 252 2263 hoo
278 2229 501 2272 ostendatur,
554 2230 646 2275 quod
671 2231 943 2265 misericorditer
967 2230 1049 2264 boni
1075 2235 1154 2264 sunt
1176 2230 1317 2264 salvati.
1383 2230 1503 2264 Tertio

121 2295 155 2327 in
178 2296 410 2330 ostensionem
435 2306 519 2330 suae
541 2297 716 2342 Justitiae‚
742 2300 778 2329 ut
803 2307 846 2331 ex
870 2295 936 2331 hoc
954 2296 1171 2336 ostendatur,
1198 2296 1504 2341 quamjustissinie

121 2359 262 2403 reprobi
295 2363 375 2393 sunt
406 2359 580 2404 damnati,
629 2363 712 2406 quia
746 2362 879 2396 scilicet
910 2366 1042 2396 tantum
1068 2363 1217 2406 pretium
1245 2362 1298 2394 sui
1323 2362 1505 2406 sanguinis

119 2427 392 2465 contemserunt,
430 2425 520 2460 unde
547 2427 583 2460 in
607 2425 694 2461 haec
722 2426 831 2461 verba
851 2428 894 2460 iis
921 2425 1172 2471 exprobrabit,
1223 2429 1261 2459 ut
1285 2425 1368 2460 dicit
1395 2425 1505 2471 Chry-

119 2493 294 2523 sostomus
327 2499 433 2533 super
462 2489 678 2525 Matthaeum
713 2491 855 2526 dicens:
905 2502 972 2537 ego
1006 2495 1152 2535 propter
1176 2501 1238 2525 vos
1264 2490 1366 2525 homo
1394 2491 1505 2526 sactus

120 2565 192 2588 sum
208 2542 230 2596 ‚¹
266 2557 411 2599 propter
434 2565 496 2588 vos
523 2555 689 2601 alligatus
715 2567 789 2591 sum
816 2561 851 2591 et
873 2557 1014 2591 delusus
1040 2560 1074 2591 et
1098 2566 1223 2591 caesus
1248 2562 1283 2592 et
1307 2558 1503 2594 crucifixus.

189 2691 215 2722 1)
234 2692 355 2717 neceni.
375 2689 493 2722 legunt:
522 2690 704 2726 promisit
723 2689 903 2718 dominus
922 2690 1051 2719 Matth.
1071 2693 1155 2718 XIX
1175 2690 1317 2718 dicens.
