1742 3005
436 58 530 108 Cap.
564 57 678 95 CLX.
736 58 794 96 De
825 67 956 95 sancto
988 60 1187 103 Quintillo.
1428 62 1502 99 711

121 163 188 197 duo
222 164 316 209 magi
346 164 379 198 in
412 163 584 198 carbones
618 165 689 198 ictu
725 163 873 210 fulguris
912 168 1140 200 verterentur.
1188 163 1263 199 Rex
1287 167 1400 199 autem
1427 174 1504 199 cor-

119 239 207 273 pora
237 228 475 273 apostolorum
512 230 557 264 ad
590 240 687 264 suam
721 231 840 265 urbem
873 231 1053 266 transtulit
1079 234 1112 265 ct
1137 232 1169 264 in
1196 229 1361 265 honorem
1388 241 1505 268 eorum

119 294 305 329 ecclesiam
329 296 437 330 mirae
463 295 714 342 magnitudinis
748 295 946 333 fabricavit.
993 296 1044 331 De
1080 297 1183 331 beato
1216 300 1330 330 autem
1357 296 1503 341 Symone

116 359 275 404 pluribus
308 360 397 395 locis
433 363 625 405 invenitur,
669 362 760 408 quod
794 363 906 396 crucis
940 361 1097 406 patibulo
1138 363 1184 395 sit
1221 362 1366 404 affixus,
1409 362 1502 407 quod

115 427 219 461 etiam
245 425 417 461 Ysidorus
444 428 478 461 iu
504 427 594 462 libro
621 427 663 462 de
683 427 779 461 obitu
794 426 1034 470 apostolorum
1053 430 1086 460 et
1101 425 1274 461 Eusebius
1295 429 1327 461 in
1346 428 1503 472 hystoria

114 491 358 526 ecclesiastica
383 497 416 527 et
440 492 537 526 Beda
562 503 670 536 super
694 496 792 525 actus
814 491 1053 535 apostolorum
1079 496 1112 526 et
1131 494 1299 537 magister
1322 492 1500 528 Johannes

113 557 236 592 Beleth
262 558 295 591 in
326 566 457 591 summa
481 566 546 590 sua
570 561 753 591 testantur.
804 556 886 590 Cum
914 558 1022 599 enim,
1059 560 1095 591 ut
1121 558 1237 602 ajunt,
1274 559 1306 592 in
1334 558 1496 604 Aegypto

111 623 372 669 praedicasset,
398 621 666 656 Hierosolimam
692 622 796 657 rediit
822 627 855 657 et
876 627 955 667 post
978 627 1121 657 mortem
1145 622 1270 658 Jacobi
1296 624 1438 657 minoris
1465 625 1498 658 in

110 690 311 734 episcopum
341 687 682 722 Hierosolimitanum
717 688 760 723 ab
795 689 967 733 apostolis
993 690 1202 724 unanimiter
1227 694 1280 725 est
1304 689 1435 725 electus
1464 694 1499 725 et

108 757 189 788 ante
219 757 362 788 mortem
396 763 494 787 suam
531 753 634 788 XXX
662 758 818 788 mortuos
851 757 1044 790 suscitasse
1069 759 1242 791 narratur.
1289 755 1386 791 Unde
1412 766 1494 790 can-

105 824 200 854 tatur
235 819 278 855 de
317 830 377 854 eo:
412 823 466 853 ter
502 819 611 854 denos
645 823 800 853 mortuos
835 819 997 854 {luctibus
1032 831 1166 855 mersos
1203 820 1375 855 humanae
1401 823 1494 857 vitae

106 885 268 920 reddidit.
318 884 400 919 Cum
425 888 539 919 autern
567 886 749 919 ecclesiam
775 885 1115 919 Hierosolimitanam
1145 897 1207 930 per
1229 895 1339 921 annos
1365 887 1494 921 multos

105 953 259 986 rexisset
285 955 319 986 et
348 951 484 996 ¹)CXX
506 961 628 985 annum
648 954 781 995 ageret,
808 954 966 995 tempore
987 951 1135 996 Trajani
1153 953 1388 996 imperatoris,
1416 963 1490 986 cuin

107 1018 142 1062 ²)
155 1017 288 1052 Atticus
306 1017 499 1051 consularis
516 1015 757 1050 Hierosoliniis
782 1015 980 1059 haberetur,
1010 1017 1053 1051 ab
1073 1027 1114 1052 eo
1136 1019 1273 1062 capitur
1293 1022 1327 1053 et
1352 1019 1489 1064 injuriis

103 1083 219 1117 multis
245 1083 407 1117 afficitur.
458 1081 512 1117 Ad
539 1082 692 1116 ultimum
722 1083 755 1115 in
783 1092 883 1117 cruce
910 1083 1020 1127 ipsum
1046 1083 1145 1129 astigi
1166 1084 1288 1128 jussit,
1315 1083 1488 1125 omnibus,

102 1149 162 1193 qui
195 1147 362 1190 aderant,
396 1151 431 1181 et
464 1149 542 1193 ipso
572 1147 691 1193 judice
726 1148 951 1190 mirantibus,
986 1152 1023 1182 ut
1050 1148 1143 1183 CXX
1179 1159 1346 1182 annorum
1380 1160 1487 1185 senex

102 1215 214 1248 crucis
239 1213 443 1258 supplicium
468 1214 683 1258 pertulisset.
736 1215 771 1257 ³)
785 1213 949 1248 Nonnulli
977 1225 1057 1248 vcro
1084 1214 1215 1250 dicunt.
1242 1216 1331 1248 sicut
1357 1219 1409 1249 est
1436 1217 1486 1250 rei

101 1280 250 1321 veritas,
278 1278 372 1324 quod
398 1290 468 1313 non
494 1279 559 1313 suit
583 1281 650 1315 iste
677 1280 815 1324 Syrnon,
846 1282 904 1325 qui
930 1281 1042 1314 crucis
1069 1280 1258 1313 martirium
1286 1281 1428 1325 pertulit
1453 1285 1487 1316 et

100 1346 159 1390 qui
184 1346 371 1389 episc-opus
396 1344 725 1379 Hierosolimitanus
749 1346 824 1387 suit,
851 1346 913 1380 sed
933 1346 996 1379 fuit
1013 1345 1103 1379 alius
1123 1345 1248 1390 Symon
1268 1345 1360 1380 filius
1382 1340 1500 1381 Cleo)

96 1409 188 1454 plrae
206 1409 326 1444 fratris
344 1409 503 1454 Joseplii,
531 1409 623 1455 quod
643 1414 676 1444 et
695 1409 868 1445 Eusebius
887 1410 1138 1445 Caesareensis
1162 1412 1349 1456 episcopus
1369 1413 1402 1445 in
1420 1422 1484 1446 sua

96 1474 262 1509 chronica.
285 1478 446 1509 testatur.
494 1474 587 1509 Idem
613 1474 730 1510 dicunt
753 1475 921 1511 Ysidorus
948 1480 981 1511 et
1008 1475 1104 1510 Beda
1137 1477 1170 1509 in
1197 1478 1269 1510 suis
1295 1476 1481 1512 chronicis.

94 1539 179 1574 Nam
198 1540 367 1575 Ysidorus
393 1545 427 1575 et
443 1539 629 1584 Eusebius,
658 1540 750 1586 quod
777 1543 873 1586 prius
897 1542 1067 1584 dixerunt,
1094 1541 1309 1586 postmodum
1328 1543 1360 1576 in
1379 1542 1482 1577 cliro-

94 1607 183 1640 nicis
210 1607 283 1640 suis
308 1610 555 1648 correxerunt,
583 1606 676 1651 quod
700 1610 798 1651 patet
822 1618 885 1652 per
901 1606 1052 1649 Bedarn,
1089 1609 1147 1653 qui
1173 1618 1211 1642 se
1233 1607 1299 1642 hoc
1325 1610 1481 1644 sensisse

96 1671 278 1717 redarguit
296 1672 330 1706 in
346 1671 653 1707 retractationibus
672 1674 757 1707 suis.
806 1671 984 1708 Usuardus
1010 1684 1149 1719 quoque
1171 1675 1203 1708 in
1229 1684 1292 1709 suo
1319 1675 1479 1709 martiro-

96 1737 190 1783 logio
217 1736 304 1773 idem
332 1741 490 1772 testatur.

550 2057 678 2117 CAP.
711 2057 828 2118 clx.
866 2057 1024 2120 (155.)

355 2157 464 2201 De
504 2157 772 2200 sancto
811 2154 1208 2210 Quintino.

182 2266 366 2306 Quintinus
392 2277 525 2312 genere
549 2265 678 2300 nobilis
705 2269 739 2300 et
764 2266 851 2300 ciris
869 2265 1043 2301 Romanus
1070 2264 1114 2298 ad
1142 2263 1260 2298 urbem
1276 2261 1480 2297 Ambianuni

93 2331 234 2366 veniens
261 2336 295 2366 et
319 2332 424 2366 multa
450 2331 618 2366 miracula
643 2331 776 2366 faciens
797 2333 901 2377 jussu
920 2331 1126 2366 Maximiani
1145 2340 1166 2365 a
1186 2328 1366 2375 praesecto
1383 2329 1479 2362 urbis

93 2397 229 2440 capitur
254 2399 290 2431 et
312 2407 422 2442 usque
447 2397 490 2432 ad
509 2396 680 2432 defectum
708 2397 926 2433 caedentium
952 2397 1158 2432 verberatus
1187 2396 1321 2430 carceri
1346 2395 1478 2445 manci-

91 2465 212 2506 patur,
243 2460 308 2496 sed
340 2463 500 2498 solvente
533 2474 609 2498 eum
644 2461 772 2508 angelo
800 2464 834 2497 in
859 2463 1007 2498 mediam
1031 2461 1150 2497 urbem
1178 2462 1241 2494 ivit
1280 2465 1313 2496 et
1340 2460 1388 2494 ibi
1416 2471 1479 2505 po-

92 2528 174 2572 pulo
213 2528 443 2574 praedicavit.
495 2526 591 2563 Unde
633 2528 756 2563 iterum
801 2533 923 2573 captus
965 2533 999 2564 et
1040 2530 1074 2562 in
1108 2527 1257 2573 equuleo
1292 2537 1404 2573 usque
1435 2527 1477 2561 ad

159 2627 187 2659 1)
204 2626 260 2654 Ed.
278 2631 338 2654 PL:
359 2627 462 2653 circa
482 2625 748 2653 centesimum.
842 2627 871 2659 2)
890 2625 944 2655 Ed,
963 2630 1022 2653 k'r.:
1051 2625 1219 2654 Ace-itus.
1315 2625 1344 2659 3)
1362 2624 1414 2654 Ed.
1431 2627 1476 2653 Pr.

92 2672 201 2699 verba:
219 2670 405 2700 Nonnulli
422 2686 455 2692 —
474 2670 551 2698 [uit
571 2670 690 2698 omittit.
