1742 3005
349 114 445 164 Cap.
479 113 612 151 cclx.
670 114 729 152 De
768 122 896 152 sancta
926 115 1187 165 Kunegunda
1381 114 1462 152 907

71 214 265 249 spiritualiter
291 215 421 245 dilectae
449 221 671 252 congregationi
698 221 728 247 iu
757 219 908 253 confugia.
954 221 1107 256 Quidquid
1132 223 1228 255 iustae
1255 221 1396 249 convenit
1415 221 1461 248 di·-

68 259 207 293 lectioni,
234 262 375 296 propriae
394 262 587 290 adversitatis
607 263 756 291 sarcinam
783 264 914 298 facilius,
941 266 1039 293 veluti
1064 266 1206 299 aestimo,
1232 265 1409 299 tolerarem,
1435 265 1461 293 si

68 309 184 332 vestras
209 314 256 332 res
283 307 383 334 salvas
409 307 634 340 incolumesque
659 309 803 336 exsistere
829 309 974 338 viderem.
1011 310 1156 346 Quamvis
1181 310 1260 337 enim
1285 319 1370 337 inens
1390 318 1461 344 pro-

67 348 188 377 cellosis
214 359 349 378 curarum
371 352 513 380 fluctibus
538 352 672 386 undique
698 353 859 386 quatiatur,
893 359 1012 382 vestrae
1038 359 1139 381 tamen
1171 354 1388 381 recordationis
1407 364 1460 381 au-

67 402 136 421 cora
161 404 178 421 a
204 396 302 423 cordis
328 396 534 432 profunditate
560 405 621 423 uon
648 397 804 429 evellitur,
830 402 859 424 et
885 397 955 424 licet
982 397 1069 431 louge
1092 398 1200 426 remoti
1227 399 1264 425 ab
1284 398 1393 431 oculis,
1420 399 1458 425 ab

66 439 166 466 auimo
184 444 287 468 tamen
304 451 457 474 nunquam
474 441 630 473 recedetis,
651 450 725 474 quos
742 450 802 468 non
822 442 974 476 separabit
993 452 1010 468 a
1029 443 1152 469 caritate
1171 442 1278 470 Christi
1297 451 1383 470 casus
1404 443 1459 470 do·

65 482 138 510 loris
157 494 191 511 ac
211 484 412 519 longinquitas
431 486 616 514 remotionis.
654 485 731 520 Quin
751 486 857 519 etiam,
885 486 910 513 si
938 486 1066 513 amissae
1090 486 1243 514 facultatis
1262 496 1333 514 usus
1352 495 1459 514 conce-

65 527 202 562 deretur,
229 530 370 557 voluntas
396 531 470 558 haec
497 530 596 564 operis
622 530 807 556 exhibitione
827 531 1082 565 comprobaretur.
1119 535 1222 565 Ipsum
1240 536 1341 558 tamen
1359 532 1458 558 modi-

64 581 148 605 cum,
168 574 251 607 quod
268 575 365 601 adhuc
383 578 446 601 Deo
466 574 588 601 volente
607 573 756 606 reliquum
774 578 920 606 tenemus,
940 579 1060 601 vestrae
1079 575 1306 602 couunuuitioni
1325 575 1457 602 alienum

63 625 130 643 esse
148 617 304 649 nolumus,
322 623 355 645 ut
372 618 605 653 participatione
624 617 784 652 parvitatis
801 618 950 646 reveletur
962 619 1137 652 magnitudo
1151 620 1334 649 devotionis.
1360 623 1457 647 Mater

62 671 207 695 namque,
226 662 251 688 si
270 671 375 696 parum
393 663 548 695 habuerit,
574 671 680 697 parum
698 661 769 688 filiis
789 663 904 692 tribuit.
941 667 1015 691 Ecce
1034 665 1108 692 haec
1125 664 1237 692 modici
1255 669 1370 692 sumtus
1389 675 1455 691 mu-

60 705 184 733 nuscula
202 706 242 732 ad
259 706 454 734 refectionem
471 707 561 734 vobis
579 707 737 734 mittuntur
756 709 870 741 carnis,
898 713 928 735 ut
953 708 1081 735 animam
1102 709 1228 736 senioris
1248 709 1341 744 patris
1360 710 1454 737 vestri

60 751 199 777 continua
219 751 362 779 orationis
383 751 526 778 alimonia
544 751 702 784 reficiatis,
742 752 882 785 quoniam
909 758 952 779 tot
978 755 1125 786 justorum
1151 763 1254 789 preces
1274 754 1454 781 unanimiter

59 795 251 823 continuatae
277 796 359 831 apud
383 799 479 823 Deum
507 796 633 823 multum
658 801 786 830 possunt
812 797 959 831 proficere
983 799 1097 826 Jacobo
1124 803 1300 826 attestante:
1327 799 1453 826 multum

58 839 142 867 valet
176 839 351 875 deprecatio
385 841 454 875 justi
490 841 620 868 assidua.
666 840 720 867 Ille
749 841 838 868 etiam
865 847 954 875 atque
982 844 1070 870 etiam
1094 846 1189 877 justus
1213 843 1369 876 dominus,
1402 844 1454 877 qui

57 884 187 918 justitias
206 885 329 918 dilexit,
354 887 536 919 aequitatem
564 884 793 919 supplicationis
819 886 960 913 exaudire
988 896 1046 914 non
1066 888 1197 922 respuit,
1225 888 1281 914 sed
1299 888 1388 914 vobis
1407 888 1452 915 in-

57 929 187 958 defessis
205 931 456 958 intercessoribus
476 929 641 965 supradicti
662 930 721 955 cari
740 931 915 957 memoriam
936 932 1114 959 facientibus
1135 932 1240 959 salutis
1260 932 1345 958 dabit
1365 941 1452 966 prae-

56 974 164 1008 mium,
190 975 272 1009 quod
297 975 363 1010 ipse
383 975 531 1011 promittit
557 974 676 1001 dicens:
712 974 762 1007 qui
786 975 1025 1008 perseveraverit
1049 984 1143 1009 usque
1169 976 1200 1002 iu
1223 976 1322 1009 finem,
1349 977 1450 1004 salvus

56 1020 121 1047 erit.
156 1023 255 1054 Atque
274 1021 387 1047 bonum
405 1029 480 1054 opus
500 1020 531 1046 in
550 1023 714 1053 conspectu
734 1017 823 1045 etiam
843 1019 898 1045 Dvi
919 1019 1062 1054 placitum
1090 1029 1156 1047 esse
1180 1020 1318 1053 cernitis,
1346 1020 1371 1048 si
1389 1030 1451 1048 uon

55 1064 153 1092 solum
171 1073 226 1100 pro
245 1065 324 1098 illis,
351 1065 402 1098 qui
420 1064 451 1091 in
468 1064 524 1091 hac
542 1063 605 1091 vita
624 1063 730 1099 positi,
757 1063 851 1090 multa
878 1065 967 1091 vobis
987 1064 1080 1097 dona,
1108 1065 1162 1092 sed
1189 1065 1239 1099 qui
1269 1065 1348 1093 nulla
1368 1066 1449 1094 fece—

55 1114 139 1142 ruut,
158 1109 327 1137 oraveritis.
363 1109 496 1137 Obsecro
516 1118 603 1142 ergo,
630 1114 662 1136 ut
688 1119 756 1136 eum
783 1118 799 1134 a
827 1108 969 1136 cordibus
989 1110 1098 1138 vestris
1118 1120 1268 1144 nunquam
1288 1111 1448 1145 abjiciatis,

54 1154 106 1188 qni
130 1163 187 1182 vos
212 1159 364 1188 tamquam
388 1154 525 1189 proprias
549 1154 678 1186 aumvit,
705 1158 794 1186 atque
820 1153 898 1180 liunt:
923 1154 1020 1181 locum
1049 1159 1147 1182 xestra
1175 1156 1322 1182 seruitute
1342 1157 1447 1182 llorere

53 1192 161 1226 voluit.
196 1202 299 1226 Estote
324 1208 443 1233 quoque
470 1208 554 1226 meae
573 1198 763 1226 necessitatis
783 1207 946 1231 memores,
970 1208 1089 1234 semper
1114 1199 1145 1226 in
1171 1199 1322 1227 hilaritate
1348 1201 1447 1228 cordis

52 1243 272 1278 misericordes,
290 1245 453 1272 secundum
465 1244 548 1271 illum
567 1244 714 1279 apostoli:
735 1242 857 1270 dilectio
876 1243 940 1270 siue
956 1244 1155 1271 simulatione.
1191 1247 1310 1273 Necnon
1324 1251 1444 1274 vestrae

53 1293 169 1316 mentes
195 1289 226 1316 in
252 1289 382 1323 quadam
406 1293 526 1316 mutuae
550 1289 681 1316 caritatis
708 1288 862 1315 soliditate
888 1289 982 1321 magis
1009 1294 1098 1323 atque
1123 1290 1217 1322 magis
1244 1295 1446 1324 concrescant,

52 1339 198 1368 quatenus
224 1333 256 1361 in
281 1334 331 1361 die
356 1333 560 1361 tribulationis
590 1334 750 1361 clamorem
777 1339 911 1362 vestrum
945 1334 1040 1369 ipsius
1075 1343 1160 1361 aures
1189 1335 1365 1368 exaudiant,
1395 1335 1446 1369 qui

51 1379 141 1406 dicit:
159 1379 214 1406 ubi
232 1378 292 1406 duo
310 1378 360 1406 vel
379 1382 440 1406 tres
459 1380 628 1412 congregati
648 1379 759 1406 tuerint
776 1379 807 1405 iu
826 1378 945 1405 nomine
965 1388 1048 1412 meo,
1075 1379 1106 1406 in
1125 1379 1226 1406 medio
1245 1389 1348 1407 eorum
1368 1389 1445 1409 sum.

52 1424 141 1460 Quod
158 1432 214 1451 vos
234 1424 314 1451 omni
333 1424 424 1451 modo
443 1424 606 1458 promereri
625 1424 728 1451 hortor
746 1424 853 1451 eodem
873 1428 1053 1458 praestante,
1074 1424 1124 1457 qui
1143 1434 1209 1452 cum
1229 1429 1313 1459 patre
1333 1430 1362 1452 et
1380 1425 1444 1452 filio

50 1473 80 1496 et
99 1469 206 1504 spiritu
225 1473 328 1496 sancto
346 1469 425 1496 vivit
443 1473 472 1495 et
490 1474 593 1501 regnat
612 1479 665 1504 per
683 1468 782 1496 onmia
802 1468 920 1496 saecula
947 1469 1142 1497 saeculorum.
1168 1471 1272 1497 Amen.
1308 1470 1444 1503 Denique

51 1514 186 1541 conrado
205 1513 266 1541 sibi
283 1513 462 1541 succedente
481 1513 512 1540 in
530 1521 637 1546 regno,
662 1513 729 1548 ipsa
748 1513 824 1541 curis
844 1513 1064 1546 saecularibus,
1089 1513 1165 1540 sicut
1190 1514 1303 1546 iamdiu
1323 1514 1443 1541 doside-

48 1563 185 1592 raverat,
213 1563 373 1586 exonerata
399 1559 459 1593 jam
484 1557 515 1585 in
541 1558 608 1593 ipso
635 1558 838 1586 anniversario
863 1558 913 1585 die
932 1558 1074 1586 transitus
1094 1558 1189 1585 sancti
1209 1558 1325 1585 Henrici
1346 1559 1442 1586 archi-

49 1600 209 1639 episcopos
229 1613 296 1630 cum
314 1603 466 1638 episcopis
486 1603 525 1630 ad
544 1603 766 1630 dedicationem
785 1602 991 1635 confugiensis
1011 1603 1155 1630 ecclesiae
1175 1604 1371 1637 convocavit,
1389 1604 1443 1631 ubi

48 1648 126 1676 inter
151 1647 309 1676 missarum
335 1648 492 1676 sollemnia
519 1647 668 1683 imperiali
694 1647 905 1675 decentissime
932 1648 1014 1675 omni
1040 1653 1146 1675 ornatu
1171 1647 1250 1675 culta
1270 1650 1338 1675 a‘nte
1358 1648 1443 1683 prin-

48 1692 158 1727 cipiale
177 1692 270 1720 altare
288 1692 374 1725 virgo
392 1692 447 1720 Dei
468 1693 579 1720 devota
598 1693 746 1727 processit
763 1693 866 1726 ibique
884 1693 1057 1720 thesaurum
1074 1693 1350 1728 incomparabilem,
1369 1693 1442 1726 ligni

48 1737 193 1764 videlicet
212 1737 356 1764 dominici
375 1747 509 1772 crucem,
527 1747 653 1773 parvam
672 1738 794 1771 quidem
812 1738 843 1764 iu
860 1737 1000 1770 materia,
1027 1738 1082 1765 sed
1101 1738 1260 1765 maximam
1279 1738 1310 1766 iu
1329 1739 1441 1766 virtute

48 1781 172 1809 domino
191 1782 311 1811 obtulit.
347 1785 386 1810 At
404 1783 457 1810 ubi
475 1782 566 1810 lectio
591 1783 756 1816 evangelii,
783 1782 813 1810 in
839 1793 896 1816 qua
924 1792 1013 1817 super
1037 1784 1174 1810 arborem
1200 1783 1295 1810 crucis
1315 1783 1439 1811 descen-

47 1827 122 1854 dens
141 1827 375 1863 conspicientem
394 1837 427 1855 se
445 1830 547 1855 Jesum
566 1828 718 1863 suscipere
745 1833 774 1855 et
800 1829 837 1855 ab
863 1837 898 1855 eo
922 1827 1165 1855 benedictionem
1184 1829 1313 1863 pusillus
1332 1829 1441 1856 meruit

47 1872 197 1908 accipere,
223 1873 302 1900 lecta
326 1871 397 1906 fuit,
423 1873 554 1906 regalem
580 1883 743 1908 purpuram
767 1882 878 1900 exuens
904 1874 1033 1900 tunicam
1058 1873 1236 1906 fusciorem,
1264 1883 1353 1907 quam
1371 1873 1439 1909 ipsa

46 1917 106 1945 sibi
123 1917 264 1945 manibus
283 1917 345 1945 suis
364 1922 488 1952 operata
506 1918 612 1951 suerat,
631 1918 811 1946 sacerdotali
831 1918 1041 1945 benedictione
1061 1919 1130 1945 data
1149 1923 1266 1946 vestem
1285 1919 1439 1951 religionis

45 1961 144 1989 induit
162 1967 192 1989 et
210 1962 312 1990 multis
332 1962 453 1996 quidem
474 1972 527 1998 pro
547 1972 579 1990 se
597 1963 754 1996 flentibus,
774 1972 828 1998 pro
847 1963 899 1990 illa
918 1968 1017 1990 autem
1044 1963 1261 1996 gaudentibus,
1285 1974 1361 1997 quae
1380 1965 1438 1997 jam

47 2007 199 2035 saeculum
225 2007 398 2035 damnasset
422 2008 454 2034 iu
477 2008 634 2040 vestibus,
660 2008 795 2043 capillis,
824 2009 873 2042 qui
901 2009 1054 2042 hucusque
1079 2008 1109 2035 iu
1129 2008 1236 2035 eodem
1255 2008 1438 2035 monasterio

45 2060 100 2087 pro
119 2051 314 2078 veneratione
333 2057 500 2085 servantur,
519 2052 671 2087 praec-isis,
690 2053 832 2086 imposito
852 2053 912 2080 sibi
930 2053 967 2078 ab
987 2053 1131 2086 episcopo
1151 2052 1220 2078 veto
1240 2052 1350 2079 annulo
1366 2052 1439 2078 fidei

45 2097 202 2124 subarrata
219 2096 436 2128 gratulabunda
455 2097 618 2124 succinuit:
643 2096 744 2131 posuit
771 2097 887 2128 signum
913 2096 945 2123 in
962 2095 1071 2123 {aciem
1091 2105 1186 2122 meam
1206 2099 1233 2122 et
1254 2095 1364 2122 annulo
1383 2104 1438 2122 suo

45 2141 217 2169 subarravit
241 2150 289 2168 me
315 2141 454 2169 dominus
481 2150 564 2168 meus
591 2143 677 2168 Jesus
704 2140 845 2169 Christus.
894 2145 940 2168 Ita
973 2149 1085 2175 sponso
1113 2139 1229 2166 Clu-Isto
1253 2144 1436 2171 consecrata,

43 2186 117 2214 dum
141 2186 271 2213 filiarum
295 2195 415 2213 suarum
441 2195 473 2213 se
499 2185 689 2213 sanctissimo
717 2185 914 2212 contubernio
945 2185 1157 2220 applicuisset,
1190 2193 1249 2211 nou
1278 2189 1311 2210 ut
1342 2189 1437 2212 mater

43 2230 164 2258 filiabus
183 2239 215 2258 se
232 2230 432 2266 praeferebat,
452 2231 506 2258 sed
522 2230 661 2258 omuibus
680 2229 847 2257 inserviens
863 2230 1005 2257 servilem
1020 2238 1180 2265 personam
1195 2238 1226 2256 se
1245 2229 1435 2257 ostendebat,

42 2275 85 2303 ita
102 2280 220 2309 tamen,
246 2279 296 2308 ut,
322 2285 390 2303 cum
413 2275 513 2302 onmia
537 2275 665 2308 faceret,
692 2275 925 2302 ostentationem
943 2274 1059 2308 fugeret
1078 2274 1278 2306 singulorum,
1305 2283 1342 2300 ne
1361 2274 1436 2301 reci-

43 2324 129 2355 peret
153 2320 186 2347 in
209 2320 362 2354 praesenti
388 2320 507 2348 saeculo
531 2321 701 2348 mercedem
725 2329 818 2348 suam.
864 2320 1052 2355 Operabatur
1076 2319 1215 2346 manibus
1242 2318 1302 2345 suis
1326 2318 1433 2351 sciens,

44 2363 190 2398 scriptum
206 2373 288 2392 esse:
315 2364 367 2398 qui
391 2374 452 2392 nou
478 2370 634 2400 operatur,
661 2374 722 2393 nou
740 2365 909 2393 manducet.
945 2367 1063 2399 Sponso
1082 2372 1135 2391 suo
1155 2368 1204 2390 aut
1224 2371 1311 2390 orans
1330 2362 1435 2396 loque-

43 2408 132 2435 batur
149 2412 204 2435 aut?
218 2409 351 2443 psallens
370 2409 410 2436 ad
427 2410 572 2438 ecclesiae
591 2411 694 2438 limina
714 2420 809 2446 paene
826 2410 924 2437 invisa
947 2409 1139 2444 properabat.
1174 2407 1252 2435 Nihil
1274 2407 1434 2434 severitate

41 2452 125 2480 illius
149 2449 327 2487 jucundius,
356 2453 431 2480 nihil
448 2455 633 2487 jucunditate
660 2455 813 2487 severius,
844 2454 937 2482 tristis
964 2455 994 2481 in
1018 2453 1095 2485 risu,
1127 2454 1159 2479 iu
1184 2452 1307 2479 tristitia
1332 2451 1434 2479 suavis

42 2498 137 2525 breve
167 2497 251 2524 vitae
276 2497 406 2532 spatium
431 2503 552 2525 aeterna
577 2499 721 2527 memoria
747 2500 973 2534 compensabat.
1007 2499 1092 2525 Idem
1117 2497 1163 2524 illi
1189 2496 1331 2524 orationis
1350 2496 1434 2523 locus

42 2545 74 2569 et
91 2540 201 2575 quietis
219 2539 294 2574 fuit,
313 2541 394 2569 idem
412 2551 531 2577 semper
548 2544 669 2572 habitus
687 2544 719 2571 in
738 2544 852 2571 cultum
871 2543 1020 2578 corporis,
1045 2543 1117 2570 dum
1135 2542 1237 2574 sciret,
1255 2540 1432 2576 rejiciendas

42 2585 167 2614 delicias
194 2586 344 2621 corporis,
378 2587 459 2620 quod
484 2587 575 2622 paulo
600 2593 672 2623 post
699 2588 855 2616 vermibus
889 2587 1071 2615 exarandum
1103 2586 1169 2615 fuit.
1213 2588 1337 2620 Semper
1367 2594 1432 2612 eam

39 2630 139 2662 tegere
163 2634 216 2657 aut
239 2630 389 2663 legentem
414 2631 518 2659 audire
544 2632 692 2666 vidisses,
725 2632 820 2660 multa
850 2632 896 2660 illi
924 2633 1002 2660 circa
1032 2630 1262 2659 contubernales
1296 2629 1430 2671 devotio,

39 2674 182 2708 frequens
206 2675 420 2703 decubantium
443 2675 594 2709 visitatio,
621 2676 751 2704 sollicita
774 2686 941 2712 pauperum
967 2675 1144 2704 consolatio.
1186 2679 1339 2703 Praeterea
1365 2684 1431 2702 eam

10 2738 17 2744 ι
41 2717 150 2747 fecisse
167 2719 252 2756 plura
271 2719 414 2748 miracula
433 2720 591 2754 credimus,
613 2721 666 2749 sed
685 2721 766 2755 quod
787 2721 910 2754 gloriam
927 2721 1085 2750 humanam
1098 2725 1126 2749 et
1139 2720 1235 2749 oleum
1250 2719 1430 2748 adulationis
