1742 3005
234 134 286 172 76
566 136 660 185 Cap.
693 135 776 173 ΧΗ,
836 136 893 173 De
924 144 1053 173 sancto
1086 136 1282 174 Silvestro.

233 239 324 284 quod
349 240 441 273 Deus
469 242 652 283 antequam
680 237 826 273 haberet
854 239 979 281 lilium⁷
1010 244 1110 284 pater
1134 241 1201 275 diei
1226 252 1292 275 non
1319 244 1449 286 potuit,
1477 253 1561 288 ergo
1589 244 1617 276 si

232 310 332 350 pater
358 304 488 338 Christi
514 308 638 348 postea
663 303 774 338 dictus
803 308 868 347 est,
896 305 1073 340 mutabilis
1101 306 1211 340 sactus
1239 311 1302 342 est.
1358 307 1410 342 Ad
1437 307 1522 342 haee
1549 307 1618 342 Sil-

232 375 366 404 x'ester:
399 369 488 403 tilius
514 375 594 405 ante
619 373 778 415 tempora
807 381 848 405 ex
875 374 975 415 patre
1004 374 1057 405 est
1082 373 1240 417 genitus,
1276 376 1311 405 ut
1341 373 1495 414 faceret,
1529 383 1618 418 quae

231 447 297 469 non
325 438 442 477 erant,
494 439 527 469 et
555 437 587 469 in
613 438 769 481 tempore
795 440 848 471 est
871 440 994 479 natus,
1047 441 1083 470 ut
1116 438 1274 471 reliceret
1306 447 1395 482 quae
1429 439 1617 482 perierant.

231 502 327 541 Quae
353 502 419 535 etsi
445 500 521 535 solo
558 500 664 535 verbo
698 502 840 536 reficere
865 506 1024 547 poterat,
1060 507 1174 537 tamen
1202 513 1264 548 per
1292 504 1508 547 passionem,
1552 503 1618 536 nisi

231 566 332 601 homo
358 567 476 607 lieret,
515 567 685 602 redimere
710 578 778 601 non
804 567 961 611 valebat⁷
991 570 1074 613 quia
1099 570 1132 601 in
1159 578 1222 602 sua
1247 568 1378 603 deitate
1408 567 1453 602 ad
1482 569 1617 612 patien-

231 634 308 668 dum
334 638 436 680 aptus
462 644 529 667 non
554 637 640 669 erat.
690 633 759 668 Nee
779 633 844 669 hoc
871 638 946 669 erat
973 634 1265 679 imperfectionis,
1292 634 1352 669 sed
1379 634 1618 679 perfectioniS,

231 703 260 735 si
286 703 318 734 in
349 711 413 734 sua
437 710 503 733 non
532 704 609 733 erat
633 699 762 734 deitate
788 700 982 744 passibilis.
1030 700 1139 735 Porro
1165 700 1269 734 lilium
1297 700 1361 735 Dei
1387 699 1527 734 verbum
1553 699 1618 732 dit-i

230 779 272 802 ex
299 778 340 801 eo
366 769 476 811 patet,
504 766 587 809 quia
610 764 783 809 propheta
808 767 878 799 ait:
905 768 1074 800 eructavit
1099 775 1158 799 eor
1183 775 1290 799 meum
1317 765 1457 799 verbum
1481 764 1617 798 bonum.

230 833 322 867 Deus
350 840 488 876 quoque
524 840 661 875 semper
692 833 794 874 pater
819 831 903 873 suit,
953 832 1036 876 quia
1068 841 1206 875 semper
1239 831 1315 875 ejus
1348 831 1436 863 lilius
1473 831 1618 866 exstitit,

230 897 320 931 tilius
342 898 430 930 enim
458 896 534 942 ejus
563 900 617 930 est
641 895 781 930 verbum
806 897 902 941 ejus,
950 897 1125 942 sapientia
1151 896 1249 941 ejus,
1300 897 1408 930 virtus
1437 896 1524 940 ejus.
1582 894 1619 928 ln

230 967 329 1008 patre
356 966 469 996 autem
496 972 633 1007 semper
654 961 719 995 fuit
742 961 905 1004 verbum,
946 963 1050 1007 juxta
1075 961 1179 996 illud:
1228 962 1398 996 eructavit
1425 971 1485 995 eor
1510 972 1619 996 meum

230 1028 383 1063 verbum.
432 1027 578 1072 Semper
605 1029 779 1072 sapientia
798 1029 902 1073 juxta
927 1027 1030 1062 illud:
1073 1038 1141 1074 ego
1165 1038 1206 1062 ex
1233 1038 1293 1062 ore
1319 1027 1478 1061 altissimi
1506 1027 1620 1071 prodii

230 1095 464 1140 primogenita
500 1097 580 1127 ante
617 1104 749 1127 omnem
784 1098 991 1128 creaturam.
1065 1094 1212 1138 Semper
1244 1095 1353 1127 virtus
1383 1094 1487 1138 juxta
1515 1092 1619 1126 illud:

229 1164 310 1195 ante
336 1170 455 1194 omnes
479 1159 589 1194 colles
617 1170 684 1205 ego
714 1160 882 1204 parturii,
934 1159 1076 1193 necdum
1099 1160 1212 1193 sontes
1239 1169 1406 1204 aquarum
1433 1162 1621 1204 eruperant

229 1231 294 1262 ete.
368 1225 450 1260 (lum
478 1235 564 1271 ergo
589 1229 690 1269 pater
713 1235 885 1269 nunquam
912 1225 1016 1271 suerit
1041 1227 1116 1259 sine
1145 1225 1267 1267 verbo,
1292 1226 1466 1269 sapientia
1491 1228 1525 1259 et
1551 1226 1619 1258 vir-

228 1296 319 1335 tute,
370 1291 543 1337 quomodo
570 1298 672 1335 putas
699 1289 764 1324 hoe
790 1301 913 1325 nomen
941 1291 1007 1325 sibi
1034 1301 1076 1325 ex
1102 1295 1259 1336 tempore
1285 1290 1501 1324 advenisse?
1548 1289 1619 1324 Hoc

229 1369 314 1405 ergo
341 1361 457 1391 amoto
485 1366 609 1397 nonus,
636 1357 693 1401 qui
721 1359 755 1390 et
778 1355 895 1398 Jubal,
924 1357 1030 1391 dixit:
1057 1361 1205 1399 constat⁷
1233 1358 1315 1402 quia
1334 1355 1427 1390 Deus
1455 1356 1620 1401 conjugia

229 1435 296 1458 nou
322 1424 463 1458 damnat
491 1431 553 1456 nee
580 1423 622 1455 iis
651 1420 842 1464 maledixit,
871 1432 979 1467 quare
1005 1433 1091 1469 ergo
1115 1423 1157 1457 de
1180 1423 1345 1467 conjugio
1374 1425 1490 1455 natum
1514 1421 1619 1456 dene-

228 1492 323 1536 gatis
346 1489 435 1523 hune
459 1498 559 1530 esse,
588 1498 686 1532 quem
713 1487 856 1523 colitis?
904 1488 1000 1531 Nisi,
1029 1490 1099 1531 ait,
1137 1488 1325 1523 obfuscare
1358 1488 1525 1533 conjugia
1549 1490 1621 1521 stu-

229 1556 353 1591 deatis.
401 1554 532 1588 Rursus
560 1553 732 1599 quomodo
756 1557 921 1595 tentatur⁷
951 1556 1005 1599 qui
1030 1558 1154 1599 potens
1180 1559 1254 1594 est;
1294 1555 1437 1598 patitur,
1465 1554 1521 1597 qui
1548 1553 1617 1586 vir-

229 1626 283 1656 tus
309 1624 382 1662 est;
410 1621 574 1661 moritur,
597 1621 655 1664 qui
682 1621 754 1653 vita
779 1620 857 1654 est?
916 1618 1073 1664 Denique
1102 1619 1144 1653 ad
1171 1619 1235 1653 hoc
1261 1620 1421 1665 cogeris,
1473 1622 1507 1651 ut
1531 1617 1617 1651 duos

229 1688 318 1721 lilios
343 1696 422 1721 esse
448 1685 564 1727 diras,
601 1695 724 1727 unum,
760 1695 859 1730 quem
884 1689 985 1729 pater
1009 1686 1149 1730 genuit,
1192 1684 1356 1721 alterum,
1393 1694 1492 1728 quem
1518 1685 1618 1729 virgo

227 1754 423 1799 generavit.
474 1751 604 1785 Rursus
632 1750 805 1795 quomodo
845 1751 917 1785 lieri
953 1755 1088 1794 potest,
1143 1755 1178 1784 ut
1211 1751 1365 1794 patiatur
1395 1749 1516 1791 homo,
1561 1750 1618 1793 qui

228 1823 402 1853 assumtus
427 1822 500 1858 est,
523 1818 597 1851 sine
623 1817 779 1851 laesione
806 1817 902 1860 ejus,
930 1825 948 1849 a
976 1826 1043 1860 quo
1070 1819 1242 1850 assumtus
1268 1819 1331 1849 est.
1380 1814 1433 1849 Ad
1460 1814 1524 1849 hoe
1550 1814 1616 1848 Sil-

229 1889 363 1919 vester:
412 1894 474 1917 nos
503 1882 676 1917 Christum
702 1893 767 1915 non
794 1882 872 1916 ideo
898 1885 1013 1915 natum
1039 1881 1081 1915 de
1110 1882 1244 1927 virgine
1273 1880 1438 1922 dicimus,
1474 1884 1511 1914 ut
1536 1890 1617 1914 eon-

223 1951 326 1995 jugia
351 1949 637 1989 condemnennis,
673 1948 734 1981 sed
759 1957 886 1981 causas
914 1948 1063 1992 virginei
1090 1951 1210 1992 partus
1237 1945 1494 1980 rationabiliter
1519 1956 1617 1980 acee—

228 2019 373 2060 ptamus.
444 2014 514 2049 Nee
539 2013 604 2048 hae
630 2014 826 2048 assertione
855 2012 1102 2054 obfuscantur,
1152 2012 1213 2047 sed
1248 2015 1415 2045 ornantur
1439 2012 1616 2057 conjugia.

228 2082 390 2126 quoniam
415 2079 502 2114 haee
528 2081 650 2125 virge,
681 2090 770 2124 quae
797 2079 970 2115 Christum
999 2079 1155 2124 peperit,
1184 2077 1226 2112 de
1252 2078 1416 2123 conjugio
1443 2081 1525 2110 nata
1553 2080 1616 2111 est.

227 2146 399 2180 Tentatur
422 2149 535 2180 autem
562 2145 733 2186 Christus,
762 2149 798 2179 ut
819 2156 937 2179 omnes
962 2145 1174 2178 tentationes
1194 2143 1334 2188 dyaboli
1363 2145 1528 2183 vinc-eret,
1556 2152 1615 2186 pa-

229 2213 332 2251 titur,
373 2215 409 2244 ut
435 2213 616 2245 universas
646 2196 1066 2256 passionessubjiceret,
1104 2211 1267 2249 moritur,
1302 2212 1339 2241 ut
1362 2210 1482 2241 mortis
1509 2209 1616 2251 impin

229 2278 314 2310 rium
341 2275 559 2321 subjugaret.
608 2272 838 2320 liei‘quoque
863 2275 953 2309 lilius
982 2285 1068 2308 unus
1095 2275 1127 2307 in
1154 2273 1292 2307 Christo
1321 2278 1393 2311 est,
1446 2274 1502 2317 qui
1531 2274 1619 2306 sieut

230 2345 281 2375 est
307 2352 389 2375 vere
415 2341 478 2376 llei
505 2341 594 2375 lilius
621 2341 829 2381 invisibilis,
881 2342 928 2373 ita
954 2339 1102 2373 visibilis
1132 2344 1182 2373 est
1210 2338 1380 2373 Christus.
1442 2336 1505 2372 Est
1532 2348 1617 2383 ergo

229 2407 405 2442 invisibile
432 2407 516 2449 hoe,
543 2407 634 2452 quod
660 2411 713 2441 est
740 2406 851 2447 Deus,
885 2410 918 2440 et
944 2409 996 2440 est
1023 2405 1159 2440 visibile
1185 2404 1268 2447 hoe,
1306 2404 1396 2449 quod
1424 2408 1477 2439 est
1504 2403 1617 2438 homo.

230 2472 304 2507 l‘ati
333 2484 414 2507 vero
440 2484 543 2517 posse
572 2473 740 2506 hominem
768 2475 954 2506 assumtum
980 2472 1054 2505 sine
1082 2472 1246 2516 passione
1274 2471 1372 2515 ejus,
1402 2471 1459 2515 qui
1485 2479 1617 2504 assum-

230 2540 286 2580 sit,
314 2539 472 2583 exemplo
500 2538 615 2573 doceri
642 2542 769 2583 potest.
819 2538 903 2572 Nam
930 2542 965 2571 ut
993 2539 1191 2582 praesentis
1218 2546 1392 2582 purpurae
1420 2536 1515 2581 regis
1543 2538 1616 2568 uta-

230 2614 303 2637 mur
328 2604 506 2648 exemplo,
556 2605 637 2638 lana
662 2605 749 2638 enim
785 2604 848 2638 l'uit
871 2607 903 2637 et
930 2603 1007 2636 huie
1032 2603 1133 2637 lanae
1160 2604 1304 2645 sanguis
1330 2600 1498 2636 accedens
1524 2600 1619 2633 colo-

230 2678 299 2702 rem
326 2679 532 2712 purpureum
565 2669 737 2713 praebuit.
805 2670 887 2703 Cum
914 2679 999 2715 ergo
1028 2672 1204 2703 teneretur
1236 2667 1356 2711 (ligius
1383 2669 1417 2699 et
1439 2669 1620 2710 torquere-

230 2738 284 2768 tur
309 2735 339 2767 in
365 2733 434 2772 suo,
464 2734 543 2778 quid
570 2734 826 2777 torthbatur'?
853 2734 929 2775 hoe,
956 2733 1047 2779 quod
1077 2734 1197 2777 regiae
1223 2731 1406 2776 dignitatis
1433 2731 1529 2765 eolor
1554 2735 1619 2766 est.
