1742 3005
358 121 454 170 Cap.
487 120 694 157 CXLVIII.
740 120 800 159 De
830 128 959 157 sancto
989 120 1242 171 Leodegario.
1411 123 1488 162 661

109 228 142 260 in
177 235 306 271 regem.
357 226 428 262 Sed
464 226 638 263 Ebroinus
665 228 919 263 Theodericum
946 230 1057 274 Ipsius
1083 228 1271 263 Childerlci
1295 239 1497 274 germanum

105 290 296 335 praeficere
332 293 531 337 nitebatur,
567 305 636 328 non
671 298 816 339 propter
847 294 947 339 regni
982 293 1218 337 commodum,
1256 293 1318 329 sed
1344 296 1426 339 quia
1452 295 1496 330 de

105 361 281 401 potestate
308 360 441 403 eJectus
469 363 503 393 et
527 359 686 393 ominbus
712 359 855 393 odiosus
881 360 966 392 iram
992 360 1088 403 regis
1118 362 1151 393 et
1177 360 1368 404 prIncipum
1393 369 1493 395 vere-

104 420 220 458 batur.
270 422 413 458 Timens
439 426 549 470 igitur
573 424 748 459 Ebroinus
774 424 948 458 licentiam
974 433 995 456 a
1023 434 1107 468 rege
1135 425 1236 467 petiit
1261 428 1294 458 ct
1318 429 1493 460 monaste-

104 488 189 521 rium
213 490 382 524 introivit.
432 490 507 529 Quo
537 489 750 524 concedente
782 492 816 522 et
849 488 990 521 fratrem
1017 498 1114 521 suum
1141 488 1420 532 Theodericum,
1451 501 1493 526 ne

102 558 224 587 contra
252 564 393 599 regnum
420 554 554 599 aliquid
580 553 779 594 moliretur,
803 554 837 585 iu
859 552 1020 587 custodia
1045 553 1221 588 detinente
1246 555 1432 588 sancIItate
1459 559 1494 589 et

102 618 322 662 providentia
362 620 520 663 episcopi
560 628 645 662 pace
686 617 837 651 mirabili
878 628 996 652 omnes
1038 618 1252 664 gaudebant.
1310 618 1379 653 Sed
1411 624 1493 664 post

100 684 243 728 aliquod
276 688 411 729 tempus
444 694 505 718 rex
539 683 768 729 malignorum
803 683 952 717 consilio
986 684 1199 728 depravatus
1235 685 1269 717 in
1296 688 1427 718 tantum
1456 686 1489 719 in

100 750 166 782 viri
198 748 262 783 Dei
296 748 412 783 odium
447 750 633 791 incitatur,
672 749 764 794 quod
798 750 1096 794 opportunitatem
1133 754 1166 784 et
1191 749 1327 783 moduni
1365 752 1488 785 mortis

99 815 174 859 ejhs
205 815 372 850 attentius
407 814 617 860 inquirebat,
667 814 737 849 Sed
769 816 955 859 episeopus
989 814 1119 849 blande
1153 815 1271 849 serens
1301 819 1335 850 et
1368 827 1487 850 omnes

96 882 253 915 inimicos
279 891 362 915 suos
389 884 426 914 ut
450 881 580 914 amicos
606 880 818 924 amplectens
846 882 920 925 egit
944 891 1018 914 cum
1042 891 1138 926 rege,
1168 886 1204 914 ut
1223 881 1313 915 diem
1333 881 1487 925 paschae

98 947 131 980 in
157 946 262 988 urhe,
297 947 351 980 cui
378 950 564 991 praeerat,
601 946 809 981 celebraret.
859 944 903 979 Et
934 955 1015 980 ecce
1041 945 1102 978 illa
1131 946 1187 980 die
1214 947 1406 979 nuntiatum
1433 951 1487 980 est

97 1013 149 1053 ei,
186 1011 278 1056 quod
309 1022 370 1046 rex
406 1012 440 1045 in
474 1011 536 1045 illa
569 1016 692 1053 nocte,
725 1010 895 1056 quidquid
930 1010 971 1046 de
1004 1014 1114 1046 morte
1147 1012 1223 1056 ejus
1255 1015 1484 1054 tractaverat,

96 1076 264 1121 perlicere
291 1077 519 1114 decrevisset.
566 1077 612 1111 At
638 1077 696 1112 ille
724 1077 810 1111 nihil
835 1076 1031 1121 trepIdaus,
1059 1076 1121 1111 sed
1147 1076 1208 1111 illa
1228 1077 1284 1111 die
1304 1087 1379 1110 cum
1400 1088 1484 1123 rege

94 1144 130 1176 in
156 1152 272 1176 mensa
298 1144 554 1177 communicans
579 1148 841 1188 persecutorem
869 1144 921 1176 sic
947 1142 1057 1188 sugit,
1088 1142 1181 1186 quod
1209 1143 1241 1175 ln
1266 1142 1485 1176 Luxuniensi

93 1209 304 1243 monasterio
330 1208 468 1242 domino
495 1210 653 1244 serviens
683 1210 785 1244 etiam
811 1208 978 1249 Ebroino,
1005 1209 1063 1252 qui
1088 1208 1121 1241 in
1147 1208 1340 1242 monastico
1362 1206 1483 1241 habitu

93 1273 278 1316 latitabat,
317 1273 440 1309 sedula
475 1276 622 1309 caritate
657 1275 814 1309 servivit.
863 1273 947 1308 Post
981 1272 1151 1307 modicum
1187 1284 1248 1309 rex
1277 1274 1422 1308 morItur
1450 1278 1483 1308 et

94 1339 338 1375 Theodericus
373 1341 409 1374 in
442 1351 587 1386 regnum
620 1340 837 1374 sublmiatur.
888 1339 1110 1384 Quapropter
1133 1338 1380 1385 LeodegarIus
1416 1350 1480 1384 po—

92 1405 164 1449 puli
191 1406 244 1439 sui
275 1405 437 1450 lacrymis
467 1409 501 1440 et
534 1405 699 1450 precibus
732 1409 844 1439 motus
882 1408 915 1439 et
939 1404 1080 1438 abbatis
1107 1406 1252 1449 imperio
1280 1404 1480 1449 compulsus

91 1469 137 1504 ad
169 1470 285 1505 sedem
318 1480 413 1504 suam
450 1470 556 1505 rediit
589 1480 630 1505 ac
660 1470 833 1505 Ebroinus
869 1472 1027 1516 protinus
1064 1471 1281 1515 apostatavit
1314 1473 1348 1504 et
1382 1471 1478 1515 regiS

90 1535 309 1570 senescallus
346 1536 527 1570 ordinatus
562 1542 627 1572 cst.
683 1537 749 1576 Qui
788 1537 873 1572 licet
913 1539 1009 1581 prius
1050 1535 1160 1569 nialus
1200 1535 1326 1577 suerit,
1364 1538 1479 1569 tamen

89 1605 215 1646 postea
248 1602 313 1637 suit
346 1603 449 1648 pejor
481 1607 626 1648 totoque
662 1602 779 1637 studi0
812 1601 1072 1647 Leodegarium
1103 1600 1264 1635 occtdere
1289 1601 1479 1635 nitebatur.

88 1667 212 1702 Missis
248 1669 356 1713 igitur
391 1668 581 1712 miIitihus,
615 1670 673 1715 qui
708 1679 783 1703 eum
818 1670 1002 1712 caperent,
1038 1677 1114 1701 cum
1142 1666 1208 1700 hoc
1232 1665 1477 1711 Leodegarius

89 1735 338 1777 comperiSset‚
366 1745 484 1770 eorum
510 1734 620 1769 furori
646 1734 774 1769 cedens
800 1733 877 1768 dum
905 1734 939 1767 in
962 1731 1086 1767 habitu
1111 1730 1300 1778 pontificali
1326 1731 1368 1766 de
1392 1731 1477 1766 urbe

87 1798 343 1844 egrederetur,
380 1810 401 1834 a
433 1800 601 1836 militibus
636 1802 791 1846 capitur,
827 1800 885 1845 qui
920 1800 950 1833 ei
987 1800 1104 1832 statim
1141 1798 1263 1832 oculos
1300 1801 1477 1835 eruerunt.

87 1864 171 1900 Post
202 1865 379 1901 biennium
412 1871 554 1902 sanctus
578 1866 824 1912 Leodegarius
860 1875 934 1900 cum
963 1864 1070 1900 fratre
1096 1874 1160 1898 suo
1189 1862 1339 1905 Gai-ino,
1375 1874 1476 1908 quem

85 1929 260 1966 Ebroinus
285 1932 501 1976 exulaverat,
529 1934 564 1966 in
590 1933 755 1977 palatium
781 1933 877 1978 regis
904 1934 958 1965 est
982 1929 1167 1964 adductus.
1216 1929 1298 1964 (lum
1325 1928 1369 1963 ad
1394 1930 1475 1963 irri-

88 1997 221 2030 sionem
262 1996 406 2032 Ebroini
445 1999 624 2043 sapienter
665 2002 700 2033 et
741 1997 886 2043 pacifice
930 1995 1182 2046 responderet,
1228 2005 1377 2040 nequam
1417 1994 1476 2029 ille

82 2062 192 2106 jussit
228 2060 392 2097 Garinum
422 2063 600 2107 lapidibus
626 2063 727 2097 obrui
752 2066 977 2106 sanctumque
1003 2062 1205 2105 episcopum
1230 2063 1305 2094 tota
1331 2060 1387 2094 dIe
1412 2070 1476 2093 nu-

86 2126 140 2161 dis
178 2126 327 2171 pedibus
365 2138 428 2172 per
459 2128 631 2173 querulam
666 2127 805 2162 fluvium
839 2136 946 2170 super
977 2125 1200 2160 acutissimos
1239 2123 1378 2168 Iapides
1414 2124 1475 2159 de-

86 2195 280 2226 currentem
309 2191 446 2235 deduci‚
474 2198 508 2228 et
532 2193 692 2236 audiens,
720 2191 813 2238 quod
839 2192 873 2225 in
898 2190 953 2225 his
971 2190 1152 2224 tormentis
1170 2188 1278 2224 Deum
1298 2188 1473 2233 laudaret,

84 2257 238 2304 linguam
277 2259 354 2303 eJus
391 2259 570 2304 praescidi
603 2259 686 2294 fecit
719 2262 753 2293 et
786 2256 1007 2302 postmodum
1046 2266 1121 2290 eum
1164 2254 1300 2289 cuidam
1335 2254 1474 2289 custodi

84 2323 253 2366 tradidit,
288 2327 327 2358 ut
360 2325 473 2369 ipsum
508 2326 608 2360 novis
644 2324 828 2369 suppliciis
864 2326 1074 2358 reservaret.
1132 2321 1194 2356 Ille
1226 2324 1340 2355 autem
1375 2330 1473 2354 usum

85 2388 253 2434 loquendi
285 2399 355 2423 non
387 2389 561 2434 perdidit,
609 2389 673 2425 sed
707 2388 965 2435 praedicationi
998 2391 1033 2423 et
1064 2387 1323 2429 exhortationi,
1369 2389 1473 2430 prout

85 2457 246 2499 poterat,
273 2454 421 2489 vacabat
446 2455 708 2500 praedixitque,
736 2453 875 2499 quando
903 2458 938 2489 et
963 2454 1114 2499 qualiter
1139 2454 1214 2497 ipse
1241 2455 1275 2486 et
1298 2449 1471 2485 Ebroinus

86 2529 129 2554 ex
151 2519 219 2554 hac
244 2521 316 2555 vita
339 2521 545 2566 migrarent.
589 2518 666 2553 Lux
691 2523 806 2554 autem
834 2520 1049 2564 ¹)immensa
1073 2517 1119 2552 ad
1147 2517 1285 2551 modum
1319 2525 1471 2551 coronae

19 2619 23 2622 .
84 2588 189 2630 caput
215 2585 292 2631 ejus
319 2583 566 2620 circumdedit:
591 2593 692 2629 quam
716 2594 790 2618 cum
816 2584 913 2618 multi
938 2584 1128 2625 vidissent,
1163 2582 1246 2627 quid
1272 2582 1340 2616 hoc
1365 2585 1469 2623 esset,

44 2650 46 2653 ’
86 2649 129 2682 ab
165 2651 346 2696 episcopo,
367 2651 605 2695 quaesierunt.
654 2648 700 2683 At
734 2649 793 2686 ille
822 2660 860 2685 se
887 2653 920 2684 Iu
946 2650 1106 2684 orati0ne
1132 2651 1358 2693 prosternens
1384 2656 1468 2694 gra-

151 2728 180 2762 1)
197 2730 267 2757 Ree.
285 2727 363 2756 male
382 2727 496 2761 legunt:
516 2727 553 2755 in
571 2736 711 2756 mensa.
