1742 3005
268 95 349 135 760
527 96 622 144 Cap.
656 93 859 131 CLXVIII.
926 94 984 130 De
1015 100 1143 130 sancta
1173 91 1386 130 Elizaheth.

269 203 391 234 iterum
426 208 647 240 revocarem,
691 199 802 242 ipsum
835 202 946 232 autem
983 201 1016 231 et
1049 207 1099 231 me
1124 201 1205 231 tuae
1231 199 1367 242 gratiae
1395 193 1649 231 reeonnnendo.

270 264 395 298 Verum
421 273 464 297 ne
490 263 636 297 fructum
662 265 882 298 centesimum
909 262 1095 308 perderet,
1129 263 1188 307 qui
1223 261 1470 306 perfectionem
1495 271 1649 305 evange-

269 328 373 363 licam
398 328 618 363 servantibus
644 328 766 371 datur,
798 330 857 374 qui
890 328 932 363 de
959 329 1103 362 sinistra
1129 327 1292 361 miseriae
1318 325 1363 360 ad
1389 326 1542 360 dextram
1571 327 1649 371 glo-

270 394 345 427 riae
370 393 638 436 transferuntur⁷
666 394 872 440 religiosum
898 393 1051 428 habitum
1077 392 1201 433 induit,
1228 396 1344 428 vestes
1366 391 1503 425 scilicet
1520 392 1650 436 grisias

269 457 418 493 humiles
446 463 480 494 et
505 459 683 504 abjectas,
715 461 962 494 continentiam
988 463 1068 504 post
1092 462 1234 492 mortem
1260 458 1324 491 viri
1349 460 1552 501 perpetuam
1577 466 1651 491 ser-

271 533 368 567 vans,
393 524 628 561 obedientiam
650 525 838 570 perfectam
865 525 1068 559 custodiens
1098 528 1131 558 et
1158 523 1386 557 voluntariam
1414 525 1652 567 paupertatem

269 590 515 634 complectens,
545 590 811 635 ¹)mendicando
837 601 975 636 quoque
1001 591 1051 624 ire
1076 590 1229 623 ostiatim
1255 587 1376 629 voluit,
1402 587 1465 621 sed
1485 588 1656 632 magister

271 654 452 689 Conradus
477 667 545 690 non
571 657 743 700 permisit.
789 655 868 690 Fuit
887 660 999 689 autem
1030 656 1106 700 ejus
1132 654 1271 688 habitus
1297 658 1365 688 tam
1393 653 1593 697 despectus,
1619 655 1656 685 ut

271 718 426 754 deferret
444 720 586 765 pallium
607 722 760 766 griseum
779 730 892 765 panno
910 721 1040 754 coloris
1058 720 1201 753 alterius
1219 718 1474 763 prolongatum,
1502 719 1655 751 manicas

271 785 375 818 etiam
392 786 530 820 tunicae
555 791 676 830 ruptas
696 786 839 819 alterius
860 785 989 818 eoloris
1015 794 1129 829 panno
1151 783 1273 817 babuit
1291 783 1505 820 emendatas.
1552 782 1658 817 Pater

272 860 355 884 vero
380 860 485 892 suus,
525 861 588 885 rex
621 849 814 896 Ungariae‚
851 850 1016 892 audiens,
1050 850 1154 883 liliam
1181 858 1277 882 suam
1311 848 1355 881 ad
1386 852 1516 882 tantam
1548 848 1655 883 deve-

272 916 369 950 nisse
393 917 556 960 inopiam,
584 917 742 950 comitem
770 916 940 961 quendam
965 915 1008 950 ad
1036 925 1108 950 eam
1134 916 1237 956 misit,
1265 917 1300 948 ut
1318 914 1428 958 ipsam
1449 913 1492 946 ad
1511 917 1658 958 paterna

271 980 390 1014 limina
421 981 591 1016 reducere
622 985 838 1026 procuraret.
887 982 952 1021 Qui
987 981 1108 1015 videns
1146 991 1219 1014 eam
1253 979 1315 1013 tali
1348 978 1469 1013 habitu
1502 983 1658 1013 ornatam

274 1055 490 1091 cernensque
512 1047 688 1081 sedentem
712 1046 887 1081 humiliter
914 1051 947 1081 et
973 1046 1121 1080 filantem
1145 1056 1229 1089 prae
1256 1045 1461 1079 confusione
1489 1048 1524 1079 et
1550 1044 1659 1078 admi-

274 1112 410 1145 ratione
435 1112 633 1145 exclamans
660 1112 765 1145 dixit:
795 1122 967 1157 nunquam
992 1112 1063 1146 iilia
1088 1113 1183 1157 regis
1208 1116 1277 1146 tam
1305 1112 1365 1146 vili
1391 1110 1511 1144 induta
1537 1110 1660 1144 habitu

273 1178 438 1221 apparuit
456 1188 518 1210 nec
544 1176 657 1211 lanam
683 1177 835 1222 aliquam
861 1178 958 1211 iilare
986 1179 1062 1211 visa
1088 1177 1163 1213 fuit.
1212 1179 1293 1212 (ium
1322 1188 1404 1212 vero
1433 1188 1496 1221 pro
1523 1186 1587 1210 sna
1605 1187 1659 1211 re-

273 1240 436 1276 ductione
452 1241 673 1277 vehementer
692 1244 894 1285 institisset,
920 1242 1118 1277 nullatenus
1137 1245 1323 1287 acquievit,
1353 1253 1425 1276 cum
1445 1242 1660 1286 pauperibus

271 1307 404 1342 malens
440 1309 474 1341 in
507 1312 714 1352 paupertate
749 1307 900 1353 degere,
934 1318 1035 1354 quam
1071 1308 1202 1342 divitiis
1236 1307 1352 1341 multis
1387 1318 1460 1341 cum
1494 1306 1660 1341 divitibus

273 1373 466 1410 abundare.
513 1372 556 1408 Ut
580 1384 661 1407 vero
687 1374 764 1417 ejus
790 1375 923 1407 animus
950 1375 983 1407 in
1007 1374 1114 1408 Deum
1142 1378 1236 1407 totus
1263 1374 1430 1407 transiret
1464 1377 1497 1407 et
1532 1375 1663 1407 intenta

274 1439 350 1482 ejus
376 1439 515 1473 devotio
542 1439 671 1472 nullum
704 1439 983 1484 impedimentum
1020 1439 1189 1481 haberet,
1224 1440 1364 1483 rogavit
1398 1438 1592 1481 dominum,
1625 1444 1661 1472 ut

274 1505 423 1537 omnium
449 1505 689 1548 temporalium
717 1508 923 1539 contemtum
949 1505 1018 1539 sibi
1045 1505 1244 1540 infunderet
1268 1509 1302 1540 et
1330 1505 1476 1539 liliorum
1502 1504 1661 1539 dilectio-

275 1580 351 1604 nem
377 1580 398 1603 a
423 1580 485 1603 suo
511 1569 615 1603 corde
642 1570 810 1604 evelleret
837 1575 871 1605 et
895 1575 1017 1604 contra
1044 1582 1162 1605 omnes
1194 1571 1422 1605 contumelias
1454 1574 1662 1606 contemtum

276 1639 311 1669 et
344 1636 574 1669 constantiam
610 1634 815 1679 largiretur.
868 1635 962 1670 Fusa
1007 1646 1090 1670 vero
1130 1637 1290 1670 oratione
1322 1636 1455 1670 audivit
1490 1637 1662 1670 dominum

275 1701 345 1735 sibi
371 1700 557 1735 dicentem:
586 1700 753 1734 exaudita
781 1705 835 1734 est
861 1703 973 1735 oratio
1002 1706 1074 1738 tua.
1124 1703 1219 1742 Quae
1246 1701 1333 1735 dixit
1361 1701 1517 1736 ancillis:
1553 1711 1662 1736 exan-

276 1765 365 1799 divit
391 1765 549 1799 dominus
577 1776 693 1799 vocem
721 1775 849 1807 meam,
884 1767 966 1811 qnia
997 1771 1031 1801 et
1065 1768 1181 1800 omnia
1205 1767 1413 1810 temporalia
1447 1771 1483 1800 ut
1508 1772 1664 1801 stercora

278 1836 401 1875 reputo
437 1835 472 1865 et
507 1831 550 1865 de
582 1830 662 1864 filiis
698 1832 783 1864 meis
809 1841 877 1867 non
916 1833 993 1875 plus
1026 1843 1125 1877 qnam
1153 1832 1194 1866 de
1221 1832 1300 1865 aliis
1327 1833 1492 1875 proximis
1519 1842 1601 1865 curo
1631 1836 1664 1865 et

277 1898 343 1931 mei
371 1900 576 1931 contemtum
609 1900 643 1930 et
676 1896 869 1940 opprobria
901 1899 999 1942 parvi
1034 1897 1147 1942 pendo
1184 1896 1339 1941 nihilque
1366 1896 1461 1930 aliud
1483 1897 1555 1941 Jam
1582 1897 1662 1930 dili-

277 1972 364 2007 gere
399 1961 521 1995 videor
555 1963 621 1995 nisi
657 1961 775 1995 Deum.
826 1963 1002 2008 Magister
1043 1973 1198 2007 quoque*
1225 1961 1407 1995 Conradus
1450 1972 1557 2006 saepe
1596 1963 1665 1997 sibi

279 2027 427 2061 molesta
451 2032 485 2062 et
509 2029 686 2060 contraria
714 2029 914 2071 imponebat
939 2032 972 2061 et
1001 2037 1089 2072 quos
1118 2028 1266 2071 amplius
1294 2027 1444 2071 diligere
1469 2027 1665 2071 videbatur,

279 2092 323 2126 ab
370 2093 446 2137 ejus
495 2094 673 2126 consortio
717 2086 929 2136 separabat,
972 2092 1062 2128 adeo
1094 2097 1131 2127 ut
1166 2092 1253 2126 duas
1289 2092 1408 2127 iideles
1451 2093 1596 2128 ancillas
1634 2099 1668 2129 et

279 2157 537 2202 praedilectas,
567 2168 656 2202 quae
682 2168 702 2192 a
719 2159 904 2202 juventute
930 2168 994 2192 sua
1019 2169 1135 2192 secum
1165 2158 1302 2192 fuerant
1325 2160 1519 2200 enutritae,
1553 2159 1596 2192 ab
1626 2170 1668 2194 ea

280 2225 484 2265 removerit,
504 2223 627 2269 punitis
656 2223 775 2257 effusis
801 2223 964 2267 lacrymis
992 2223 1070 2257 hine
1096 2228 1130 2258 et
1155 2223 1246 2258 inde.
1295 2223 1365 2257 lloe
1387 2223 1540 2258 faciebat
1555 2230 1666 2259 autem

281 2289 332 2322 vir
359 2292 523 2330 sanctus,
552 2292 588 2322 ut
614 2289 690 2334 ejus
719 2289 928 2323 voluntatem
956 2288 1137 2333 frangeret
1162 2293 1195 2323 et
1221 2294 1257 2323 ut
1283 2291 1360 2334 ipsa
1386 2300 1481 2323 suum
1508 2290 1667 2325 affectum

280 2353 325 2388 ad
350 2354 457 2388 Deum
486 2354 645 2388 totaliter
672 2356 825 2399 erigeret
858 2358 892 2388 et
925 2365 966 2388 ne
999 2354 1119 2398 aliqua
1150 2354 1193 2388 de
1219 2356 1355 2388 ancillis
1383 2356 1563 2400 pristinam
1588 2357 1667 2401 glo-

281 2420 365 2453 riam
392 2418 437 2453 ad
465 2420 540 2463 ejus
568 2421 765 2453 memoriam
787 2423 978 2453 revocaret.
1028 2418 1064 2452 ln
1084 2419 1137 2453 bis
1158 2424 1270 2453 autem
1288 2420 1446 2454 omnibus
1468 2421 1667 2456 invenieba-

282 2488 337 2518 tur
371 2489 404 2519 et
436 2484 536 2519 velox
569 2484 612 2518 ad
651 2484 886 2518 obedientiam
923 2488 956 2517 et
990 2489 1154 2518 constans
1190 2484 1234 2518 ad
1280 2486 1498 2529 patientiam,
1543 2491 1578 2520 nt
1608 2497 1669 2530 per

283 2551 486 2592 patientiam
530 2552 675 2583 animam
717 2560 814 2583 suam
854 2550 1053 2593 possideret
1091 2554 1124 2585 et
1156 2560 1217 2594 per
1251 2550 1485 2585 obedientiam
1523 2553 1669 2587 victoria

353 2693 380 2721 ι)
402 2690 451 2720 hd,
473 2696 513 2718 rr.
535 2693 640 2718 u—rbaa
662 2692 921 2720 mendicando
940 2708 973 2713 —
993 2692 1178 2727 permisit
1198 2691 1318 2719 omittit.
