1742 3005
254 120 335 158 454ss
424 123 521 170 Cap.
554 119 706 156 CXLV.
767 118 824 154 De
857 124 986 154 sancto
1022 117 1208 156 Michaele
1239 118 1482 169 archangelo,

257 225 441 261 occidatis.
489 224 623 262 Quarta
640 223 788 256 victoria
813 225 879 264 est,
907 231 1008 267 quam
1036 221 1272 267 archangelus
1296 222 1448 259 Michael
1475 223 1517 258 de
1543 224 1644 258 Anti-

257 291 387 324 ‹hristo
413 288 597 322 habiturus
625 291 699 329 est,
733 287 872 333 quando
906 289 1017 332 ipsum
1053 286 1200 323 occidet.
1250 287 1351 322 Tunc
1374 290 1461 323 enim
1489 288 1641 324 Michael

258 358 420 399 princeps
447 364 615 400 magnus,
640 357 677 388 nt
705 353 833 387 dicitur
856 352 993 387 Daniel.
1019 351 1118 396 xii„
1152 357 1344 399 consurget
1368 358 1403 388 et
1430 365 1493 398 pro
1521 354 1642 390 electis

259 427 423 466 tanquam
455 420 596 465 adjiitor
631 423 666 455 et
699 423 880 464 protector
911 422 1034 453 contra
1068 417 1319 453 Antichristum
1355 418 1494 453 sortiter
1527 420 1645 454 stabit.

262 487 392 522 Deinde
419 486 672 527 Antichristus,
704 489 741 519 ut
766 484 850 519 dicit
875 484 1003 519 Glossa
1031 484 1178 528 Apocal.
1207 483 1285 518 XIII
1310 495 1416 529 super
1440 484 1545 519 illud:
1578 484 1648 520 vidi

261 564 361 587 unum
397 553 440 588 de
471 552 644 597 capitibus
683 553 758 596 ejus
790 552 943 585 occisum
977 556 1056 591 ete.,
1092 554 1261 584 mortuum
1297 561 1335 585 se
1372 550 1479 597 finget
1515 554 1549 585 et
1586 560 1649 595 per

262 619 409 653 triduum
435 619 550 653 latens
576 622 702 663 postea
726 618 912 662 apparebit
945 616 1064 651 dicens
1097 626 1135 651 se
1167 617 1370 650 suscitatum
1406 620 1551 661 arteque
1577 624 1651 649 nia--

262 686 343 729 gica
377 683 570 718 serentibus
603 694 679 717 eum
712 681 940 716 daemonibus
978 685 1011 716 in
1050 686 1133 716 aera
1168 681 1362 716 adscendet
1401 686 1435 716 et
1476 681 1652 715 universis

266 749 473 784 mirantibus
498 747 697 782 adorabunt
721 758 808 782 eum.
859 747 1015 781 Tandem
1042 749 1076 781 in
1102 750 1250 781 montem
1275 747 1395 781 oliveti
1421 746 1652 787 adscendens,

264 819 300 849 ut
334 814 422 849 dicit
454 813 582 848 Giossa
612 823 719 857 super
751 811 838 846 illud
871 810 900 845 11
935 812 1102 847 Thessal.
1127 811 1191 847 ll.:
1227 823 1326 856 quein
1362 813 1520 847 dominus
1550 812 1655 848 Jesns

266 880 452 914 interficiet
473 884 553 921 etc„
579 879 658 913 dum
685 878 794 912 stabit
821 879 853 912 in
880 878 1060 923 papilione
1085 882 1120 913 et
1143 879 1176 911 in
1203 877 1293 911 solio
1320 887 1383 911 suo
1410 878 1444 911 in
1472 877 1532 911 illo
1564 878 1655 919 loco,

267 950 389 980 contra
421 955 520 991 quem
554 943 713 978 dominus
747 944 952 985 adscendit,
989 943 1145 979 Mic-hae!
1179 943 1371 978 adveniens
1405 944 1516 987 ipsum
1548 943 1655 976 inter-

267 1012 371 1046 ficiet.
420 1011 471 1045 De
503 1021 571 1056 quo
607 1010 742 1054 praelio
769 1014 803 1045 et
828 1010 977 1044 victoria
1001 1009 1211 1055 intelligitur
1238 1008 1426 1044 secundum
1452 1007 1658 1054 Gregoriuin

270 1077 377 1119 illud,
416 1075 510 1121 quod
544 1074 671 1109 dieitur
704 1076 851 1120 Apocal.
885 1074 964 1109 XII:
1004 1074 1132 1108 factum
1159 1079 1213 1109 est
1238 1074 1409 1119 proelium
1435 1084 1595 1120 magnum
1625 1074 1659 1108 in

270 1142 392 1184 coele,
418 1140 573 1176 Michael
599 1144 662 1175 etc.
710 1139 801 1174 Illud
827 1142 915 1176 enim
946 1140 1086 1175 verbum
1107 1140 1150 1175 de
1170 1140 1298 1185 triplici
1318 1140 1455 1184 proelio
1472 1138 1660 1174 Michaelis

271 1209 503 1254 intelligitur3
539 1206 673 1240 scilicet
707 1206 750 1240 de
790 1206 946 1251 proelio,
983 1205 1077 1251 quod
1110 1205 1232 1240 habuit
1264 1216 1338 1239 cum
1363 1204 1551 1247 Lucifero,
1585 1215 1660 1239 cum

271 1277 384 1320 ipsum
410 1273 453 1308 de
479 1272 579 1308 coelo
610 1272 750 1317 repulit,
777 1276 812 1307 et
839 1271 881 1307 de
907 1271 1055 1317 proelio,
1083 1271 1176 1316 quod
1201 1281 1275 1305 cnm
1299 1270 1528 1306 daemonibus
1554 1269 1663 1305 habet

273 1351 336 1375 nos
366 1338 634 1380 infestantibus,
664 1342 698 1373 et
724 1338 767 1373 de
792 1340 879 1379 isto,
907 1337 949 1372 de
977 1348 1044 1382 quo
1071 1336 1129 1372 hic
1153 1338 1284 1382 agitur,
1309 1336 1402 1382 qnod
1428 1336 1566 1371 scilicet
1587 1347 1662 1371 cum

274 1406 490 1442 Antichristo
518 1406 552 1438 in
577 1404 643 1439 fine
667 1404 784 1438 mundi
809 1403 992 1438 habiturus
1019 1406 1084 1438 est.
1133 1402 1258 1437 Tertio
1290 1401 1346 1436 hic
1370 1402 1586 1436 sollemnitas
1611 1402 1664 1436 di-

273 1475 363 1507 eitnr
396 1471 571 1506 dedicatio
610 1481 651 1505 ex
685 1481 747 1512 eo,
781 1469 874 1515 quod
905 1469 972 1503 hac
1008 1468 1065 1504 die
1103 1468 1318 1513 praedictum
1353 1467 1463 1502 locum
1491 1468 1524 1501 in
1550 1471 1664 1503 monte

277 1538 441 1583 Gargano
468 1548 488 1571 a
516 1548 552 1572 se
579 1536 776 1571 dedicatum
804 1536 914 1570 fnisse
939 1534 1094 1570 Michael
1113 1534 1350 1580 archangelus
1370 1533 1551 1569 revelavit.
1596 1532 1664 1569 Re-

278 1604 370 1638 vcrsi
396 1604 484 1637 enim
503 1602 691 1646 SJpontani
720 1613 739 1636 a
765 1601 874 1636 caede
899 1600 1180 1635 adversariorum
1207 1604 1241 1635 et
1265 1605 1333 1634 tam
1358 1598 1544 1646 magnilica
1565 1600 1666 1644 potiti

280 1670 427 1703 victoria
452 1667 564 1701 adhue
591 1667 751 1701 dubitare
776 1671 980 1711 coeperunt,
1006 1670 1117 1701 utrum
1145 1666 1360 1711 praedictum
1385 1666 1498 1700 locum
1527 1665 1667 1711 ingredi

280 1735 334 1770 x‘el
368 1735 530 1769 dedicare
564 1732 742 1767 deberent.
793 1731 891 1765 Tunc
926 1734 1113 1776 episcopus
1160 1732 1258 1766 duxit
1301 1742 1408 1776 super
1447 1731 1501 1765 his
1542 1741 1666 1776 papam

280 1801 457 1846 Pelagium
483 1798 729 1833 consulendum
746 1826 753 1839 ,
785 1798 840 1842 qui
870 1796 1053 1841 respondit
1077 1797 1214 1831 dicens:
1250 1798 1278 1830 si
1306 1796 1408 1830 homo
1434 1797 1528 1831 illam
1556 1797 1665 1831 eccle-

279 1868 366 1900 siam
404 1865 568 1899 dedicare
603 1864 770 1904 deberet,
812 1862 876 1896 hoc
911 1864 1056 1897 maxime
1094 1862 1171 1904 die,
1209 1874 1276 1907 quo
1314 1863 1461 1896 victoria
1493 1862 1575 1896 data
1601 1867 1665 1903 est,

279 1932 353 1965 lieri
382 1934 578 1974 oporteret,
614 1932 642 1963 si
681 1940 762 1963 vero
798 1929 901 1962 aliter
935 1933 1056 1962 sancto
1089 1929 1254 1963 llliehaeli
1286 1928 1473 1973 placuerit,
1508 1927 1551 1961 ab
1589 1929 1665 1972 ipso

280 2001 334 2032 est
369 2007 475 2040 super
511 1995 577 2028 hoc
610 1996 685 2039 ejus
719 1994 928 2039 requirenda
965 1994 1137 2028 voluntas.
1188 1994 1402 2027 Instantibns
1437 1994 1545 2038 igitur
1577 2004 1668 2039 papa

280 2068 313 2097 et
341 2064 508 2106 episcopo
535 2071 607 2094 eum
625 2060 761 2093 eiiihus
783 2059 943 2107 triduano
966 2059 1103 2103 jejunio
1124 2058 1276 2093 Miehael
1297 2060 1329 2092 in
1352 2058 1416 2092 hac
1435 2058 1491 2093 die
1506 2063 1669 2104 apparuit

282 2130 450 2172 episcopo
473 2125 612 2159 dicens:
640 2136 707 2158 non
729 2129 781 2159 est
808 2135 895 2169 opus
923 2124 1036 2166 vohis,
1064 2135 1164 2169 quam
1189 2135 1256 2170 ego
1277 2123 1473 2166 aedificavi,
1504 2124 1671 2161 dedicare

284 2193 489 2233 ecelesiam,
518 2192 594 2235 ipse
629 2192 736 2231 enim,
774 2192 830 2235 qni
856 2190 1017 2232 condidi,
1044 2190 1225 2232 dedicavi,
1253 2192 1520 2235 praecepitque,
1555 2195 1591 2225 ut
1615 2191 1670 2227 die

282 2259 442 2303 sequenti
464 2258 574 2290 locum
594 2267 666 2290 enm
690 2256 819 2301 populo
839 2256 1042 2302 ingrediens
1064 2257 1175 2300 ipsum
1192 2266 1266 2290 eum
1287 2255 1449 2301 precibus
1470 2256 1669 2301 frequenta-

284 2328 359 2359 rent
392 2327 425 2357 et
462 2333 499 2357 se
534 2321 722 2366 specialem
756 2332 851 2355 snum
884 2326 1064 2366 patronum
1092 2323 1280 2364 sentirent,
1318 2321 1482 2366 deditque
1509 2324 1539 2357 ei
1566 2333 1669 2368 prae-

285 2390 402 2423 dietae
429 2388 706 2422 consecrationis
735 2388 891 2432 signnm,
918 2391 952 2420 ut
979 2387 1113 2421 scilieet
1139 2386 1181 2421 ab
1208 2389 1343 2422 oriente
1371 2398 1433 2432 per
1458 2389 1669 2432 posterulam

285 2454 539 2489 adscenderent
572 2458 605 2487 et
644 2452 768 2485 ibidem
809 2454 960 2498 vestigia
997 2453 1147 2487 hominis
1182 2454 1353 2497 impressa
1387 2454 1549 2488 mni-mori
1573 2454 1669 2488 inve—

286 2522 328 2554 ι.Ξ.
342 2523 408 2553 ent.
457 2519 561 2554 Nune
584 2520 689 2561 igitur
713 2519 899 2563 episcopus
916 2522 949 2553 et
966 2519 1150 2552 universus
1171 2518 1319 2563 populus
1339 2518 1382 2552 ad
1404 2519 1516 2553 locum
1535 2519 1671 2553 veniunt

287 2591 317 2618 et
347 2584 642 2627 inti-ogledientes
670 2588 821 2628 cryptam
851 2594 1007 2629 magnam
1034 2588 1068 2618 et
1094 2585 1163 2618 tria
1187 2584 1316 2618 altaria
1342 2585 1557 2623 invenerunt,
1585 2595 1671 2628 quo-

289 2660 357 2681 ium
393 2649 459 2682 duo
494 2651 524 2682 in
558 2650 703 2683 misti-aii
734 2654 831 2694 purte
861 2651 976 2694 posita
1003 2654 1123 2691 erunt,
1159 2650 1294 2683 tertium
1324 2658 1404 2682 vero
1435 2649 1468 2681 in
1496 2649 1670 2692 orientali,

291 2713 518 2747 tenet-nmium
549 2714 685 2757 quidem
715 2719 745 2748 et
774 2715 879 2749 rnhen
901 2715 1006 2759 pullio
1030 2716 1294 2749 circumtectum,
1348 2712 1544 2748 Celeliintis
1567 2716 1671 2761 igitur
