1742 3005
223 106 315 147 368.
428 107 524 157 Cap.
557 103 769 142 LXXXIX.
829 104 887 140 De
919 111 1049 141 sancto
1079 103 1192 141 Petro
1224 104 1412 155 apostolo.

225 213 408 249 concilium
439 210 654 250 celebravit,
690 207 788 242 solas
816 209 970 253 virgines
1010 207 1137 243 ibidem
1175 209 1323 252 ¹)velari
1357 209 1528 249 instituit,
1565 207 1610 242 ibi

223 281 325 314 etiam
346 279 510 311 statutum
533 274 609 316 suit,
636 278 673 307 ut
693 275 792 319 virgo
808 272 1379 318 MariamaterDeiappellaretur.
1403 274 1453 310 Eo
1473 285 1611 319 quoque

222 350 378 389 tempore
404 341 515 377 Attila
538 340 674 375 ltaliam
700 339 932 381 devastabat,
967 340 1077 384 igitur
1110 343 1252 372 sanetus
1286 339 1360 374 Leo
1393 342 1427 373 in
1462 340 1611 374 eeclesia

222 408 463 454 apostolorum
496 405 611 441 tribus
647 404 772 440 diebus
805 409 840 439 et
872 404 985 438 tribus
1018 404 1180 439 noctibus
1205 405 1354 439 orationi
1379 414 1506 438 vacans
1533 409 1610 449 post

223 476 289 509 hoe
315 474 404 508 dixit
429 472 474 507 ad
499 483 603 507 suos:
641 472 700 517 qui
735 471 808 506 vult
840 481 894 505 me
919 471 1040 515 sequi,
1079 474 1257 515 sequatur.
1309 470 1392 504 Cum
1427 471 1535 516 igitur
1567 469 1611 504 ad

221 540 365 576 Attilam
401 539 743 584 appropinquasset,
776 537 836 571 ille
874 541 910 570 ut
941 536 1081 570 beatum
1114 536 1270 571 Leonem
1303 535 1411 578 vidit,
1447 535 1490 570 de
1522 546 1610 580 equo

222 593 405 640 deseendit
433 605 579 649 ejusque
606 603 756 648 pedibus
783 602 987 651 provolutus
1015 603 1173 646 rogavit,
1198 606 1236 635 ut
1262 605 1416 646 peteret,
1444 600 1613 646 quidquid

223 672 338 706 vellet.
389 671 454 709 Qui
479 670 600 713 petiit,
627 673 665 702 ut
690 669 733 702 ab
760 668 863 702 Italia
886 666 1083 702 discederet
1108 671 1141 701 et
1170 668 1329 712 captivos
1356 667 1551 708 relaxaret,
1581 671 1637 701 et*

221 738 299 770 dum
325 738 534 780 argueretur
562 744 582 767 a
607 735 704 774 suis,
741 732 836 778 quod
863 731 1096 776 triumphator
1121 732 1217 766 orbis
1244 742 1265 766 a
1292 732 1478 766 sacerdote
1504 734 1613 767 victus

222 805 328 841 esset,
365 799 565 843 respoudit:
600 798 738 843 providi
767 797 851 831 mihi
884 801 918 831 et
942 796 1067 832 vohis,
1104 797 1175 831 vidi
1208 799 1296 832 enim
1332 807 1353 832 a
1379 799 1510 833 dextris
1536 799 1612 842 ejus

221 867 447 901 fortissimum
484 864 626 898 militem
659 864 848 909 evaginato
885 861 1006 907 gladio
1046 867 1193 897 stantem
1229 863 1382 908 mihique
1422 864 1611 898 dicentem:

221 933 289 966 nisi
313 931 393 965 huie
418 931 599 974 parueris,
637 940 712 963 oum
743 929 903 963 omnibus
936 930 1004 962 tuis
1043 929 1214 963 interibis.
1265 930 1347 964 Cum
1382 929 1507 964 beatus
1538 928 1612 963 Leo
1656 926 1662 930 ’

221 997 404 1042 epistolam
439 995 483 1029 ad
515 995 706 1029 Fabianum
743 996 945 1039 episcopum
979 995 1401 1040 Constantiuopolitanum
1442 995 1612 1029 adversus

220 1062 424 1107 Eutychiani
455 1065 490 1095 et
525 1060 724 1094 Nestorium
752 1061 978 1104 scripsisset,
1021 1071 1128 1104 super
1152 1061 1373 1105 sepulchrum
1398 1061 1494 1095 beati
1518 1060 1611 1095 Petri

220 1130 330 1172 ipsam
359 1127 477 1171 posuit
502 1129 535 1160 et
554 1126 702 1170 jejuniis
729 1130 763 1159 et
788 1125 1006 1160 orationibus
1040 1127 1205 1160 insistens
1239 1126 1345 1160 dixit:
1383 1126 1550 1171 quidquid
1578 1126 1611 1159 in

221 1193 285 1227 hac
311 1191 464 1237 epistola
486 1194 523 1224 ut
547 1190 650 1224 bomo
677 1192 813 1231 erravi,
838 1194 887 1233 tu,
916 1192 970 1224 cui
997 1191 1147 1225 ecelesia
1171 1194 1355 1226 commissa
1380 1196 1445 1233 est,
1472 1192 1611 1235 corrige

221 1263 254 1293 et
284 1257 438 1292 emenda.
488 1255 530 1290 Et
567 1259 647 1300 post
682 1255 759 1290 dies
793 1255 856 1289 XL
894 1258 1008 1290 oranti
1045 1257 1097 1290 iili
1122 1257 1245 1292 Petrus
1277 1260 1441 1303 apparuit
1468 1257 1610 1292 diceus:

219 1325 290 1369 legi
317 1327 351 1358 et
378 1321 580 1364 emendavi,
607 1322 854 1367 accipiensque
879 1322 952 1356 Leo
979 1322 1162 1366 epistolam
1197 1325 1328 1358 invenit
1352 1334 1425 1358 eam
1452 1324 1611 1357 manibus

218 1388 373 1434 apostoli
398 1392 591 1423 correctam
617 1392 652 1422 et
679 1387 904 1422 emendatam.
953 1388 1052 1422 Alias
1081 1390 1185 1423 etiam
1211 1389 1399 1433 sepulchro
1426 1389 1519 1423 beati
1545 1389 1607 1423 Pe-

217 1456 261 1488 tri
296 1453 358 1487 XL
394 1453 519 1488 diebus
553 1455 702 1499 jejuniis
733 1443 768 1488 et
802 1455 1022 1488 orationibus
1054 1454 1129 1489 Leo
1163 1455 1300 1489 adstitit
1326 1454 1540 1498 obsecrans,
1576 1459 1612 1489 ut

219 1530 358 1553 suorum
385 1519 454 1553 sibi
480 1523 699 1564 peecatorum
727 1519 859 1554 veniam
888 1520 1101 1564 impetraret.
1151 1521 1213 1555 Cui
1241 1522 1366 1555 beatus
1394 1521 1516 1556 Petrus
1545 1531 1606 1565 ap-

218 1594 345 1628 parens
372 1584 477 1617 dixit:
505 1584 712 1628 deprecatus
734 1594 807 1618 suin
834 1595 896 1629 pro
923 1589 957 1619 te
983 1585 1154 1620 dominum
1182 1591 1216 1622 et
1240 1588 1356 1621 omnia
1381 1590 1526 1631 peccata
1553 1590 1611 1620 tua

220 1650 361 1683 dimisit.
411 1649 634 1684 Solummodo
662 1649 703 1684 de
730 1660 888 1683 manuum
917 1651 1140 1695 impositione
1167 1652 1275 1688 debes
1306 1654 1451 1698 inquiri,
1480 1652 1514 1686 id
1544 1656 1608 1693 est,

218 1718 247 1749 si
276 1716 364 1751 bene
391 1718 465 1750 sive
498 1715 601 1749 aliter
626 1715 731 1749 alicui
755 1724 877 1749 manus
908 1717 1139 1760 imposueris,
1178 1720 1345 1764 exigeris.
1396 1718 1492 1753 Obiit
1516 1719 1610 1752 eirca

217 1791 326 1815 :runos
355 1781 483 1815 domini
510 1780 699 1815 CCCCLX.

636 2011 761 2073 ml’.
797 2012 1031 2074 Lxxxlx.
1057 2012 1188 2077 (84.)

455 2111 554 2154 De
586 2111 809 2155 saneto
837 2112 1034 2157 Petro
1065 2112 1368 2168 apostolo.

306 2207 427 2241 Petrus
466 2210 648 2242 trinomius
684 2210 838 2250 exstitit,
881 2213 1024 2243 vocatus
1068 2213 1154 2245 enim
1193 2215 1244 2245 est
1281 2211 1407 2255 Symon
1442 2209 1606 2246 Bai-iona,

215 2275 340 2316 Sj‘mon
371 2274 621 2317 interpretatur
647 2273 818 2308 obediens
847 2275 898 2307 ιϊΙ
936 2286 1068 2318 ponens
1094 2277 1291 2317 tristitiam,
1333 2275 1483 2309 Bariona
1518 2276 1607 2309 tilius

216 2337 416 2380 columbae,
456 2337 519 2371 bar
554 2327 674 2383 lingua
712 2339 799 2383 S>ra
834 2339 944 2381 iilius,
984 2340 1073 2373 ‚lona
1111 2340 1276 2376 hebraice
1312 2341 1482 2375 columba.
1530 2340 1608 2375 Fuit

216 2405 303 2436 enim
331 2403 514 2444 obediens,
542 2403 679 2447 quando
708 2403 868 2437 (nn-istus
897 2416 970 2439 eum
1003 2408 1151 2442 vocavit.
1180 2411 1213 2441 ct
1240 2406 1282 2440 ad
1310 2408 1410 2441 unius
1432 2406 1605 2451 ‚jussionis

218 2480 335 2502 vocem
364 2469 502 2502 domino
533 2468 707 2505 obedivit,
736 2480 869 2513 ponens
895 2471 1097 2513 tristitiam,
1133 2472 1271 2517 (putrido
1298 2472 1469 2506 Christum
1495 2481 1604 2514 nega--

218 2535 283 2573 xit,
320 2545 392 2567 cum
430 2543 596 2579 egressus
638 2532 732 2567 seras
770 2534 866 2568 flevit
897 2545 1037 2575 amare,
1072 2537 1161 2571 tilius
1188 2538 1389 2574 columbae,
1427 2537 1505 2581 quia
1534 2535 1604 2569 itt-0

215 2598 363 2639 simplis-i
401 2600 591 2632 intentione
627 2600 781 2633 servivit.
832 2601 995 2636 Secundo
1036 2607 1179 2647 vocatus
1215 2608 1267 2638 est
1298 2602 1476 2647 Caipbas‚
1512 2601 1603 2647 quod

283 2706 308 2737 1)
327 2707 436 2730 vm-v-n.
460 2716 469 2729 ι.
487 2706 543 2731 vla
557 2707 583 2731 rn'
606 2708 714 2734 ‹nnittit
738 2708 786 2737 Ed,
810 2712 851 2735 l’r.
