1742 3005
275 69 351 108 1232
521 69 614 118 Cap.
645 67 778 104 XLIV.
845 66 902 103 De
932 66 1113 104 cathedra
1144 66 1263 103 sancti
1296 66 1413 104 Petri.

273 185 357 210 vero
383 174 629 219 poenitentiam
654 181 764 217 agens
790 173 912 206 iterum
938 169 1193 206 honorabiliter
1213 182 1289 206 eum
1313 173 1456 216 recepit.
1507 171 1577 206 llor-
1601 182 1663 206 au-

273 244 342 274 tem
367 240 491 273 festum
518 237 560 271 de
586 235 887 270 incathedratione
918 236 1030 269 sancti
1064 234 1158 270 Petri
1191 238 1373 271 consuevit
1398 236 1571 281 appellari
1595 236 1666 271 fes-

275 309 345 338 tum
372 302 551 347 epularum
588 301 683 336 beati
715 301 810 336 Petri
842 304 877 335 et
910 299 989 334 hinc
1020 302 1126 336 tertia
1149 302 1239 335 ratio
1266 303 1411 335 sumitur
1436 303 1666 336 institutionis

275 369 378 414 hujtls
406 368 509 409 festi,
551 365 766 401 consuetudo
795 367 883 400 enim
918 365 983 399 fuit
1017 366 1208 410 antiquitus
1233 365 1413 410 gentilium
1441 367 1497 411 (ut
1521 368 1570 401 ait
1593 376 1665 401 ma-

276 435 389 479 gister
412 431 591 467 ,lohannes
615 430 769 476 Beleth)
805 431 954 476 singulis
987 431 1088 464 annis
1122 432 1156 463 in
1192 440 1310 465 mense
1344 429 1537 465 Februario
1570 436 1666 466 certo

278 498 334 533 die
359 498 480 542 epulas
506 498 632 532 offerre
659 507 766 541 super
797 496 946 530 tumulos
976 499 1157 540 parentum
1189 506 1328 530 suorum
1355 500 1389 530 et
1413 506 1474 531 eas
1500 496 1542 530 de
1567 500 1668 530 nocte

278 563 465 598 daemones
497 561 767 604 consumebant,
816 562 883 606 ipsi
918 564 1032 595 autem
1064 560 1107 594 ab
1142 561 1322 595 animabus
1358 562 1484 595 circum
1518 561 1669 595 tumulos

279 627 490 669 errantibuS‚
518 637 604 671 quas
632 626 772 660 umbras
798 625 984 667 vocabant,
1013 627 1144 660 vastari
1171 625 1351 670 putabant.
1386 625 1555 661 Solebant
1580 628 1669 661 enim

279 694 414 737 antiqui
440 692 555 726 dicere
580 693 635 736 (ut
660 691 749 725 idem
776 691 866 733 ait),
911 690 1024 734 quod,
1058 691 1196 736 quando
1221 693 1256 724 in
1279 690 1437 725 humanis
1463 691 1669 736 corporibus

280 761 378 794 sunt,
420 756 579 790 dicuntur
603 757 760 797 animae,
812 756 846 787 in
872 754 993 788 inferis
1018 765 1158 794 manes,
1206 757 1349 800 spiritus
1374 766 1457 790 vero
1485 756 1669 797 vocabant,

281 821 420 867 quando
447 820 492 855 ad
519 820 638 854 coelos
663 818 935 861 adscendebant,
960 818 1114 861 umbras,
1141 820 1280 864 quando
1306 828 1426 854 reeens
1452 824 1529 854 erat
1552 821 1669 865 sepul-

279 891 359 921 tura
384 888 458 920 sive
485 885 623 931 quando
647 887 742 920 circa
767 884 916 919 tumulos
942 885 1118 919 errabant.
1190 884 1283 920 Haec
1318 889 1432 920 autem
1455 885 1671 920 consuetudo

282 951 325 986 de
350 951 463 996 ep'ulis
488 952 545 985 vix
571 960 593 984 a
616 950 816 985 christianis
845 952 956 995 potuit
980 951 1189 995 exstirpari,
1218 950 1310 995 qnod
1335 953 1447 986 sancti
1471 955 1590 996 patres
1617 955 1670 985 at-

280 1016 463 1051 tendentes
491 1020 525 1050 et
548 1018 686 1060 penitus
704 1016 769 1050 hoc
786 1018 982 1060 exstirpare
998 1015 1154 1049 volentes
1170 1015 1293 1049 festum
1315 1015 1356 1051 de
1371 1016 1672 1052 incathedratione

282 1082 378 1116 beati
402 1080 518 1123 Petri,
556 1085 626 1115 tum
654 1081 695 1116 de
721 1081 804 1123 illa,
833 1091 922 1127 quae
948 1081 1013 1115 fuit
1038 1080 1167 1115 Romae
1185 1109 1192 1121 ‚
1217 1084 1286 1114 tum
1313 1081 1355 1117 de
1381 1082 1464 1123 illa,
1492 1092 1582 1127 quae
1607 1082 1673 1116 fuit

282 1145 514 1189 Antiochiae,
549 1150 764 1188 statuerunt3
815 1146 876 1180 illo
905 1146 1038 1180 scilicet
1064 1145 1184 1180 eodem
1210 1146 1287 1189 die,
1323 1158 1391 1192 quo
1416 1147 1504 1181 talia
1529 1146 1671 1189 fiebant,

283 1211 374 1246 unde
399 1211 443 1245 ab
470 1212 540 1246 illis
566 1212 679 1256 epulis
706 1211 817 1245 adhuc
845 1211 889 1245 ab
908 1211 1083 1256 aliquibus
1109 1212 1233 1246 festum
1260 1212 1439 1256 epularum
1464 1212 1559 1247 beati
1578 1212 1672 1247 Petri

284 1281 438 1311 vocatur.
502 1277 634 1317 Quarto
659 1278 818 1311 instituta
848 1281 900 1311 est
925 1281 1069 1322 propter
1092 1279 1321 1311 reverentiam
1351 1288 1502 1312 coronae
1527 1279 1672 1313 clerica-

285 1342 348 1384 lis3
376 1341 562 1376 notandum
581 1343 682 1385 enim,
709 1342 800 1387 qnod
820 1344 925 1388 juxta
949 1342 1144 1388 aliquorum
1170 1342 1390 1376 traditionem
1415 1353 1547 1377 corona
1570 1343 1672 1378 cleri-

286 1417 403 1441 corum
428 1407 483 1442 hic
513 1409 623 1452 primo
651 1409 773 1442 sumsit
797 1409 941 1442 initium.
974 1407 1061 1442 Nam
1089 1407 1167 1441 dum
1192 1407 1315 1443 Petrus
1342 1407 1548 1443 Antiochiae
1572 1418 1675 1454 prae—

288 1472 441 1515 dicaret,
492 1474 526 1506 in
551 1473 791 1507 contumeliam
819 1475 965 1507 nominis
989 1473 1167 1508 christiani
1195 1475 1421 1508 summitatem
1449 1474 1525 1518 ejus
1550 1474 1675 1518 capitis

288 1537 509 1576 abraserunt.
536 1538 626 1582 quod
654 1538 790 1583 quidem
815 1539 1033 1583 postmodum
1056 1540 1121 1572 toti
1145 1539 1238 1573 clero
1264 1538 1414 1572 traditur
1438 1539 1471 1571 in
1496 1538 1675 1579 honorem,

290 1603 382 1647 quod
408 1613 471 1647 pro
499 1602 638 1636 Christo
664 1605 903 1648 apostolorum
931 1606 1079 1649 principi
1111 1605 1144 1637 in
1171 1603 1412 1638 contumeliam
1448 1602 1562 1638 suerat
1587 1604 1676 1637 irro-

288 1672 419 1714 gatum.
490 1667 590 1702 Circa
623 1672 736 1702 autem
772 1671 883 1714 ipsam
914 1680 1075 1704 coronam
1110 1669 1312 1703 clericorum
1347 1669 1417 1702 tria
1441 1668 1676 1711 attenduntur,

289 1733 422 1767 scilicet
447 1734 573 1777 capitis
596 1732 760 1775 abrasio,
795 1735 1001 1779 capillorum
1028 1735 1244 1770 detruncatio
1270 1737 1304 1767 et
1329 1732 1460 1768 formae
1484 1733 1676 1767 circulatio.

290 1797 443 1833 Abrasio
460 1802 572 1832 autem
587 1800 807 1843 insuperiori
822 1805 922 1845 parte
934 1802 1058 1844 capitis
1073 1801 1109 1833 tit
1122 1799 1249 1843 triplici
1266 1799 1414 1839 ratione,
1438 1809 1580 1843 quarum
1590 1798 1677 1831 duas

292 1865 453 1909 assignat
474 1862 661 1907 D50111sius
689 1865 723 1897 in
750 1865 901 1899 Coelesti
926 1864 1129 1899 llierarchia
1159 1864 1296 1898 dicens:
1345 1862 1505 1897 detonsio
1531 1862 1678 1907 capillo-

291 1939 364 1962 rum
389 1929 563 1975 signilicat
589 1928 745 1962 mundam
771 1933 805 1963 et
831 1940 898 1963 non
927 1929 1142 1964 formabilem
1168 1931 1285 1969 vitam,
1311 1927 1355 1961 ad
1371 1927 1574 1972 capillorum
1590 1928 1677 1961 enim

292 1993 531 2028 detonsionem
556 1995 631 2028 sive
654 1995 779 2038 capitis
805 1994 1026 2028 abrasionem
1050 1996 1119 2028 tria
1143 1997 1353 2039 sequuntur,
1388 1992 1522 2027 scilicet
1546 1992 1678 2027 mundi-

292 2061 362 2093 tiae
387 2060 630 2100 conservatio,
681 2058 889 2094 deformatio
916 2064 950 2094 et
978 2059 1176 2094 denudatio.
1226 2058 1420 2094 Munditiae
1444 2059 1678 2098 conservatio,

293 2127 376 2169 quia
401 2134 442 2157 ex
468 2124 605 2168 capillis
631 2124 754 2159 sordes
779 2126 811 2158 in
837 2124 951 2170 capite
980 2129 1242 2171 aggregantur,
1268 2123 1488 2165 deformatio,
1517 2125 1599 2169 quia
1621 2133 1680 2157 ca-

293 2189 367 2234 pilli
395 2189 437 2222 ad
465 2195 622 2222 ornatum
647 2194 747 2230 sunt,
798 2191 971 2235 significat
996 2200 1081 2235 ergo
1105 2193 1248 2223 tonsura
1269 2187 1426 2222 mundam
1453 2192 1486 2222 et
1511 2198 1579 2222 non
1609 2188 1679 2222 for-

295 2253 453 2288 mabilem
491 2255 607 2287 vitam.
683 2254 752 2288 Hoc
782 2256 868 2288 enim
895 2255 1090 2300 significat,
1140 2254 1232 2299 qnod
1256 2254 1373 2289 clerici
1398 2253 1525 2288 debent
1550 2252 1680 2288 habere

294 2318 494 2352 munditiam
531 2320 654 2353 mentis
690 2320 834 2354 interius
868 2323 903 2354 ct
940 2331 1008 2353 non
1044 2320 1259 2354 formabilem
1294 2319 1326 2353 id
1357 2323 1411 2354 est
1433 2329 1501 2353 non
1526 2319 1680 2363 exquisi-

293 2389 362 2418 tum
389 2383 545 2418 habitum
571 2385 736 2419 exterius.
784 2384 979 2420 Denudatio
1006 2389 1119 2420 autem
1146 2385 1332 2430 signifieat,
1361 2383 1453 2429 quod
1477 2386 1567 2418 inter
1590 2393 1628 2418 se
1648 2388 1683 2418 et

294 2449 400 2484 Deum
427 2448 512 2483 nihil
539 2448 644 2484 debet
670 2459 749 2484 esso
775 2450 920 2485 medium
936 2479 943 2492 ,
978 2451 1040 2485 sed
1066 2450 1262 2485 immediate
1287 2450 1360 2485 Deo
1386 2449 1515 2484 debent
1538 2450 1627 2482 uniri
1648 2453 1682 2483 et

299 2515 334 2556 ¹)
359 2515 517 2549 revelata
544 2514 633 2549 facie
663 2514 789 2548 domini
816 2509 966 2561 gloriam
992 2516 1178 2561 speculari.
1227 2515 1439 2561 Capillorum
1465 2513 1682 2548 detruncatio

363 2660 388 2692 l)
409 2662 527 2686 Rvet-nh
549 2659 699 2687 elevata
721 2660 820 2692 legunt
