1742 3005
233 105 313 144 482
541 104 635 152 Cap.
670 101 805 138 CXnt.
866 101 921 137 De
953 105 1083 137 sancto
1119 99 1334 136 Dominico.

245 208 327 251 ¹)Et
368 209 436 241 ait:
481 205 567 239 haee
613 205 730 238 unctio
775 208 829 238 est
877 203 977 239 valde
1019 205 1200 248 pretiosa,
1237 203 1350 239 dulcis
1388 206 1423 238 ct
1463 201 1631 236 difficilis.

240 275 348 319 Cujus
386 270 485 306 verbi
526 280 601 304 eum
638 269 762 303 mulier
796 271 993 315 requireret
1024 271 1214 312 rationem,
1248 270 1355 305 dixit:
1398 269 1484 304 haec
1515 269 1633 302 unctio

244 338 444 374 dilectionis
489 340 543 371 est
583 337 735 382 signum,
780 345 870 381 quae
913 335 1078 370 videlicet
1114 337 1273 381 pretiosa
1304 339 1380 378 est,
1424 336 1507 380 quia
1539 332 1635 368 nullo

243 406 358 450 pretio
385 404 451 438 emi
476 406 595 447 potest
620 406 654 437 et
681 403 763 447 quia
789 403 823 435 in
849 401 951 435 donis
976 401 1039 436 Dei
1064 401 1192 435 nullum
1214 404 1267 436 est
1286 401 1408 436 melius
1436 400 1636 440 dilectione,

242 471 368 513 dulcis,
396 471 479 514 quia
500 467 588 502 nihil
613 467 749 502 dulcius
776 470 936 510 caritate,
964 467 1134 510 difficilis,
1161 468 1244 513 quia
1270 468 1339 501 cito
1365 465 1543 511 perditur,
1570 465 1638 498 nisi

243 540 343 572 caute
364 534 569 570 custoditur.
594 533 676 579 Ipsa
694 536 796 569 etiam
819 539 921 569 nocte
931 535 1046 569 sorori
1067 544 1152 569 suae
1171 535 1204 568 in
1223 533 1426 567 dormitorio
1446 532 1639 577 quiescenti

244 602 409 647 apparuit
443 600 586 635 dicens:
620 611 687 646 ego
724 602 847 635 sanavi
881 611 1038 635 sororem
1072 604 1185 642 tuam3
1219 609 1310 645 quae
1344 608 1488 634 currens
1528 599 1639 643 ipsam

246 672 404 703 sanatam
436 668 578 701 invenit.
629 667 726 706 Quae
759 677 832 701 cum
866 677 905 702 se
939 668 1042 702 etiam
1075 666 1234 702 sensibili
1266 667 1429 700 unctione
1466 666 1639 699 inunctam

247 735 414 775 sentiret,
442 734 552 776 ipsam
579 741 653 765 cum
682 731 844 767 bombice
871 737 905 767 ct
930 734 1128 767 reverentia
1153 733 1260 766 multa
1287 732 1443 766 extersit.
1495 732 1527 774 2)
1545 730 1641 769 Quae

246 810 321 834 cum
347 798 553 832 abbatissae
581 801 615 831 et
643 797 840 832 consessori
866 801 900 832 et
924 798 1041 832 sorori
1065 799 1181 832 omnia
1204 798 1406 839 retulisset,
1445 800 1478 831 et
1502 797 1639 830 unctio—

250 876 326 900 nem
362 866 396 899 in
433 864 594 898 bombice
629 867 914 908 praesentasset,
958 866 1056 897 tauta
1100 868 1134 898 et
1172 867 1241 897 tam
1282 873 1374 897 nova
1413 862 1533 896 odoris
1572 862 1641 896 ira-

249 932 392 978 grantia
418 933 499 963 sunt
523 930 703 974 percussi,
730 933 766 963 ut
790 930 886 964 nulla
910 931 953 963 iis
980 934 1126 975 possent
1153 933 1312 964 aromata
1338 929 1556 974 comparari,
1590 929 1643 973 ip-

251 1008 325 1032 sam
365 1000 480 1030 autem
515 997 712 1030 unctionem
752 1006 824 1030 eum
871 996 978 1030 multa
1011 998 1211 1031 reverentia
1245 999 1485 1031 servaverunt.
1535 994 1642 1035 Quam

253 1067 376 1109 gratus
396 1067 509 1096 autem
522 1061 596 1095 Deo
617 1066 733 1096 exstat
747 1062 858 1103 locus,
890 1064 922 1095 iu
940 1073 1007 1107 quo
1027 1067 1287 1096 sacrosanctum
1313 1072 1439 1107 corpus
1458 1061 1552 1096 beati
1574 1061 1642 1096 Do-

252 1130 369 1164 minici
393 1129 596 1173 requiescit,
625 1128 708 1162 licet
733 1139 775 1163 ex
796 1129 973 1163 miraculis
993 1129 1108 1163 multis
1131 1128 1306 1170 claruerit,
1334 1139 1433 1163 unum
1455 1131 1569 1162 tamen
1589 1126 1644 1161 liic

253 1196 418 1242 posuisse
443 1194 606 1228 sufficiat.
655 1193 776 1228 Refert
796 1196 965 1239 magister
982 1195 1185 1229 Alexander
1212 1196 1398 1239 episcopus
1427 1194 1643 1238 ³)Vindoni-

256 1263 372 1297 censis
395 1262 429 1294 in
450 1260 603 1305 postillis
623 1261 696 1294 suis
715 1270 821 1305 super
838 1260 923 1294 illud
947 1261 1087 1295 verbum
1108 1260 1367 1295 :misericordia
1386 1265 1419 1295 et
1438 1262 1568 1295 veritas
1581 1260 1644 1293 ob-

259 1330 442 1363 viaverunt
462 1325 528 1374 sibi
543 1330 621 1368 ete,
649 1326 740 1371 quod
757 1326 1080 1371 quidamscholaris
1095 1327 1227 1372 degens
1239 1326 1420 1361 Bononiae
1432 1326 1645 1360 vanitatibus

255 1395 392 1430 saeculi
417 1392 554 1428 deditus
584 1393 751 1427 visionem
776 1393 881 1427 talem
907 1395 1101 1438 conspexit.
1150 1391 1342 1427 Videbatur
1367 1392 1539 1437 siquidem
1564 1391 1645 1431 sibi,

258 1460 352 1507 quod
378 1462 411 1494 iu
438 1458 589 1505 quodam
613 1467 735 1503 campo
764 1469 891 1505 magno
919 1460 1129 1494 consisteret
1158 1462 1192 1493 et
1225 1458 1352 1493 ibidem
1378 1462 1569 1503 tempestas
1595 1458 1647 1491 in—

258 1537 346 1573 gens
373 1536 479 1570 snper
505 1527 616 1570 ipsum
642 1524 883 1560 descenderet.
934 1526 999 1565 Qui
1024 1525 1101 1559 dum
1130 1525 1268 1579 fugeret
1293 1535 1313 1559 a
1341 1524 1432 1559 facie
1459 1527 1647 1568 tempesta-

257 1595 326 1635 tis,
353 1591 399 1626 ad
425 1590 597 1636 quandam
623 1590 758 1625 domum
785 1593 961 1636 pervenit,
989 1602 1090 1637 quam
1114 1602 1188 1626 eum
1214 1591 1367 1626 clausam
1394 1592 1588 1625 invenisset
1615 1593 1650 1624 et

260 1658 406 1704 pulsans
447 1656 493 1690 ad
536 1657 662 1690 ostium
710 1667 749 1691 se
791 1657 919 1691 ibidem
963 1659 1070 1703 recipi
1109 1658 1347 1702 postulasset,
1382 1667 1471 1703 quae
1511 1656 1650 1690 deintus

262 1729 339 1761 erat
362 1723 526 1768 hospita,
556 1721 755 1766 respondit:
782 1733 849 1767 ego
875 1733 948 1756 sum
968 1725 1121 1768 justitia,
1147 1734 1237 1768 quae
1262 1724 1319 1758 hic
1345 1723 1478 1766 habito,
1505 1726 1539 1758 et
1562 1721 1651 1756 haec

263 1791 385 1826 domus
411 1799 488 1824 mea
512 1793 586 1830 est,
622 1790 705 1833 quia
729 1792 843 1821 autem
869 1792 904 1821 tu
927 1789 1045 1833 justus
1071 1800 1137 1822 non
1166 1798 1224 1830 es,
1259 1791 1293 1823 in
1328 1800 1378 1824 ear
1397 1788 1558 1822 habitare
1583 1797 1650 1821 non

265 1857 373 1892 vales.
422 1855 477 1890 Ad
509 1855 609 1899 cujus
645 1853 754 1888 verba
790 1853 849 1887 ille
875 1853 1057 1898 plurimum
1084 1865 1244 1889 moerens
1279 1854 1456 1889 abscessit
1489 1857 1522 1887 et
1548 1852 1652 1886 aliam

264 1923 399 1958 domum
433 1921 527 1955 ultra
559 1920 653 1954 illam
683 1921 904 1964 conspiciens
930 1919 973 1953 ad
1001 1930 1074 1954 eam
1106 1922 1198 1955 venit
1229 1925 1263 1955 et
1287 1920 1431 1965 pulsans
1456 1919 1500 1953 ad
1527 1920 1653 1952 ostium

265 2000 302 2024 se
329 1987 456 2022 ibidem
483 1988 591 2031 recipi
617 1985 832 2031 postulabat,
857 1986 917 2020 sed
945 1996 1034 2030 quae
1060 1986 1198 2020 deintus
1226 1991 1302 2021 erat
1325 1986 1479 2029 hospita,
1505 1995 1653 2030 respon-

266 2055 334 2089 dit:
367 2064 434 2099 ego
469 2063 543 2086 sum
579 2054 728 2094 veritas,
766 2051 945 2104 quaedhic
972 2051 1113 2094 habito,
1149 2056 1182 2087 et
1206 2052 1296 2087 haec
1319 2037 1441 2086 domus
1478 2060 1555 2085 mea
1588 2054 1654 2092 est,

266 2125 300 2155 te
326 2123 439 2154 autem
466 2118 621 2163 hospitio
647 2128 714 2151 nou
739 2119 926 2162 recipiam,
963 2119 1045 2163 quia
1073 2119 1202 2152 veritas
1228 2129 1302 2153 eum
1330 2129 1398 2152 nou
1424 2118 1572 2159 libera-t,
1599 2116 1658 2161 qui

267 2196 341 2222 eam
368 2196 436 2219 non
461 2188 563 2218 amat.
612 2183 766 2229 Indeque
793 2183 990 2218 abscedens
1015 2185 1154 2218 tertiam
1179 2183 1313 2217 domum
1340 2183 1432 2217 ultra
1457 2183 1551 2216 illam
1573 2192 1656 2226 pro—

269 2253 394 2296 spicit,
431 2250 475 2284 ad
503 2260 603 2295 quam
640 2252 785 2285 veniens
820 2261 858 2285 se
892 2250 1053 2285 similiter
1085 2255 1207 2284 eontra
1241 2252 1403 2294 impetum
1437 2249 1658 2293 tempestatis

270 2318 379 2362 recipi
412 2316 596 2362 flagitavit.
647 2316 722 2358 Cui,
759 2327 848 2361 quae
875 2316 1013 2351 deintus
1051 2319 1126 2350 erat
1150 2315 1309 2358 domina,
1349 2314 1551 2360 respondit:
1591 2324 1658 2360 ego

271 2394 345 2418 sum
374 2392 464 2427 pax,
498 2391 587 2427 quae
620 2381 676 2416 bio
708 2381 851 2424 habito,
886 2393 953 2416 non
988 2386 1042 2417 est
1066 2387 1180 2416 autem
1206 2392 1275 2427 pax
1300 2383 1434 2427 impiiS,
1459 2380 1521 2416 sed
1547 2379 1659 2414 homi-

272 2449 373 2484 nibus
398 2448 512 2483 bonae
538 2449 737 2482 voluntatis.
787 2447 911 2483 verum
946 2449 1027 2493 quia
1061 2459 1128 2494 ego
1161 2450 1278 2494 cogito
1305 2447 1537 2493 cogitationes
1562 2445 1658 2490 pacis

275 2521 309 2551 et
332 2526 400 2550 non
425 2514 646 2556 afflictionis,
672 2515 756 2550 utile
783 2514 963 2548 consilium
989 2514 1053 2548 tibi
1078 2514 1190 2548 dabo:
1224 2514 1316 2548 ultra
1349 2523 1401 2548 me
1431 2521 1533 2546 soror
1555 2509 1658 2544 habi-

275 2586 345 2622 tat,
382 2591 472 2625 quae
503 2582 639 2615 miseris
676 2591 816 2626 semper
843 2580 1008 2614 auxilium
1045 2584 1222 2625 praestat,
1265 2579 1309 2614 ad
1343 2578 1432 2612 hanc
1466 2576 1595 2610 accede
1628 2579 1662 2611 et

274 2647 350 2690 ejus
378 2648 509 2680 monita
533 2646 678 2691 comple.
729 2646 809 2681 Cum
838 2657 924 2692 ergo
949 2647 1185 2688 accessisset,
1211 2654 1299 2690 quae
1325 2643 1461 2677 deintus
1488 2647 1574 2685 erat,
1604 2653 1661 2677 re-

344 2746 370 2777 l]
390 2745 504 2770 Verba:
537 2748 571 2770 [t
592 2761 623 2764 ν
647 2746 745 2772 {lixit
776 2745 885 2773 ‹iiiiilllt
907 2745 960 2772 lid.
981 2749 1024 2773 l'r.
1093 2744 1254 2778 2)V01’b.·t:
1283 2745 1387 2778 Quat·
1415 2757 1442 2762 —
1473 2750 1662 2769 scrvnve·

278 2794 364 2817 runt
392 2789 500 2815 omittit
532 2789 581 2817 [ul.
613 2793 653 2815 i'r.
760 2794 787 2824 3)
810 2791 860 2817 Ed.
882 2794 923 2817 l'l'.
944 2787 1232 2816 vindomensis.
