1742 3005
193 102 242 138 32
533 102 627 148 (sap.
665 99 730 134 lll.
798 98 856 134 De
888 105 1019 134 sancto
1051 96 1225 133 Nicoiao.

193 208 359 251 episeopo
388 208 572 240 sanitatem
598 205 806 248 recepisset,
832 211 954 247 agrum
979 203 1101 236 iterum
1126 202 1320 247 usurpavit.
1368 200 1465 236 Tune
1491 202 1584 245 epis-

191 283 300 318 eopus
328 271 479 306 orationi
516 279 554 303 se
582 267 678 302 dedit
708 271 744 302 et
770 276 887 302 omnes
912 265 1093 312 lampades
1119 267 1290 301 ecelesiae
1316 266 1423 313 fregit
1443 266 1583 301 dicens:

195 337 260 372 hoe
285 338 398 371 lumen
425 346 492 370 non
520 333 750 374 accendetur,
802 331 911 366 donec
939 331 1096 366 dominus
1123 342 1161 366 se
1186 331 1229 366 de
1257 342 1320 366 suo
1345 333 1482 365 inimico
1511 332 1586 365 vin-

195 403 285 437 dicet
311 407 345 436 et
369 400 531 442 eeclesia,
561 399 654 445 quod
681 399 809 440 amisit,
835 401 1030 443 recuperet.
1077 395 1122 431 Et
1147 406 1226 431 ecee
1253 397 1476 441 praepositus
1503 406 1586 441 gra-

195 469 347 502 vissimis
371 468 496 502 iterum
522 464 679 500 febribus
704 463 881 499 laboravit
907 465 1068 509 misitque
1092 464 1233 497 nuntios
1261 464 1442 507 episcopo,
1469 465 1506 495 ut
1524 472 1588 506 pro

196 544 234 567 se
260 536 391 575 oraret,
417 536 452 567 ct
477 541 599 577 agrum
624 541 722 564 suum
751 534 785 566 et
809 530 914 565 alium
942 529 1009 564 sibi
1035 528 1179 563 similem
1205 527 1379 563 redderet.
1427 527 1488 561 Cui
1513 537 1587 560 eum

198 600 384 643 episeopus
422 608 559 643 semper
595 596 845 642 responderet:
888 598 961 643 jam
1000 596 1098 630 oravi
1127 598 1162 628 et
1193 593 1372 629 exaudivit
1402 603 1454 627 me
1481 592 1587 635 Deus,

198 665 274 707 ipse
299 663 344 697 ad
372 673 448 698 eum
475 673 512 698 se
547 663 681 708 portari
710 661 791 697 fecit
818 667 852 697 et
876 666 913 697 ut
946 662 1129 698 ecelesiam
1162 661 1310 694 intraret
1335 658 1379 693 ad
1406 658 1587 700 orandum,

197 731 314 774 coegit
372 727 568 774 Episcopus
594 727 672 762 dum
696 728 878 764 ecclesiam
903 728 1111 775 ingreditur,
1141 725 1256 761 subito
1282 726 1426 760 moritur
1453 728 1486 759 et
1503 734 1589 770 ager

202 794 370 830 ecelesiae
395 795 598 829 restituitur,
625 814 667 819 --

769 987 895 1050 GAP.
943 986 1026 1050 ΠΙ.

575 1091 675 1134 De
705 1089 927 1133 saneto
955 1086 1231 1133 Nicolao.

293 1186 457 1221 Nicolaus
484 1187 611 1221 dicitur
633 1196 654 1221 a
679 1188 797 1228 nicos,
838 1185 931 1230 quod
957 1189 1010 1219 est
1035 1187 1202 1223 victoria,
1238 1188 1272 1218 et
1299 1184 1396 1226 laos⁷
1424 1183 1517 1229 quod
1542 1188 1595 1218 est

204 1253 364 1297 populus,
390 1251 425 1286 id
445 1257 498 1287 est
509 1252 687 1295 Nicolaus,
714 1253 815 1298 quasi
842 1251 990 1285 victoria
1013 1251 1132 1296 populi
1159 1252 1180 1285 i.
1200 1261 1231 1285 e.
1261 1251 1420 1284 vitiorum
1447 1260 1536 1294 quae
1563 1253 1597 1284 et

204 1318 391 1362 popularia
416 1322 449 1352 et
473 1318 558 1352 vilia
583 1322 682 1360 sunt;
722 1317 775 1352 vel
802 1317 950 1349 victoria
977 1318 1120 1360 proprie
1136 1345 1143 1359 ‚
1183 1318 1265 1361 quia
1298 1316 1422 1350 multos
1447 1315 1596 1361 populos

209 1385 280 1416 uita
305 1386 340 1417 et
365 1382 525 1417 doctrina
549 1383 665 1417 docuit
689 1384 775 1417 vitia
801 1386 835 1417 et
859 1385 1005 1425 peccata
1029 1383 1180 1417 vincere.
1228 1381 1293 1416 Vel
1318 1381 1483 1416 Nicolaus
1511 1381 1596 1416 dici-

206 1453 261 1482 tur
285 1459 305 1483 a
331 1450 448 1490 nicos,
480 1448 572 1494 quod
599 1453 653 1484 est
677 1449 825 1484 victoria
845 1450 880 1482 et
906 1446 998 1490 laus,
1027 1449 1130 1493 quasi
1153 1449 1345 1482 vietormsa
1368 1447 1468 1490 laus;
1496 1447 1551 1482 vel
1576 1457 1598 1482 a

207 1516 299 1548 nitor
325 1518 357 1549 et
382 1513 473 1556 laos,
500 1514 592 1559 quod
617 1518 671 1549 est
699 1514 863 1559 populus,
891 1515 992 1558 quasi
1019 1514 1110 1548 nitor
1133 1513 1266 1558 populi.
1293 1513 1420 1547 Habuit
1447 1515 1536 1548 enim
1562 1515 1596 1548 in

208 1590 245 1613 se
272 1589 334 1619 ea,
362 1589 452 1624 quae
476 1581 623 1614 nitorem
648 1583 683 1615 et
709 1578 908 1613 munditiam
935 1579 1077 1614 faciunt.
1123 1579 1209 1614 Nam
1237 1578 1423 1613 secundum
1447 1578 1595 1614 Ambro-

208 1646 293 1678 sium
320 1644 460 1679 mundat
487 1655 600 1679 sermo
628 1645 785 1687 divinus,
812 1644 954 1680 mundat
978 1656 1061 1680 vera
1086 1645 1284 1687 consessio,
1310 1644 1451 1678 mundat
1476 1649 1598 1680 sancta

210 1711 392 1755 rogitatio‚
419 1710 561 1744 mundat
587 1710 679 1745 bona
706 1712 878 1755 operatio.
926 1710 1012 1757 Ejits
1039 1711 1223 1757 legendam
1252 1710 1414 1745 doctores
1440 1711 1598 1757 Argolici

210 1777 502 1820 ‹·011scripserunt.
550 1776 612 1810 Est
636 1780 749 1811 autem
775 1777 891 1822 Argos
917 1776 1104 1811 seeundum
1132 1776 1314 1811 Ysidorum
1336 1778 1461 1810 civitas
1488 1775 1596 1812 Grae-

210 1843 305 1882 riae,
346 1841 435 1876 unde
460 1842 617 1887 Argolici
646 1842 770 1877 Graeci
796 1847 976 1878 vocantur.
1025 1842 1285 1889 Alibiequoque
1311 1842 1461 1887 legitur,
1506 1843 1598 1888 quod

213 1906 413 1941 Metliodius
439 1907 640 1952 patriarcha
665 1918 738 1942 eam
766 1907 900 1944 Graece
924 1910 1155 1954 conscripsit,
1191 1918 1292 1954 quam
1315 1907 1494 1944 Johannes
1521 1908 1596 1943 dia-

212 1984 319 2007 conus
344 1975 378 2006 in
401 1974 544 2008 latinum
570 1975 748 2008 transtulit
774 1980 807 2009 et
833 1975 934 2020 plura
961 1975 1106 2010 addidit.

301 2043 337 2075 1.
366 2039 530 2073 Nicolaus
555 2042 640 2074 civis
670 2040 816 2075 Paterae
842 2040 938 2075 urbis
966 2051 1009 2075 ex
1034 2039 1200 2074 divitibus
1227 2043 1262 2074 ct
1287 2041 1417 2074 sanctis
1445 2041 1598 2085 parenti-

214 2104 276 2138 bus
301 2106 470 2149 originem
496 2104 602 2139 duxit.
672 2106 777 2141 Pater
812 2108 887 2153 ejus
912 2105 1137 2151 Epiphanes,
1188 2109 1299 2140 mater
1330 2116 1413 2140 vero
1439 2105 1601 2140 Jolianna

213 2171 304 2203 ‹lit-ta
329 2174 393 2204 est,
466 2172 573 2210 Quem
600 2182 673 2207 cuin
702 2174 881 2217 primaevo
902 2173 1097 2217 juventutis
1123 2181 1209 2206 suae
1236 2171 1321 2204 flore
1346 2175 1511 2214 parentes
1537 2181 1599 2214 ge-

215 2237 392 2277 nuissent,
443 2235 606 2281 deinceps
633 2238 802 2272 caelibem
835 2239 939 2271 vitatu
966 2237 1147 2271 duxerunt.
1219 2236 1279 2271 llic
1305 2237 1416 2280 prima
1441 2235 1496 2270 die
1523 2235 1600 2268 duni

215 2301 457 2344 balnearetur,
505 2306 640 2336 erectus
667 2305 764 2337 stetit
789 2304 822 2336 in
849 2303 952 2347 pelvi.
1002 2301 1149 2347 Insuper
1174 2306 1300 2348 quarta
1326 2305 1359 2336 et
1384 2305 1486 2335 sexta
1513 2301 1603 2335 seria

217 2373 345 2402 tantum
377 2371 408 2410 ¹)
433 2367 538 2401 semel
564 2368 715 2413 sugebat
742 2368 862 2403 ubera.
912 2368 1037 2402 Faetus
1064 2373 1177 2403 autem
1201 2369 1342 2413 ¹juvenis
1368 2367 1515 2401 aliorum
1542 2366 1602 2402 de-

217 2435 326 2467 xitans
354 2434 519 2467 lascivias
551 2434 775 2469 ecclesiarum
808 2435 924 2479 potius
958 2434 1096 2469 terebat
1129 2435 1247 2468 limina
1284 2438 1318 2469 et
1353 2432 1519 2478 quidquid
1556 2432 1601 2465 ibi

216 2498 256 2531 dr
281 2509 382 2532 sacra
407 2501 580 2543 scriptura
607 2500 804 2545 intelligere
832 2504 991 2545 poterat,
1020 2502 1216 2535 memoriter
1241 2498 1428 2535 retinebat.
1474 2497 1584 2532 Pareu

217 2563 307 2597 tibus
336 2575 417 2597 vero
444 2567 515 2599 suis
542 2565 712 2601 defunctis
740 2568 897 2613 cogitare
921 2568 1050 2612 eoepit,
1077 2567 1228 2611 qualiter
1251 2569 1381 2600 tantam
1405 2563 1600 2597 divitiarum

286 2711 309 2741 l)
330 2709 383 2736 llOC
404 2708 582 2735 wcnbnlnm
630 2711 744 2736 sunu-l
766 2710 793 2736 in
815 2711 966 2738 nonnullis
986 2711 1070 2737 donst
1090 2709 1182 2742 antiq.
1202 2708 1325 2735 edition.
