1742 3005
280 133 359 174 652
447 133 541 181 Cap.
575 127 723 166 CXLV.
781 126 838 163 De
877 130 1007 162 sancto
1038 124 1224 162 Michaele
1255 122 1496 173 archangelo.

281 235 457 271 mendicus
478 236 511 266 et
526 233 725 276 portaretur
741 227 784 262 ab
803 226 930 273 angelo
947 227 979 260 in
992 226 1291 262 siiuimAbraliae.
1320 228 1447 268 Quinto
1467 224 1662 260 honorandi

281 305 371 342 suut,
393 297 553 343 quiaipsi
567 299 647 330 sunt
667 295 861 329 orationum
881 295 1076 326 nostrarum
1097 291 1190 337 apud
1202 291 1309 326 Deum
1321 295 1660 336 repraesentatores,

280 366 351 410 lpsi
376 373 523 408 namque
549 363 659 406 primo
685 360 864 394 orationes
891 361 1029 391 nostras
1055 357 1129 392 Deo
1157 360 1442 402 repraesentant,
1467 356 1558 391 Tob.
1580 355 1664 390 XII:

280 428 419 476 quando
453 427 582 462 orabas
616 436 689 461 cum
730 425 890 470 lacrymis
927 427 961 458 et
997 422 1197 468 sepeliebas
1236 425 1408 464 mortuos,
1452 432 1518 467 ego
1555 420 1667 455 obtuli

280 498 474 532 orationem
500 498 594 528 tuam
623 492 773 526 domino.
823 488 983 524 Secundo
1010 487 1136 523 ibidem
1163 498 1225 532 pro
1252 487 1354 522 nobis
1386 487 1553 533 alligant,
1587 485 1666 522 Job.

279 560 445 598 XXXIII:
476 561 508 594 si
537 559 641 594 suerit
668 567 731 602 pro
758 567 799 591 eo
828 554 976 600 angelus
1004 555 1151 600 loquens
1188 555 1321 598 ¹)unus
1357 553 1399 588 de
1425 551 1597 595 millibus,
1628 556 1667 586 ut

280 629 460 663 annuntiet
477 625 626 659 hominis
647 624 870 668 aequitatem,
897 621 1121 655 miserebitur
1145 620 1221 665 ejus
1240 623 1307 656 etc.
1354 618 1438 654 Item
1457 617 1606 652 Zachar.
1622 616 1668 652 1.:

280 698 314 728 et
331 691 515 738 respondit
530 690 677 735 angelus
695 688 823 722 domini
836 686 987 721 etdixit:
1003 685 1141 720 domine
1153 686 1379 727 exercituum,
1398 695 1508 730 usque
1521 694 1588 730 quo
1601 694 1669 718 non

281 757 504 794 misereberis
521 754 716 791 Jerusalem
735 755 769 787 et
785 751 918 785 urbium
931 751 1034 794 Juda,
1055 751 1180 796 quibus
1200 752 1310 785 iratus
1330 752 1393 786 es?
1413 752 1478 785 iste
1495 752 1568 796 jam
1587 760 1666 794 sep-

278 824 494 870 tuagesimus
510 829 620 855 annus
641 822 705 853 est.
735 816 857 851 Tertio
870 815 1260 851 Deisententiamnobis
1277 817 1487 859 renuntiant,
1509 815 1668 858 DauIX,

279 890 338 925 uhi
366 889 517 930 dicitur,
544 884 638 931 quod
663 882 804 918 Gabriel
832 881 875 915 ad
903 891 978 916 eum
1005 880 1128 915 volans
1154 880 1260 914 dixit:
1286 881 1329 914 ab
1357 882 1504 916 exordio
1530 892 1669 926 precum

279 960 415 990 tuarum
444 955 478 997 2)
490 959 658 999 egressus
683 952 735 983 est
757 958 884 990 sermo,
909 946 1054 981 Glossa:
1080 946 1113 980 id
1133 950 1199 989 est,
1221 948 1396 982 sententia
1416 957 1437 982 a
1453 947 1542 990 Deo,
1561 950 1595 982 et
1612 956 1668 982 se-

281 1023 416 1068 quitur:
451 1029 518 1065 ego
545 1020 659 1051 autem
686 1015 775 1056 veni,
802 1017 840 1047 ut
858 1012 1045 1047 indicarem
1063 1013 1140 1054 tibi,
1167 1014 1249 1058 quia
1265 1014 1317 1047 vir
1340 1012 1594 1048 desideriorum
1619 1022 1670 1048 cs.

280 1088 331 1122 De
368 1085 423 1120 his
460 1083 573 1118 tribus
607 1081 692 1115 dicit
724 1079 927 1114 Bernardus
961 1088 1069 1123 super
1099 1080 1287 1113 canticum:
1324 1079 1489 1113 discurrit
1522 1077 1670 1125 angelus

280 1152 414 1187 medius
452 1151 542 1184 inter
574 1148 736 1182 dilectum
775 1149 810 1180 et
844 1145 1007 1180 dilectam
1046 1148 1127 1179 vota
1149 1144 1331 1189 offerens,
1376 1144 1533 1179 referens
1566 1143 1670 1186 dona,

281 1219 411 1253 excitat
435 1217 559 1256 istam,
593 1213 713 1258 plac-at
738 1211 843 1245 illum.
894 1210 1003 1245 Sexto
1028 1210 1222 1244 honorandi
1249 1214 1346 1253 sunt,
1383 1212 1466 1256 quia
1498 1211 1568 1255 ipsi
1591 1212 1672 1244 sunt

280 1284 378 1328 regis
403 1281 538 1316 aeterni
565 1278 775 1314 nobilissimi
804 1276 944 1318 militeS‚
970 1275 1156 1311 secundum
1184 1276 1275 1321 quod
1305 1276 1430 1310 dicitur
1452 1275 1532 1312 Job.
1557 1274 1669 1310 XXV:

281 1346 446 1393 numquid
472 1350 526 1381 est
550 1354 712 1380 numerus
738 1343 883 1377 militum
911 1342 1016 1387 ejus?
1064 1341 1161 1376 Sicut
1192 1346 1306 1377 autem
1339 1341 1495 1376 videmus
1521 1343 1556 1375 in
1581 1341 1671 1375 mili-

281 1414 375 1449 tibus
407 1412 557 1457 alicujus
592 1413 709 1457 regis,
754 1408 848 1456 quod
888 1408 1027 1454 quidam
1069 1418 1187 1443 eorum
1224 1418 1362 1453 semper
1393 1409 1428 1441 iu
1460 1407 1542 1441 aula
1571 1408 1672 1453 regia

282 1482 538 1515 commorantur
567 1482 601 1513 et
634 1486 753 1523 regem
785 1476 965 1510 associant
997 1477 1030 1509 et
1063 1473 1107 1508 ad
1142 1474 1219 1519 ejus
1253 1474 1419 1509 honorem
1451 1477 1485 1508 et
1509 1472 1673 1507 solatium

282 1549 437 1581 cantant,
485 1544 632 1584 Quidam
667 1547 781 1578 autem
807 1543 969 1576 civitates
996 1544 1030 1576 et
1055 1540 1203 1575 castella
1228 1541 1328 1586 regni
1355 1538 1567 1582 custodiunt,
1594 1539 1671 1584 qui-

284 1611 362 1646 dam
394 1620 478 1645 vero
511 1610 607 1654 regis
643 1610 800 1642 inimicos
833 1611 1057 1653 expugnant,
1091 1608 1140 1641 ita
1169 1606 1347 1641 ethorum
1374 1606 1517 1640 militum
1542 1604 1673 1640 Christi

285 1676 424 1723 quidam
459 1676 495 1709 in
527 1674 608 1708 aula
640 1675 758 1719 regia,
804 1673 939 1707 scilicet
976 1674 1011 1706 in
1049 1673 1148 1707 coelo
1186 1683 1348 1718 empyreo
1383 1682 1522 1716 semper
1555 1680 1674 1716 regem

286 1752 406 1789 regum
443 1741 622 1775 associant
658 1743 692 1773 et
724 1737 767 1772 ad
803 1738 880 1783 ejus
916 1737 1082 1772 honorem
1115 1739 1253 1772 cantica
1289 1739 1449 1773 laetitiae
1478 1741 1512 1773 et
1535 1736 1673 1782 gloriae

284 1818 422 1852 semper
461 1808 602 1840 cantant
642 1804 819 1838 dicentes:
863 1806 1023 1845 sanctus,
1068 1807 1230 1844 sanctus,
1270 1807 1413 1837 sanctus
1449 1807 1513 1838 etc.
1569 1802 1672 1836 Item:

284 1872 482 1908 benedictio
518 1874 553 1905 et
586 1870 730 1903 claritas
767 1872 801 1903 et
833 1869 1010 1912 sapientia
1043 1872 1108 1903 etc¹
1159 1868 1306 1913 Apocal.
1333 1867 1403 1903 Vll.
1453 1867 1523 1902 Alii
1558 1871 1672 1901 autem

285 1937 486 1973 custodiunt
509 1937 690 1976 civitates,
720 1933 922 1969 suburbana
947 1937 981 1967 et
1007 1933 1108 1967 villas
1138 1938 1171 1967 et
1195 1937 1322 1967 castra.
1372 1932 1426 1966 Illi
1446 1932 1590 1974 scilicet,
1615 1934 1672 1976 qui

287 2002 389 2037 nobis
420 2005 500 2036 sunt
535 2000 580 2034 ad
615 1999 806 2034 custodiam
841 1998 1020 2043 deputati,
1061 1998 1300 2033 custodientes
1334 2002 1460 2032 statum
1488 1999 1672 2043 virginum,

286 2068 546 2108 continentium,
577 2066 843 2110 conjugatorum
870 2068 904 2106 et
931 2067 1049 2097 castra
1066 2064 1286 2109 religionum,
1314 2063 1443 2097 Ysaias
1464 2062 1544 2098 XII:
1569 2073 1675 2108 super

288 2145 404 2169 muros
432 2137 533 2175 tuos,
566 2131 778 2172 Jerusalem,
815 2131 978 2164 constitui
1005 2128 1170 2163 custodes
1197 2133 1262 2164 etc.
1311 2129 1384 2163 Alii
1410 2139 1492 2163 vero
1516 2128 1581 2163 Dei
1607 2130 1673 2162 ini-

288 2202 409 2242 micos,
436 2198 471 2232 id
490 2201 542 2233 est
561 2196 763 2238 daemones,
785 2198 998 2241 expugnant,
1023 2194 1169 2239 Apocal.
1192 2193 1271 2229 XII:
1293 2194 1416 2229 factum
1436 2199 1487 2230 est
1505 2194 1673 2240 proelium

289 2274 448 2310 magnum
477 2264 509 2296 in
537 2262 656 2302 coelo,
691 2261 725 2294 id
751 2265 805 2296 est
833 2260 1019 2295 secundum
1043 2270 1144 2294 unam
1171 2262 1438 2306 expositionem,
1466 2262 1498 2294 in
1525 2260 1675 2295 ecclesia

289 2330 463 2365 militanti.
490 2326 643 2364 Micliael
663 2330 697 2361 et
713 2327 831 2372 angeli
852 2327 928 2371 ejus
949 2325 1215 2371 proeliabantur
1234 2336 1307 2360 cum
1328 2326 1490 2360 dracone.
1519 2326 1673 2370 Septimo

290 2400 325 2432 et
348 2396 468 2430 ultimo
494 2392 692 2427 honorandi
717 2396 813 2434 sunt,
848 2392 931 2437 quia
957 2392 1022 2435 ipsi
1049 2396 1129 2426 sunt
1152 2391 1395 2426 tribulatorum
1421 2392 1674 2428 consolatores,

292 2461 440 2496 Zachar.
465 2459 511 2494 1.:
536 2459 705 2505 angelus,
742 2459 799 2503 qui
825 2456 1037 2502 loquebatur
1062 2458 1095 2490 in
1122 2467 1174 2492 mc
1202 2456 1311 2492 verba
1335 2456 1429 2492 bona
1455 2461 1488 2492 et
1513 2456 1674 2492 consola-

293 2529 394 2561 toria.
443 2525 527 2560 Item
553 2523 645 2559 Tob.
666 2523 727 2561 V.:
755 2523 835 2557 sorti
863 2524 976 2558 animo
1007 2527 1119 2558 estote
1137 2526 1203 2560 etc.
1252 2522 1296 2557 Et
1319 2522 1384 2558 lioc
1411 2523 1540 2558 faciunt
1563 2520 1672 2555 tribus

295 2592 420 2625 modis:
447 2591 557 2635 primo
585 2589 816 2624 confortando
844 2592 877 2623 et
902 2588 1122 2631 roborando,
1154 2589 1242 2626 Dan.
1270 2588 1324 2632 Χ,
1350 2588 1430 2630 ubi,
1454 2597 1526 2621 cum
1550 2585 1671 2621 Daniel

364 2727 1058 2761 nm.i¹r.lo5i1.11==11112‹10similibus,
1129 2730 1156 2763 2)
1176 2729 1234 2756 Alii
1255 2728 1450 2759 ingressus
