1742 3005
268 127 352 169 688
576 126 674 175 Cap.
705 123 821 162 CLV.
880 124 940 162 De
971 129 1102 162 sancto
1132 124 1351 167 Leonardo.

270 233 471 272 titudinem,
507 239 608 275 quam
634 228 872 264 fortitudinem
905 229 969 274 (ut
994 227 1080 264 dicit
1103 228 1295 275 Ysidorus)
1323 230 1431 266 habet
1455 231 1489 266 in
1514 234 1655 278 pectore

270 303 304 335 et
332 300 363 331 in
388 296 516 340 eapite.
564 295 623 329 Sic
647 294 771 330 beatus
797 294 1005 330 Leonardus
1040 294 1163 329 habuit
1194 294 1429 330 fortitudinem
1455 297 1489 330 in
1515 301 1657 342 pectore

268 375 332 409 per
356 362 524 396 malarum
550 360 819 396 refrenationem
846 361 1122 407 cogitationum,
1157 365 1191 396 et
1223 362 1259 395 in
1291 362 1408 406 capite
1442 371 1506 406 per
1536 362 1657 397 insati-

269 429 422 476 gabilem
448 437 676 473 supernorum
701 427 1040 472 contemplationem.
1089 425 1249 462 Secundo
1281 425 1390 461 habet
1415 428 1657 473 sagacitatem,

271 500 306 531 et
339 495 403 529 hoc
437 495 472 528 in
500 492 658 535 duobus,
697 493 832 528 scilicet
865 495 899 527 in
934 495 1118 539 apertione
1160 492 1362 535 oculorum,
1408 502 1483 526 cum
1519 492 1657 536 dormit,

269 566 305 598 et
338 563 372 595 in
406 560 599 594 directione
631 560 885 605 vestigiorum,
918 570 993 594 eum
1029 558 1132 605 sugit.
1181 558 1239 594 Sic
1263 557 1472 593 Leonardus
1496 558 1660 604 vigilavit

269 638 333 674 per
357 626 514 660 laborem
541 625 714 667 actionis,
750 629 785 659 ct
817 624 998 671 vigilando
1032 624 1194 659 dormivit
1227 635 1290 670 per
1320 626 1470 670 quietem
1504 628 1659 658 contem--

269 693 437 738 plationis
469 694 503 725 et
542 691 576 723 in
608 700 646 724 se
689 689 820 724 delevit
862 691 1017 736 vestigia
1058 690 1253 725 mundanae
1291 692 1400 725 totius
1448 690 1657 725 affectionis.

269 758 394 793 Tertio
420 755 527 790 habet
553 756 808 790 virtuositatem
837 756 869 788 in
895 765 1001 797 voce,
1036 757 1119 800 quia
1153 759 1230 800 ejus
1266 767 1333 791 vox
1368 758 1472 791 tertia
1496 756 1554 791 die
1578 766 1657 791 sus-

269 825 354 859 citat
395 821 592 857 leunculum
635 824 751 855 natum
794 825 965 855 mortuum
1000 824 1034 855 et
1075 831 1209 856 omnem
1241 821 1392 855 bestiam
1426 821 1536 867 ligere
1574 822 1658 856 facit

269 889 430 937 gradum.
477 887 533 922 Sic
560 886 766 921 Leonardus
794 886 921 920 multos
956 889 1110 920 mortuos
1138 888 1173 921 in
1197 888 1352 932 peccatis
1378 888 1602 921 resuscitavit
1625 890 1660 922 et

270 955 396 989 multos
423 956 577 987 mortuos
602 951 801 987 bestialiter
826 954 983 988 viventes
1009 955 1043 987 in
1068 953 1234 998 operibus
1260 952 1362 987 bonis
1396 951 1480 987 fixit.
1529 952 1661 993 Quarto

271 1021 379 1055 habet
413 1021 569 1053 timorem
605 1019 640 1051 in
680 1017 807 1060 corde,
853 1020 936 1064 quia
971 1019 1192 1059 (secundum.
1216 1018 1424 1063 Ysitlorum)
1460 1018 1520 1053 diu
1551 1019 1661 1059 timet,

272 1087 407 1121 scilicet
426 1085 606 1128 strepitum
629 1087 861 1124 ¹)rotarumet
881 1085 994 1130 ignem
1014 1094 1211 1119 accensum.
1242 1084 1301 1119 Sic
1319 1084 1527 1119 Leonardus
1548 1084 1662 1118 timuit

273 1156 307 1187 et
330 1151 482 1185 timendo
509 1150 634 1184 vitavit
659 1151 840 1194 strepitum
866 1149 1061 1185 mundanae
1088 1150 1337 1184 sollicitudinis
1365 1154 1399 1185 et
1426 1150 1506 1185 ideo
1532 1151 1567 1183 in
1600 1149 1660 1184 de-

271 1222 400 1253 sertum
429 1216 518 1261 sugit
543 1219 578 1249 et
603 1217 717 1261 ignem
745 1218 906 1251 terrenae
932 1215 1133 1261 cupiditatis
1162 1219 1196 1250 et
1221 1215 1300 1251 ideo
1330 1226 1448 1251 omnes
1474 1215 1660 1250 thesauros

273 1283 342 1317 sibi
368 1282 507 1317 oblatos
532 1283 726 1317 contemsit.

361 1347 567 1382 Leonardus
595 1347 704 1382 fuisse
730 1347 858 1382 dicitnr
881 1348 975 1382 circa
1001 1357 1126 1382 annum
1155 1346 1284 1382 domini
1311 1347 1351 1383 D.
1400 1348 1462 1382 Hic
1492 1358 1513 1383 a
1537 1350 1661 1382 sancto

273 1415 432 1460 Remigio
464 1412 682 1448 Remensium
716 1413 984 1459 archiepiscopo
1017 1414 1060 1449 de
1093 1424 1196 1449 sacro
1234 1414 1330 1449 sonte
1371 1413 1508 1449 levatus
1552 1418 1586 1449 et
1616 1413 1660 1448 ab

272 1482 351 1525 ipso
376 1479 592 1514 salutaribus
619 1472 815 1525 disciplinis
840 1481 1031 1515 instructus
1065 1484 1129 1515 est.
1179 1480 1287 1526 Cujus
1314 1483 1478 1525 parentes
1504 1480 1605 1525 primi
1628 1480 1662 1513 in

273 1546 406 1591 palatio
434 1546 529 1590 rogis
556 1544 724 1580 Franciae
749 1545 982 1581 habebantur.
1032 1545 1094 1580 Hic
1118 1550 1249 1580 tantam
1276 1547 1426 1592 gratiam
1444 1556 1465 1580 a
1489 1556 1574 1592 rege
1600 1544 1663 1580 ob-

272 1612 393 1653 tinuit,
420 1609 512 1655 quod
536 1620 656 1644 omnes
687 1612 916 1655 incarcerati,
954 1623 1042 1657 quos
1079 1614 1156 1657 ipse
1189 1611 1377 1655 visitabat,
1413 1613 1572 1657 protinus
1597 1610 1662 1646 ab-

273 1676 512 1711 solvebantur.
570 1675 652 1710 Cum
697 1677 805 1721 igitur
839 1677 932 1712 sama
969 1679 1168 1712 sanctitatis
1206 1678 1282 1723 ejus
1316 1681 1556 1720 excreseeret,
1601 1687 1663 1711 rex

273 1742 379 1776 multo
405 1746 561 1786 tempore
587 1751 661 1775 eum
688 1751 804 1775 secum
830 1752 970 1777 manere
996 1744 1125 1787 coegit,
1153 1742 1263 1778 donec
1290 1748 1488 1788 opportuno
1505 1746 1662 1788 tempore

274 1808 307 1842 ei
334 1808 572 1851 episcopatum
600 1807 758 1841 donaret.
808 1807 908 1847 Quod
935 1807 993 1842 ille
1019 1808 1135 1841 renuit
1159 1811 1193 1842 et
1210 1808 1433 1842 solitudinem
1455 1807 1662 1842 desiderans

274 1871 406 1907 relictis
436 1872 594 1906 omnibus
619 1873 845 1907 Aurelianum
872 1872 1111 1917 praedit-ando
1132 1882 1205 1906 cum
1226 1871 1404 1906 confratre
1429 1882 1492 1906 sno
1513 1871 1661 1906 Lisai-do

275 1937 428 1979 devenit,
452 1937 524 1980 ubi,
544 1942 726 1983 postquam
744 1940 777 1972 in
798 1938 946 1984 quodam
964 1937 1136 1972 coenobio
1156 1937 1371 1983 aliquamdiu
1391 1939 1562 1980 vixerunt,
1584 1937 1662 1972 dum

274 2003 440 2037 Lisardus
465 2014 572 2048 super
601 2005 712 2048 ripam
735 2004 878 2048 Ligeris
899 2003 1079 2037 solitarius
1102 2012 1241 2038 manere
1263 2003 1369 2038 vellet
1396 2007 1429 2037 et
1453 2002 1661 2038 Leonardus

274 2079 339 2114 per
359 2070 469 2103 sancti
489 2070 633 2113 spiritus
661 2069 931 2103 admonitionem
954 2069 989 2102 in
1007 2069 1200 2113 Aquitania
1222 2067 1426 2112 disponeret
1443 2067 1662 2113 praedicare,

274 2135 476 2169 osculantes
512 2144 551 2169 se
585 2133 627 2168 ab
664 2135 812 2168 invicem
844 2134 1094 2168 discesserunt.
1142 2132 1350 2168 Leonardus
1393 2135 1502 2180 igitur
1533 2133 1665 2179 ubique

274 2199 505 2245 praedicans,
531 2200 638 2234 multa
663 2200 831 2234 miracula
861 2208 1027 2234 exercens
1055 2200 1087 2232 in
1107 2198 1254 2243 quadam
1275 2198 1365 2232 silva
1382 2200 1516 2233 civitati
1536 2199 1663 2234 Lemo-

275 2267 374 2301 vicae
411 2265 527 2299 vicina
563 2264 762 2308 habitavit,
795 2264 856 2299 ubi
887 2268 964 2299 erat
995 2264 1075 2298 aula
1101 2265 1203 2310 regia
1227 2273 1334 2298 causa
1357 2265 1553 2299 venationis
1580 2275 1663 2299 con-

274 2334 417 2365 structa.
466 2330 603 2364 Accidit
627 2335 761 2373 autem,
787 2333 825 2364 ut
849 2328 999 2374 quadam
1027 2329 1083 2364 die
1110 2340 1169 2364 rex
1196 2329 1245 2363 ibi
1271 2333 1457 2365 venaretur
1482 2334 1516 2365 et
1541 2331 1665 2377 regina

276 2397 357 2430 illuc
390 2405 499 2430 causa
525 2395 724 2430 dilectionis
753 2405 902 2442 egressa
933 2399 1037 2440 partu
1062 2395 1333 2440 periclitaretur.
1383 2395 1464 2430 Cum
1492 2405 1577 2441 ergo
1602 2405 1662 2429 rex

275 2466 310 2496 et
344 2460 478 2495 familia
512 2465 657 2506 propter
689 2463 834 2508 reginae
869 2461 1162 2506 perit-litationem
1199 2460 1362 2507 lugerent
1393 2465 1428 2496 et
1456 2458 1662 2496 Leonardus

276 2537 339 2570 per
362 2536 481 2561 ‚tentus
509 2528 675 2561 transiret
700 2531 733 2562 et
759 2528 968 2573 gementium
997 2537 1100 2562 voces
1128 2526 1284 2569 audiret,
1317 2529 1448 2572 pietate
1474 2527 1662 2560 commotus

278 2591 361 2625 illuc
393 2592 597 2636 properavit
631 2595 666 2626 et
697 2601 718 2625 a
753 2602 837 2638 rege
874 2596 1017 2628 vocatus
1045 2593 1203 2637 protinus
1231 2593 1399 2628 introivit.
1446 2590 1527 2624 Cum
1554 2590 1663 2635 igitur

347 2733 373 2765 1)
394 2733 446 2761 Ed.
467 2737 508 2762 Pr.
532 2734 656 2762 omittit.-
679 2740 862 2764 rotarum.
