1742 3005
266 148 347 188 (35ss
529 148 623 196 Cap.
657 144 825 181 CXLVI.
895 144 952 181 De
986 151 1114 180 sancto
1145 145 1389 194 Hieronymo.

269 252 419 297 plantam
446 258 467 282 a
494 248 651 282 sentibus
678 247 912 290 vulneratam·⁷
950 246 1110 281 adhibita
1146 248 1255 293 igitur
1290 247 1451 294 diligenti
1477 255 1560 281 cura
1595 245 1650 280 leo

269 315 444 350 convaluit
477 317 512 347 et
549 314 640 347 omni
668 313 853 355 ¹)leritate
889 312 1053 357 deposita
1087 314 1176 347 inter
1202 322 1262 347 eos
1300 314 1400 357 quasi
1427 311 1651 347 domesticum

269 380 395 414 animal
431 378 617 412 habitavit.
667 377 765 412 Tunc
799 377 1025 423 Hieronymus
1057 377 1198 419 videns,
1245 377 1336 422 quod
1378 388 1447 411 non
1486 381 1554 411 tam
1590 386 1652 421 pro

267 446 420 479 sanitate
454 445 507 478 sui
537 443 657 488 pedis,
693 453 796 488 quam
831 454 894 488 pro
927 453 1045 477 eorum
1070 444 1221 478 utilitate
1247 443 1406 477 dominus
1430 442 1564 476 leonem
1591 443 1647 476 mi-

269 512 393 550 sisset,
419 509 463 544 de
490 509 634 543 fratrum
661 509 809 543 consilio
838 508 948 544 eidem
975 508 1042 543 hoc
1066 509 1217 554 injunxit
1243 507 1414 551 officium,
1449 511 1486 542 ut
1511 508 1655 548 asinum,

269 586 369 622 quem
395 574 584 617 habebant,
611 575 669 620 qui
694 575 792 620 ligna
816 574 859 609 de
883 585 1023 609 nemore
1049 574 1246 616 deserebat,
1275 575 1350 618 ipse
1376 573 1432 608 leo
1458 572 1502 607 ad
1528 581 1659 617 pascua

270 641 412 675 duceret
453 644 485 675 et
514 639 652 675 ductum
686 639 814 675 ibidem
839 639 1045 674 custodiret.
1096 640 1195 680 Quod
1223 640 1351 674 sactum
1382 642 1447 674 est.
1494 637 1580 672 Nam
1606 638 1658 670 in-

265 708 390 751 juncta
423 705 517 740 leoni
548 707 639 739 asini
675 715 761 739 cura
798 716 893 740 more
928 706 1084 751 pastoris
1118 705 1279 740 industrii
1314 704 1427 739 eundo
1452 703 1496 738 ad
1522 706 1659 748 pastum

270 773 387 805 socius
419 772 638 804 incessanter
672 772 809 804 itineris
845 781 923 805 rure
950 770 1127 815 pascendo
1153 770 1382 816 undecunque
1409 769 1577 804 defensor
1603 772 1658 803 tu-

270 838 428 872 tissimus
454 839 541 878 erat,
571 838 808 869 verumtamen
833 839 870 869 nt
894 845 931 870 se
951 835 1086 870 cibaret
1110 840 1144 869 et
1168 836 1288 869 asinus
1314 835 1453 869 solitum
1474 833 1659 879 perliceret

273 912 384 948 opus,
420 902 596 936 consuetis
630 910 768 944 semper
800 899 897 934 horis
937 910 1011 934 cum
1049 911 1090 935 eo
1127 900 1262 934 domum
1303 900 1454 935 redibat.
1503 898 1659 939 Quadam

272 971 381 1016 igitur
415 969 490 1002 vice
523 970 691 1011 pascente
723 968 823 1000 asino
856 971 890 1001 et
924 966 1026 1001 leone
1057 967 1215 1011 graviter
1250 970 1418 1011 soporato
1450 967 1661 1000 mercatores

273 1046 347 1070 cum
372 1033 513 1068 camelis
548 1032 627 1067 inde
652 1035 873 1067 transeuntes
907 1034 1039 1066 asinum
1066 1032 1176 1066 solum
1204 1031 1363 1068 viderunt
1390 1035 1424 1067 et
1449 1042 1524 1066 eum
1551 1040 1659 1076 quan-

273 1102 387 1135 tocius
424 1102 625 1143 rapuerunt.
673 1096 953 1143 Expergel'actus
988 1099 1106 1143 itaque
1133 1099 1188 1132 leo
1216 1109 1289 1133 cum
1315 1099 1446 1132 socium
1472 1107 1541 1131 non
1566 1097 1661 1130 inve-

274 1168 385 1207 niret,
423 1163 595 1209 rugiendo
621 1162 689 1196 buc
715 1163 866 1208 illucque
891 1163 984 1205 ibat,
1020 1174 1119 1208 quem
1148 1164 1286 1199 tandem
1314 1175 1383 1198 non
1410 1164 1590 1198 inveniens
1617 1160 1660 1196 ad

274 1234 395 1276 portas
421 1230 626 1263 monasterii
649 1229 762 1262 tristis
789 1229 875 1263 adiit
901 1232 935 1263 et
960 1230 1072 1271 intus,
1104 1233 1141 1263 ut
1167 1230 1293 1264 solitus
1322 1232 1415 1271 erat,
1449 1238 1534 1273 prae
1560 1238 1660 1263 verc-

274 1296 400 1332 cundia
431 1293 569 1341 ingredi
601 1304 668 1328 non
700 1295 922 1339 praesumsit.
971 1292 1015 1328 Et
1040 1293 1197 1328 videntes
1225 1294 1372 1337 fratres,
1407 1294 1500 1340 qnod
1527 1293 1661 1328 tardius

276 1362 385 1396 solito
412 1371 506 1395 more
532 1363 567 1394 et
591 1361 666 1395 sine
692 1361 792 1394 asino
820 1361 987 1402 venisset,
1014 1363 1242 1405 putaverunt,
1269 1360 1362 1405 quod
1388 1360 1476 1395 same
1503 1360 1658 1405 compul-

275 1438 336 1462 sus
361 1429 495 1462 asinum
521 1425 752 1469 comedisset,
783 1425 1013 1472 nolentesque
1041 1427 1073 1461 ei
1098 1436 1268 1461 annonam
1296 1426 1489 1461 attribuere
1513 1435 1660 1460 consue-

275 1497 344 1528 tam
371 1492 555 1528 dicebant:
588 1491 677 1527 vade
703 1488 737 1527 et
762 1491 932 1538 reliquam
957 1497 1089 1538 partem
1122 1492 1245 1534 aselli,
1280 1501 1369 1537 quac
1394 1491 1459 1526 tibi
1485 1492 1661 1532 remansit,

276 1558 400 1593 mande
437 1562 471 1592 et
507 1561 601 1591 tuam
641 1557 830 1603 ingluviem
863 1558 971 1604 reple.
1026 1558 1249 1594 Haesitantes
1285 1561 1414 1600 tamen,
1449 1561 1562 1592 utrum
1596 1556 1663 1591 lioc

276 1623 401 1657 malum
429 1626 689 1667 perpetrasset,
715 1625 874 1658 exierunt
898 1624 942 1658 ad
972 1634 1127 1669 pascua,
1156 1625 1187 1658 si
1213 1623 1304 1659 sorte
1329 1623 1473 1668 aliquod
1499 1623 1661 1657 indicium

277 1689 493 1729 invenirent,
529 1691 564 1722 et
595 1687 682 1721 nihil
713 1690 932 1724 invenientes
970 1689 1039 1724 hoc
1071 1689 1279 1736 Hieronymo
1310 1689 1516 1725 retulerunt.
1564 1687 1663 1723 Tunc

276 1755 417 1788 monitis
445 1754 522 1798 ejus
544 1752 696 1787 osticium
722 1755 811 1787 asini
837 1754 930 1788 leoni
957 1756 1142 1800 injungunt
1167 1760 1201 1790 et
1227 1756 1324 1801 ligna
1357 1754 1544 1790 caedentes
1569 1754 1662 1788 leoni

278 1821 467 1864 imponunt.
517 1817 616 1858 Quod
657 1828 730 1852 cum
765 1819 820 1854 leo
852 1822 1028 1864 patienter
1060 1820 1186 1862 ferret,
1231 1820 1380 1865 quadam
1419 1819 1475 1854 die
1521 1820 1661 1864 expleto

277 1895 386 1929 opere
411 1894 534 1930 agrum
559 1885 664 1926 exiit,
690 1883 756 1918 hac
783 1884 913 1930 illaque
939 1885 1104 1919 discurrit
1129 1887 1221 1920 scire
1247 1884 1473 1926 desiderans,
1509 1885 1592 1931 quid
1619 1886 1662 1921 de

278 1960 341 1985 suo
367 1949 493 1984 suisset
517 1950 614 1983 socio
642 1948 790 1991 sactum,
825 1954 859 1984 et
894 1961 974 1985 ecce
1006 1951 1094 1985 vidit
1127 1961 1148 1985 a
1182 1950 1287 1996 longe
1319 1950 1561 1995 negotiatores
1587 1962 1661 1986 cum

279 2015 414 2049 onustis
439 2014 582 2048 camelis
607 2014 841 2058 praecedente
867 2018 967 2050 asino
994 2017 1186 2050 venientes.
1234 2015 1314 2050 Mos
1343 2017 1432 2050 enim
1449 2016 1500 2049 illi
1525 2019 1663 2064 regioni

277 2084 349 2121 est,
389 2083 446 2122 ut,
482 2079 621 2124 quando
655 2090 730 2113 cum
762 2080 906 2115 camelis
939 2081 1080 2126 longius
1105 2080 1332 2127 gradiuntur,
1370 2080 1513 2124 cameli,
1549 2086 1585 2116 ut
1610 2082 1663 2116 di-

277 2146 406 2180 rectius
434 2144 581 2187 vadant,
619 2144 886 2189 praecedentem
913 2150 948 2181 et
973 2146 1064 2181 collo
1091 2146 1278 2181 funiculum
1304 2150 1501 2192 gestantem
1528 2149 1664 2182 asinum

277 2210 546 2255 subsequantur.
596 2209 791 2256 Recognito
817 2212 926 2258 igitur
948 2212 1004 2248 leo
1030 2213 1130 2247 asino
1156 2222 1229 2246 cum
1257 2213 1391 2258 ingenti
1417 2214 1532 2258 rugitu
1559 2223 1665 2258 super

277 2286 339 2311 eos
364 2276 466 2309 irruit
494 2279 528 2309 et
553 2286 670 2310 omnes
698 2276 854 2312 homines
880 2278 914 2311 in
941 2276 1059 2324 sugam
1083 2279 1265 2313 convertit.
1314 2276 1356 2311 Et
1380 2277 1435 2312 leo
1459 2278 1664 2313 terribiliter

278 2342 422 2386 rugiens
457 2339 678 2384 percutiebat
712 2341 824 2376 canda
858 2342 997 2378 sortiter
1025 2347 1152 2378 terram
1185 2345 1462 2389 perterritosque
1496 2345 1662 2385 camelos,

278 2407 368 2441 sicut
392 2409 492 2440 erant
516 2407 646 2448 onusti,
671 2410 752 2441 ante
777 2417 816 2441 se
840 2407 883 2442 ad
909 2408 1031 2443 cellam
1059 2410 1110 2444 ire
1138 2411 1267 2455 coegit.
1317 2409 1416 2450 Quod
1441 2420 1515 2444 cum
1536 2410 1662 2444 fratres

279 2471 451 2506 vidissent
487 2475 521 2505 et
556 2470 764 2517 Hieronymo
799 2475 1039 2517 nuntiassent,
1083 2474 1143 2510 ille
1177 2477 1243 2510 ait:
1288 2475 1486 2521 hospitibus
1519 2475 1659 2516 nostris,

279 2536 408 2571 fratres
433 2537 630 2580 carissimi,
658 2538 765 2581 pedes
791 2538 941 2582 abluite,
975 2550 1075 2575 escas
1107 2540 1274 2586 praebete
1309 2545 1343 2576 et
1378 2551 1484 2586 super
1506 2539 1574 2573 hoc
1600 2549 1660 2573 vo-

280 2601 445 2636 luntatem
472 2601 599 2636 domini
627 2607 841 2648 exspectate.
890 2605 989 2641 Tunc
1014 2606 1069 2642 leo
1096 2618 1158 2651 per
1182 2607 1426 2642 monasterium
1459 2605 1592 2648 coepit,
1627 2609 1662 2638 nt

349 2745 374 2770 ll
395 2744 445 2770 ΕΔ.
469 2749 525 2770 l'r.·
555 2745 804 2775 infirmitate».
