1742 3005
224 99 308 139 396
351 102 449 151 Cap.
470 99 573 136 XCI.
604 99 661 135 De
681 102 827 147 septem
849 97 1043 146 fratribus,
1073 97 1160 134 siliis
1180 76 1314 134 beatae
1338 95 1555 133 Felicitatis.

223 189 360 251 quoque
392 206 468 250 ejus
499 202 664 248 pabulum
702 200 886 247 spirituale
913 199 1155 235 efficiebantur
1181 202 1274 246 igni,
1312 201 1394 245 quia
1428 209 1491 244 per
1517 199 1612 243 ipsos

225 270 399 316 evangelii
426 270 561 303 flamma
588 269 701 314 magis
726 266 917 302 crescebat.
967 265 1060 300 Haec
1087 256 1364 310 ChrysostomuS.

699 591 826 653 GAP.
861 590 970 654 xci.
1011 591 1137 653 (86.)

222 693 320 735 De
351 691 600 746 septem
629 690 965 742 fratribus,
1006 691 1159 746 ¹)qui
1195 657 1465 735 filerunt
1493 688 1612 734 filii

604 767 833 811 beatae
863 766 1235 811 Felicitatis.

312 876 453 921 Septem
479 876 605 911 fratres
633 876 771 910 suerunt
807 876 869 910 filii
903 876 1028 911 beatae
1054 875 1266 917 Felicitatis,
1301 885 1445 920 quorum
1475 876 1614 908 nomina

222 945 302 976 sunt
329 941 537 989 Januarius,
573 940 690 983 Felix,
726 941 927 987 Philippus,
961 943 1143 984 Silvanus,
1177 940 1399 983 Alexander,
1429 939 1554 974 Vitatis
1582 944 1616 974 et

223 1007 411 1042 Martialis.
460 1007 530 1042 Hos
558 1017 676 1041 omnes
701 1018 775 1041 cum
803 1013 913 1042 matre
934 1010 1037 1053 jussu
1066 1009 1287 1053 imperatoris
1306 1007 1447 1041 Antonii
1471 1005 1615 1040 Publius

223 1073 424 1117 praefectus
460 1073 503 1107 ad
537 1083 575 1107 se
611 1067 735 1107 vocari
757 1073 840 1107 fecit
866 1076 1047 1119 suasitque
1074 1075 1195 1115 matri,
1232 1077 1269 1107 ut
1306 1075 1360 1107 sui
1399 1077 1431 1107 et
1467 1072 1615 1106 liliorum

223 1150 363 1172 suorum
402 1140 561 1172 misereri
598 1138 753 1172 deberet.
804 1138 900 1177 Quae
926 1141 995 1173 ait:
1024 1127 1136 1185 neque
1169 1138 1351 1173 blanditiis
1383 1140 1452 1172 tuis
1490 1142 1614 1182 potero

223 1205 338 1246 allici,
374 1215 437 1239 nec
470 1203 665 1239 terroribus
700 1204 837 1250 frangi3
877 1215 1003 1239 secura
1036 1206 1123 1240 enim
1153 1216 1226 1239 sum
1261 1204 1303 1239 de
1328 1205 1453 1249 spiritu
1479 1208 1614 1245 sancto,

224 1282 324 1317 quem
348 1270 485 1314 habeo,
521 1271 604 1315 quia
635 1274 668 1304 te
702 1270 878 1315 superabo
914 1272 995 1306 viva
1023 1264 1057 1305 et
1088 1270 1210 1305 melius
1235 1272 1369 1303 vincam
1395 1271 1524 1303 occisa.
1573 1268 1615 1302 Et

223 1347 394 1371 conversa
420 1337 465 1371 ad
492 1335 583 1370 filios
610 1336 678 1370 ait:
706 1337 842 1379 videte,
867 1337 950 1380 filii,
988 1338 1021 1371 in
1046 1336 1179 1372 eoelum
1209 1340 1243 1371 et
1267 1345 1402 1369 sursum
1428 1335 1614 1379 adspicite,

223 1404 416 1444 carissimi,
446 1404 529 1448 quia
551 1402 680 1437 ibidem
706 1403 865 1446 Christus
890 1414 954 1438 nos
980 1407 1182 1448 exspectat,
1219 1401 1358 1436 sortiter
1384 1411 1448 1446 pro
1474 1400 1614 1435 Christo

224 1473 380 1515 pugnate
407 1472 441 1503 et
467 1467 590 1503 fideles
617 1480 679 1503 vos
705 1471 739 1504 in
766 1469 896 1504 Christi
921 1480 1039 1504 amore
1065 1468 1240 1505 exhibete.
1290 1467 1388 1508 Quod
1418 1466 1618 1512 pra'ei'eetus

225 1535 373 1569 audiens
401 1544 475 1568 eam
501 1534 616 1579 alapis
643 1535 743 1569 caedi
770 1536 889 1580 jussit.
941 1535 1022 1569 Cum
1058 1546 1144 1581 ergo
1177 1538 1287 1568 mater
1317 1537 1351 1567 et
1385 1532 1447 1566 filii
1484 1534 1517 1566 in
1549 1531 1616 1566 fide

224 1600 499 1634 constantissimi
526 1605 758 1644 apparerent,
796 1611 915 1636 omnes
949 1605 1059 1635 matre
1094 1600 1232 1635 vidente
1262 1604 1296 1634 et
1319 1598 1538 1633 confortante
1564 1597 1617 1631 di-

226 1667 338 1700 versis
364 1669 443 1699 sunt
468 1665 653 1710 suppliciis
676 1669 834 1711 peremti.
883 1667 977 1701 Hanc
1000 1667 1138 1701 beatam
1154 1665 1372 1701 Felicitatem
1403 1667 1505 1698 vocat
1530 1662 1616 1697 (ire-

226 1733 347 1777 gorius
366 1730 444 1775 plus
464 1740 564 1775 quani
583 1733 770 1774 martirem,
799 1734 881 1777 quia
900 1735 1031 1777 septies
1046 1742 1154 1776 passa
1181 1736 1234 1766 est
1259 1732 1292 1765 in
1319 1735 1451 1775 septem
1477 1729 1557 1763 liliis
1584 1733 1618 1763 et

226 1801 352 1830 octavo
377 1798 411 1829 in
435 1806 583 1840 corpore
608 1806 683 1831 suo.
734 1796 926 1843 Gregorius
946 1799 979 1831 in
1002 1797 1172 1831 homiliis:
1197 1797 1304 1830 beata
1322 1795 1500 1837 Felicitas,
1527 1804 1618 1839 quae

227 1860 402 1896 eredendo
430 1863 564 1894 exstitit
588 1862 717 1896 aneilla
744 1862 885 1905 Christi,
915 1862 1153 1907 praedicando
1177 1862 1282 1896 etiam
1308 1861 1401 1895 sacta
1422 1864 1475 1894 est
1498 1861 1618 1893 martir

225 1928 377 1969 Christi,
407 1931 538 1971 septem
566 1938 704 1972 quoque
730 1927 819 1962 tilios
847 1929 899 1962 sie
921 1932 1002 1973 post
1027 1938 1065 1962 se
1091 1928 1288 1972 relinquere
1322 1928 1435 1960 timuit
1460 1927 1558 1960 vivos
1585 1927 1618 1959 in

224 2003 352 2034 carne,
385 1993 476 2026 sicut
508 1993 668 2027 carnales
700 1998 863 2037 parentes
900 1994 1015 2028 solent
1047 1998 1223 2035 metuere,
1258 2003 1301 2027 ne
1334 1995 1489 2025 mortuos
1513 2001 1618 2035 prae-

226 2060 382 2100 mittant;
423 2059 614 2102 parturivit
652 2060 798 2103 spiritu,
831 2060 918 2105 qu'os
953 2070 1057 2094 carne
1079 2061 1285 2103 pepererat,
1321 2062 1358 2091 ut
1382 2056 1618 2102 praedicando

226 2128 367 2168 pareret
381 2123 468 2166 Deo,
495 2134 582 2169 quos
610 2134 714 2159 earne
740 2128 926 2169 pepererat
950 2125 1098 2168 mundo;
1126 2123 1217 2158 iiiios
1245 2133 1342 2165 suos,
1369 2132 1456 2168 quos
1481 2132 1619 2157 carnem

227 2199 447 2224 suam-esse
482 2194 650 2231 noverat,
695 2191 771 2225 sine
814 2189 937 2224 dolore
974 2201 1041 2224 non
1084 2193 1225 2234 poterat
1260 2190 1447 2224 morientes
1469 2188 1618 2231 ‘videre,

227 2255 289 2289 sed
317 2259 395 2289 erat
426 2256 478 2289 vis
506 2257 634 2289 amoris
662 2257 828 2298 interior,
861 2265 951 2301 quae
977 2255 1133 2289 dolorem
1160 2256 1316 2289 vinceret
1338 2256 1465 2288 earnis.
1514 2254 1619 2289 Recte

226 2331 313 2366 ergo
339 2319 429 2354 hane
455 2320 616 2355 seminam
642 2321 735 2355 ultra
768 2323 943 2356 martirem
973 2321 1139 2362 dixerim,
1176 2331 1266 2366 quae
1301 2321 1431 2355 totiens
1469 2321 1504 2354 in
1539 2319 1619 2353 tiliis

225 2390 280 2420 est
306 2390 340 2420 et
366 2390 434 2420 tam
468 2386 711 2421 desideranter
743 2388 925 2421 exstincta.
974 2387 1059 2421 Dum
1094 2387 1182 2420 enim
1216 2386 1396 2431 multiplex
1429 2387 1618 2420 martirium

226 2452 396 2495 obtinuit,
421 2454 501 2498 ipsa
525 2462 665 2498 quoque
690 2453 837 2486 martirii
862 2452 1010 2497 palmam
1036 2453 1139 2495 vicit,
1175 2454 1258 2498 quia
1284 2457 1318 2487 et
1343 2462 1462 2486 amore
1488 2449 1616 2485 Christi

225 2517 302 2550 sola
321 2528 413 2551 mors
436 2528 499 2552 sua
520 2520 550 2553 ei
573 2520 709 2553 minime
731 2517 878 2552 suffecit.
908 2517 1008 2552 Passi
1030 2517 1476 2553 sinitcircaannosdomini
1498 2515 1532 2558 ²)
1546 2513 1617 2549 CX.

297 2616 319 2643 Ι)
349 2617 445 2641 erlm
475 2617 537 2650 qui
570 2632 599 2637 —
628 2615 854 2643 Felicitatis
881 2615 992 2642 imiimi
1023 2615 1078 2643 Ed.
1107 2619 1151 2644 l'r.
1255 2617 1282 2647 2)
1310 2613 1422 2641 }1‹l.1'·-.
1443 2611 1519 2638 matu
1541 2611 1608 2643 lvgit

225 2660 319 2684 MlX.
