1742 3005
316 91 412 138 [ap.
448 88 668 124 (LXXXII.
737 89 793 125 De
825 88 1067 125 dedicatione
1098 89 1294 125 ecciesiae.
1416 88 1492 127 851

110 192 344 227 testimonium
381 194 621 227 conscientiae
656 196 819 233 nostram
858 192 983 227 honam
1024 192 1168 234 sarnam,
1205 192 1229 227 1.
1259 192 1409 229 Tiinotli.
1436 194 1498 229 Ill:

111 261 251 302 oportet
289 258 382 292 illum
417 260 652 292 testimonium
688 258 818 292 habere
853 257 979 292 bonum
1015 258 1058 292 ab
1090 258 1166 300 liis,
1204 260 1261 304 qui
1298 259 1383 294 soris
1408 266 1499 296 sunt.

111 322 398 368 Clirysostomus:
440 324 557 358 clerici
585 324 712 358 nullam
740 324 867 358 delient
892 323 1024 358 habere
1050 324 1216 358 maculam
1244 335 1308 359 nec
1334 327 1366 360 in
1393 328 1499 361 verbo

110 398 173 423 nec
212 390 245 422 in
288 390 447 434 cogitatu
491 399 552 423 uec
596 391 628 423 in
665 390 758 423 Iacto
793 390 922 423 necin
957 391 1143 433 opinione,
1187 391 1268 434 quia
1310 393 1377 435 ipsi
1421 400 1501 427 sunt

111 454 333 498 pulchritudo
372 459 407 489 et
439 457 547 489 virtus
586 454 779 492 ecclesiae-3
829 458 862 487 et
888 455 916 486 si
945 454 1024 487 mali
1055 454 1200 496 suerint,
1234 459 1341 489 totam
1381 458 1499 492 detur<

111 524 195 563 pant
221 519 416 554 ecclesiam.
467 520 572 554 Sexto
600 519 728 554 delient
753 518 885 552 habs-re
911 519 1110 552 munditiam
1139 521 1354 563 operationis
1372 522 1497 558 bonae.

110 585 210 631 Quod
239 584 458 630 significatur
484 595 547 629 per
571 594 705 629 pannos
731 583 831 617 albos
860 588 891 617 et
920 584 1082 625 mundos,
1119 585 1244 629 quilius
1277 586 1388 622 altare
1415 599 1498 632 ope*

110 651 207 684 ritur.
256 649 344 684 Usus
381 650 468 684 enim
505 652 786 684 vestimentorum
823 651 982 684 inventus
1010 653 1061 683 cst
1089 650 1130 683 ad
1160 651 1367 695 tegendum,
1404 653 1498 688 calc-

110 715 302 750 t'aciendum
330 719 364 749 et
388 715 591 750 ornandum.
640 715 696 748 Sic
723 715 813 749 bona
847 725 955 759 opera
984 719 1107 757 tegunt
1133 718 1269 751 animae
1296 718 1499 756 nuditatem,

109 781 256 825 Apocat.
283 779 345 815 III:
380 783 595 815 vestimentis
634 781 724 814 albis
759 780 934 821 induaris,
972 785 1007 814 ut
1045 792 1109 814 non
1144 787 1314 826 appareat
1339 785 1499 819 confusio

109 845 278 880 mutitatis
312 850 407 881 tuae.
458 846 591 880 Ornant
625 848 769 880 animam
805 846 848 879 ad
876 845 1114 888 honestatem,
1147 846 1289 882 Roman.
1316 849 1412 883 XIII:
1448 852 1499 884 iu-

109 912 256 946 (luamur
290 922 386 946 arma
419 913 504 946 lucis
546 916 614 947 etc.
671 912 891 946 (Ialct‘aciunt
936 903 1177 945 inflammando
1222 913 1265 946 ad
1306 916 1498 953 caritatem,

107 978 190 1014 JolJ.
215 978 400 1013 XXXVII:
435 989 549 1012 noune
584 979 790 1010 vestimenta
826 980 884 1009 tua
920 977 1034 1010 calida
1069 981 1146 1010 sunt
1183 980 1277 1012 ete?
1324 979 1499 1014 Modicum

110 1046 198 1078 enim
226 1044 359 1078 valeret
385 1043 565 1078 accedenti
598 1043 641 1076 ad
678 1043 808 1083 altare⁷
845 1044 873 1076 si
909 1042 1055 1076 liaberet
1093 1043 1297 1089 dignitatem
1337 1056 1499 1080 summam

109 1114 144 1144 ct
176 1111 278 1144 vitam
314 1110 480 1151 intimam,
523 1108 712 1143 Bernar‹l.:
752 1113 974 1142 monstruosa
1007 1119 1061 1142 res
1098 1114 1151 1142 cst
1185 1109 1286 1143 sedes
1324 1113 1435 1155 prima
1469 1117 1500 1146 ct

110 1177 182 1209 vita
207 1177 294 1217 ima,
327 1175 459 1220 gradus
485 1185 665 1219 supremus
694 1178 727 1208 ct
752 1178 863 1207 status
892 1175 1047 1216 intimus,
1084 1174 1197 1208 vultus
1224 1178 1366 1220 gravis,
1403 1182 1500 1211 actus

110 1242 219 1282 levis,
247 1251 360 1275 sermo
388 1241 533 1282 multus,
562 1240 693 1273 fructus
718 1240 851 1279 nutius,
891 1241 1013 1283 ingens
1040 1242 1230 1275 auctoritas
1257 1247 1291 1275 et
1317 1244 1420 1276 animi
1448 1245 1499 1276 iu-

110 1307 301 1343 stabilitas.
350 1305 511 1340 Secundo
538 1305 719 1340 ridendum
748 1310 817 1347 est,
846 1305 996 1353 qualiter
1022 1307 1174 1341 ccclesia
1202 1313 1440 1350 consecratur,
1469 1314 1502 1343 ct

110 1373 155 1408 ad
192 1373 258 1407 hoc
290 1372 393 1417 plura
428 1376 647 1406 concurrunt.
697 1370 892 1415 Episcopus
939 1373 1026 1405 enini
1070 1373 1178 1416 ipsam
1222 1373 1404 1407 ecclesiam
1448 1379 1502 1409 ter

109 1440 234 1474 circuit
261 1443 295 1473 et
321 1437 476 1490 qualibet
504 1439 578 1472 vice
605 1439 748 1471 venirus
775 1437 819 1471 ad
847 1437 1028 1471 ecclesiam
1045 1439 1186 1483 januam
1211 1441 1359 1483 percutit
1376 1440 1499 1473 baculo

110 1504 282 1550 pastorali
309 1503 445 1537 dicens:
479 1504 614 1548 aperite
650 1508 771 1547 portas
808 1504 983 1547 principes
1020 1508 1153 1537 vestras
1181 1509 1244 1538 etc.
1293 1503 1442 1538 Interius
1470 1510 1500 1539 et

111 1572 266 1606 exterius
302 1579 393 1615 aqua
425 1568 609 1603 benedicta
643 1571 721 1614 ipsa
753 1569 904 1603 ecclesia
937 1570 1124 1613 irrigatur,
1163 1570 1194 1602 in
1230 1572 1427 1614 pavimento
1467 1571 1500 1604 su

110 1646 194 1671 crux
227 1635 271 1670 de
305 1637 422 1670 cinere
454 1639 488 1669 et
519 1634 644 1668 sabulo
681 1645 722 1668 cx
755 1639 957 1668 transverso
993 1634 1122 1679 angulo
1150 1637 1296 1669 orientis
1325 1647 1432 1681 usque
1458 1637 1500 1670 ad

112 1701 276 1748 angulum
302 1700 495 1735 occidentis
523 1705 556 1735 et
582 1700 629 1734 ibi
656 1700 782 1734 litteris
808 1702 947 1745 graecis
977 1710 1017 1733 ac
1043 1700 1161 1733 latinis
1189 1701 1355 1735 scribitur
1380 1701 1503 1746 alpha-

79 1768 85 1771 ”
112 1767 249 1809 belum,
292 1767 326 1800 in
354 1766 548 1811 parictibus
578 1766 748 1801 ecclesiae
775 1776 894 1800 cruces
921 1765 1157 1811 ‹lepinguutur
1183 1770 1216 1800 et
1249 1769 1348 1811 ipsae
1382 1778 1502 1802 cruces

111 1833 348 1867 illuminantur
372 1836 407 1867 et
430 1831 617 1866 chrismate
645 1833 867 1877 inunguntur.
914 1831 1061 1866 Primum
1089 1842 1187 1876 ergo,
1215 1833 1349 1866 scilicet
1374 1833 1501 1877 triplex

110 1900 297 1942 circuitus,
331 1899 450 1944 signat
474 1898 644 1943 triplicem
673 1900 872 1939 circuitum,
909 1908 1007 1943 quem
1043 1898 1126 1931 fecit
1163 1897 1322 1932 Christus
1359 1903 1503 1943 propter

112 1967 224 2011 ipsius
250 1964 422 2000 ecclesiae
448 1963 770 1998 sanctificationem.
819 1963 953 1998 Primus
980 1963 1064 2005 suit,
1096 1963 1186 2008 quod
1215 1963 1257 1998 de
1282 1964 1380 1998 coelo
1409 1965 1503 1998 veuit

113 2032 146 2064 in
171 2029 346 2071 mundum,
373 2029 558 2070 secundus,
585 2029 676 2074 quod
705 2029 748 2063 de
774 2029 898 2062 mundo
919 2028 1102 2062 descendit
1120 2029 1161 2062 ad
1184 2028 1336 2069 limbum,
1363 2030 1502 2067 tertius,

114 2095 205 2142 quod
235 2094 276 2130 de
302 2093 408 2128 limbo
434 2093 575 2127 rediens
594 2097 628 2126 et
647 2103 835 2137 resurgens
859 2092 1016 2126 ascendit
1035 2093 1067 2125 in
1091 2092 1235 2126 coelum.
1285 2092 1347 2126 Vcl
1373 2093 1501 2137 triplex

115 2162 282 2196 circuitus
315 2158 351 2192 lit
387 2158 430 2192 ad
466 2158 736 2199 ostendendum,
776 2158 867 2203 quod
905 2157 966 2190 illa
998 2157 1150 2191 ecclesia
1195 2162 1420 2192 consecratur
1458 2159 1501 2192 ad

114 2221 280 2262 honorem
314 2225 494 2258 trinitatis,
551 2223 616 2258 Vel
650 2223 779 2268 triplex
809 2225 975 2257 circuitus
1011 2225 1130 2268 signat
1165 2223 1333 2268 triplicem
1378 2227 1502 2258 statum

114 2291 360 2328 salvandorum
411 2289 454 2324 de
505 2289 673 2331 ecclesia,
732 2291 789 2334 qui
847 2293 927 2323 sunt
983 2291 1138 2335 virgines
1194 2291 1412 2323 continentes
1471 2293 1504 2322 et

115 2358 308 2403 conjugati.
380 2355 472 2390 Haec
515 2356 618 2390 etiam
662 2355 893 2401 designantur
944 2357 979 2389 in
1023 2355 1256 2400 dispositione
1311 2354 1503 2389 materialis

116 2423 309 2465 ecclesiae,
361 2423 453 2456 sicut
497 2421 652 2456 ostendit
702 2420 897 2455 Ricliardus
947 2421 989 2455 de
1031 2425 1152 2455 sancto
1192 2420 1344 2455 Victore.
1418 2418 1502 2453 Nam

115 2489 352 2524 sanctuarium
397 2488 516 2532 signat
558 2486 713 2520 ordinem
763 2488 958 2532 virginum,
1009 2487 1136 2520 chorus
1189 2486 1343 2520 ordinem
1394 2486 1504 2518 couti-

115 2556 286 2596 nentium‚
329 2562 456 2597 corpus
503 2553 809 2597 conjugatorum„
856 2552 1020 2585 Strictius
1055 2556 1108 2585 est
1140 2552 1372 2585 sanctuarium
1406 2560 1505 2595 quam

71 2648 73 2650 .
118 2619 245 2654 chorus
273 2623 307 2653 et
331 2619 457 2653 chorus
482 2627 581 2663 quain
612 2628 759 2662 corpus,
794 2618 875 2661 quia
902 2619 1086 2661 pauciores
1117 2621 1195 2650 sunt
1221 2617 1375 2662 virgines
1405 2625 1505 2659 (guam

119 2685 337 2720 continentes
381 2687 415 2719 et
455 2685 674 2718 continentes
717 2693 818 2729 quam
861 2683 1052 2728 conjugati.
1125 2682 1287 2717 Sanctior
1321 2685 1373 2716 cst
1405 2682 1507 2714 etiam

1156 2746 1233 2781 54*
