1742 3005
339 84 434 133 Cap.
467 83 547 121 XC.
604 84 661 121 De
692 91 821 121 sancto
851 84 974 122 Paulo
1008 85 1193 135 apostolo.
1384 84 1466 125 389

77 197 139 222 nes
174 188 372 221 innumeras
407 189 497 221 omni
533 193 609 222 erat
642 188 760 233 lapide
796 189 1014 224 tolerantior.
1064 189 1129 229 Qui
1155 200 1223 223 non
1248 198 1269 223 a
1293 188 1404 224 tribus
1431 195 1464 224 et

76 256 226 297 quatuor
241 254 382 295 amicis,
403 253 465 288 sed
482 263 503 287 a
519 256 652 288 cunetis
673 254 886 298 infidelibus,
913 264 933 288 a
952 254 1119 289 fratribus
1145 256 1246 288 etiam
1273 255 1465 300 opprobria

37 331 40 339 ‹
75 317 292 361 sustinebat,
328 323 555 365 consputatus
581 319 624 354 ab
651 320 810 354 omnibus
834 324 939 365 atque
958 320 1178 355 maledictus:
1213 324 1247 355 et
1271 320 1363 354 illius
1390 324 1465 355 erat

3 888 6 890 ,
22 881 37 888 ‚a

73 393 202 429 magna
225 383 451 429 hospitalitas
477 389 511 420 et
534 395 618 420 cura
642 396 850 431 pauperum,
881 385 943 420 sed
977 395 1077 430 quam
1104 385 1163 419 ille
1188 395 1304 419 euram
1331 387 1462 429 impen-

75 447 182 483 debat
209 459 313 485 carne
338 449 534 491 debilibus,
572 450 661 484 hanc
684 453 752 485 iste
779 452 902 484 animis
927 449 1095 484 morbidis
1122 449 1331 491 exhibebat,
1368 451 1463 484 illius

73 516 165 548 omni
197 515 394 550 advenienti
431 514 681 560 aperiebantur
715 515 857 556 domus,
892 514 996 560 hujus
1031 525 1114 549 vero
1148 516 1264 548 anima
1295 517 1459 549 universo

73 581 217 624 patebat
241 580 338 623 orbi,
366 585 401 618 et
426 580 486 614 ille
510 579 648 625 quidem
675 589 748 613 cum
774 590 857 615 oves
885 584 919 615 et
943 579 1053 614 boves
1077 579 1226 614 haberet
1251 581 1462 621 innumeros,

72 649 148 679 erat
179 646 213 679 in
248 655 421 689 pauperes
454 644 636 687 liberalis,
679 644 737 679 hic
779 656 860 679 vero
898 645 986 679 nihil
1021 645 1169 690 amplius
1207 655 1354 690 corpore
1396 656 1459 679 suo

72 709 258 755 possidens
283 709 327 744 de
350 710 418 744 hoe
444 710 660 761 sufficienter
685 711 924 757 indigentibus
951 710 1185 753 ministrabat,
1213 711 1305 756 quod
1330 710 1461 745 alicubi

71 785 355 818 commemorans,
378 776 661 818 necessitatibuS‚
688 778 810 821 inquit,
835 778 921 810 meis
948 780 982 811 et
1006 776 1079 818 his,
1108 777 1166 821 qui
1192 786 1322 810 mecum
1349 781 1460 819 erant,

46 842 352 883 „ministraverunt
379 851 501 875 manus
528 843 627 876 istae.
677 842 747 876 Sed
776 844 878 877 etiam
912 853 1046 876 vermes
1073 846 1178 886 atque
1205 842 1348 876 vulnera
1379 852 1458 876 sae-

70 917 132 941 vos
160 911 282 942 sancto
308 906 390 942 Jobi
417 907 615 942 inferebant
641 907 804 950 dolores,
840 907 902 942 sed
934 909 964 941 si
991 907 1091 941 Pauli
1129 906 1295 948 verbera,
1334 906 1456 941 samem

71 977 284 1019 catenasque
308 983 371 1007 seu
395 973 549 1017 pericula
575 973 800 1014 consideres,
839 983 929 1018 quae
961 983 982 1006 a
1013 972 1234 1014 domesticis,
1269 972 1313 1005 ab
1341 976 1457 1007 extra—

69 1040 168 1081 neis,
210 1048 232 1072 a
265 1042 405 1072 caetero
444 1038 766 1093 patiebatur-xorlm,
803 1038 1097 1081 sollicitudinem,
1143 1048 1243 1083 quam
1280 1039 1355 1082 ipse
1394 1049 1457 1081 pro

69 1104 249 1146 ecelesiis,
295 1105 485 1146 ustionem,
530 1113 632 1149 quam
673 1115 735 1149 pro
771 1104 1024 1138 scandalizatis
1061 1103 1211 1148 singulis
1243 1102 1457 1147 perferebat,

67 1169 226 1212 videbis,
263 1168 357 1214 quod
383 1170 477 1204 omni
503 1173 579 1204 erat
604 1179 691 1203 saxo
715 1169 836 1203 durior
879 1170 993 1202 anima
1027 1169 1088 1202 illa
1122 1173 1156 1203 et
1186 1168 1313 1202 serrum
1353 1172 1457 1212 atque

67 1235 284 1271 adamantem
309 1234 471 1269 firmitate
495 1236 697 1279 superabat.
749 1235 846 1275 Quae
867 1236 953 1269 enim
972 1234 1031 1268 ille
1049 1245 1210 1278 corpore,
1235 1234 1324 1268 haec
1345 1238 1456 1268 mente

44 1300 195 1335 -Paulus
224 1301 411 1342 sustinuit,
439 1311 539 1345 quem
567 1301 658 1334 omni
683 1302 841 1335 moerore
866 1300 1048 1334 molestior
1073 1299 1116 1333 de
1135 1298 1284 1344 singulis
1310 1299 1455 1343 quibus-

68 1377 205 1411 cunque
229 1366 429 1400 labentibus
457 1367 635 1399 moestitia
660 1366 899 1408 consumebat,
926 1365 1016 1400 unde
1042 1370 1075 1399 et
1097 1366 1204 1410 juges
1222 1375 1264 1399 ex
1281 1375 1322 1398 eo
1341 1364 1457 1398 sontes

68 1432 296 1476 laerymarum
314 1442 383 1465 non
400 1431 524 1465 diebus
541 1431 664 1474 solum,
692 1431 755 1466 sed
770 1433 872 1466 etiam
892 1431 1051 1465 noctibus
1069 1430 1270 1472 effluebant,
1297 1431 1458 1474 omnique

70 1497 213 1531 muliere
246 1498 462 1541 parturiente
502 1496 737 1531 vehementius
772 1497 999 1542 affligebatur
1033 1498 1067 1530 in
1098 1495 1271 1541 singulis,
1313 1480 1459 1539 propter

70 1562 163 1608 quod
189 1563 291 1596 etiam
319 1561 479 1596 dicebat:
515 1562 612 1596 lilioli
635 1565 721 1605 mei,
755 1574 842 1608 quos
870 1564 993 1597 iterum
1018 1563 1186 1607 parturio.
1224 1560 1368 1606 Moyses
1395 1571 1458 1604 pro

68 1627 282 1662 Judaeorum
314 1628 430 1663 salute
466 1628 577 1663 deleri
609 1628 718 1674 elegit
747 1628 790 1663 de
826 1629 938 1670 libro,
981 1627 1124 1673 Moyses
1154 1628 1271 1671 itaque
1306 1636 1344 1660 se
1382 1636 1457 1659 cum

68 1695 219 1728 caeteris
248 1693 376 1728 obtulit
400 1684 532 1738 perire,
553 1693 682 1728 Paulus
710 1705 773 1739 pro
802 1695 972 1736 caeteris;
998 1704 1067 1727 non
1092 1693 1180 1727 enim
1208 1697 1281 1725 eum
1308 1702 1458 1736 pereun-

67 1761 161 1794 tibus
186 1761 302 1804 perire
327 1758 454 1801 voluit,
493 1759 555 1793 sed
583 1763 619 1794 ut
644 1760 704 1794 alii
730 1761 973 1802 salvarentur,
1008 1761 1084 1804 ipse
1110 1758 1154 1792 de
1181 1758 1319 1803 gloriae
1343 1761 1459 1791 aeter-

68 1827 177 1860 nitate
211 1823 388 1860 decidere.
436 1823 480 1859 Et
523 1825 661 1870 quidem
702 1826 762 1860 ille
786 1825 985 1867 Pharaoni,
1023 1824 1081 1858 hic
1117 1823 1268 1868 dyabolo
1303 1821 1459 1867 quotidie

68 1891 312 1938 repugnabat,
346 1889 406 1924 ille
441 1901 505 1935 pro
532 1901 601 1925 una
624 1896 749 1938 gente,
785 1894 852 1927 iste
887 1902 951 1937 pro
984 1892 1149 1925 universo
1179 1889 1265 1923 orbe
1298 1888 1458 1929 certavit,

68 1967 137 1991 non
164 1956 313 1999 sudore,
341 1956 405 1990 sed
433 1958 618 2002 sanguine.
660 1957 840 1993 Johannes
864 1959 899 1990 in
923 1956 1036 1990 eibum
1062 1956 1217 1989 locustas
1243 1958 1277 1989 et
1303 1953 1370 1988 mel
1397 1952 1459 1986 sil-

67 2026 184 2057 vestre
210 2020 386 2063 sumebat,
421 2021 483 2055 sed
516 2021 644 2056 Paulus
682 2024 732 2056 ita
763 2024 799 2056 in
828 2022 942 2057 medio
967 2021 1083 2055 mundi
1109 2022 1269 2064 strepitu,
1296 2017 1462 2064 quemad-

68 2087 204 2122 modum
230 2086 290 2122 ille
316 2088 350 2120 in
378 2097 493 2121 eremo
527 2089 644 2132 quiete
671 2092 831 2121 versatus
868 2091 939 2128 est,
974 2098 1043 2129 non
1077 2085 1215 2130 quidem
1252 2086 1376 2128 pastus
1408 2082 1462 2115 lo-
1481 2106 1490 2115 .

69 2154 178 2188 custis
205 2157 265 2189 aut
288 2153 388 2200 melle
415 2152 583 2187 silvestri.
632 2152 745 2187 Multo
771 2156 885 2186 autem
914 2153 1005 2185 victu
1038 2150 1165 2184 viliore
1199 2149 1254 2183 his
1279 2138 1462 2182 contenffi's

70 2222 123 2253 est
147 2228 188 2252 ac
209 2219 412 2253 necessario
438 2218 577 2264 quidem
604 2217 653 2251 ibi
680 2217 866 2263 indulgens
894 2216 993 2258 cibo,
1031 2215 1181 2250 ferventi
1211 2214 1328 2248 studio
1355 2223 1459 2258 prae·

69 2282 220 2317 dicandi.
267 2283 394 2318 Verum
429 2284 524 2318 illius
560 2284 733 2318 adversus
769 2282 1001 2317 Herodiadem
1035 2282 1200 2326 apparuit
1225 2290 1354 2326 magna
1379 2289 1461 2312 eon-

70 2349 214 2390 stantia,
242 2353 277 2382 et
300 2348 359 2382 ille
383 2359 452 2382 non
475 2360 576 2383 unum
605 2353 666 2383 aut
691 2348 779 2382 duos
809 2353 869 2382 aut
895 2352 989 2390 tres,
1025 2347 1090 2381 sed
1123 2348 1322 2380 innumeros
1349 2347 1382 2377 et
1415 2345 1463 2376 si-

69 2414 142 2448 mili
167 2414 303 2458 positos
328 2416 504 2458 potestate
530 2416 711 2458 corripuit,
737 2416 837 2447 immo
862 2413 970 2458 longe
995 2412 1067 2448 illis
1088 2413 1268 2445 saeviores
1284 2414 1462 2454 tyrannos.

70 2479 205 2522 Restat,
233 2483 270 2512 ut
291 2478 433 2513 Paulum
460 2478 597 2523 angelis
625 2488 877 2522 comparemus,
901 2478 936 2511 in
964 2476 1090 2521 quibus
1115 2475 1331 2521 magnificum
1358 2484 1461 2520 prae-

73 2544 252 2586 dicamus,
275 2544 370 2589 ,quia
400 2553 474 2577 cum
508 2544 601 2576 omni
636 2552 720 2576 cura
750 2542 824 2577 Deo
860 2541 1028 2576 obedivit.
1079 2540 1178 2581 Quod
1208 2540 1319 2575 David
1351 2540 1461 2575 admi-

73 2610 182 2644 rando
211 2609 369 2644 dicebat:
405 2612 565 2653 potentes
601 2609 728 2642 virtute
766 2606 935 2642 facientes
969 2608 1110 2643 verbum
1143 2607 1220 2652 ejus
1250 2595 1322 2642 „ew-
1369 2606 1461 2655 Quid

72 2686 155 2711 vero
183 2675 276 2711 aliud
303 2674 477 2721 propheta
502 2675 535 2708 in
563 2673 700 2720 angelis
727 2674 898 2708 miratur?
933 2674 990 2718 qui
1020 2672 1123 2715 sac-it,
1156 2673 1286 2719 inquit,
1316 2672 1463 2719 angelos
