1742 3005
269 122 351 162 540
518 124 610 173 Cap.
643 122 811 160 Cxxttt.
873 124 928 160 De
961 130 1090 159 sancto
1126 123 1408 160 BartholomeO.

270 231 340 262 sita
366 238 433 261 non
459 226 604 268 tollitur,
632 225 695 260 sed
722 227 754 259 in
781 225 904 260 melius
933 229 1171 260 commutatur.
1220 226 1302 261 Mox
1330 228 1439 273 Igitur
1465 225 1659 261 decollatus

271 299 324 327 est
357 296 391 328 et
424 302 446 326 a
474 291 676 327 christianis
711 301 839 336 corpus
875 292 952 337 ejus
980 290 1154 325 sublatum
1181 291 1371 326 honorifice
1397 297 1450 327 est
1474 292 1657 336 sepultum.

270 358 323 394 Ad
349 359 448 404 cujus
473 356 695 402 sepulchrum
719 360 819 391 tanta
842 357 973 392 fiebant
997 357 1181 399 miracula,
1215 361 1252 391 ut
1276 358 1378 391 etiam
1404 367 1425 391 a
1450 358 1599 402 paganis
1625 358 1659 390 in

270 424 402 459 honore
419 425 566 457 maximo
584 421 784 458 haberetur.
810 422 932 458 Refert
945 421 1137 468 Gregorius
1147 422 1376 465 ‘I'uronensis⁷
1401 422 1493 468 quod
1510 422 1551 456 de
1568 422 1659 463 loco,

270 489 330 523 ubi
372 490 519 535 sanguis
562 489 638 534 ejus
678 488 809 523 effusus
846 493 921 531 est,
965 487 1104 533 quIdam
1147 487 1361 522 christianus
1404 493 1476 522 tres
1517 486 1659 531 lapillos

271 556 443 600 sanguine
475 564 659 599 respersos
696 553 837 588 sustulit
877 557 911 589 et
945 555 978 587 tn
1014 563 1122 599 capsa
1161 558 1334 600 argentea
1365 553 1496 588 tabulis
1531 552 1660 598 ligneis

271 622 504 665 circumsepta
528 620 670 655 locavit.
720 620 828 661 Quam
857 630 930 655 cum
959 621 992 653 in
1019 619 1169 665 quodam
1203 623 1321 654 castro
1354 620 1508 654 locasset
1540 622 1574 653 et
1607 622 1660 652 to-

270 690 341 720 tum
374 691 524 720 castrum
562 686 758 720 incendium
791 687 1064 728 consumsisset,
1107 686 1150 720 de
1193 685 1306 720 medio
1350 687 1443 732 ignis
1478 683 1662 729 praedicta

272 761 382 795 capsa
414 760 501 784 sana
533 755 567 786 et
602 752 741 796 integra
777 754 830 784 est
856 749 994 787 educta.
1043 749 1173 787 Passus
1200 756 1253 787 est
1277 753 1371 787 circa
1397 761 1506 786 annos
1533 750 1660 784 domini

277 815 487 860 ¹)CCLXX.

697 1067 824 1130 GAP.
860 1066 1055 1129 CXXIII.
1093 1067 1241 1132 (118.)

455 1167 563 1211 De
603 1168 874 1212 sancto
913 1166 1474 1212 Bal-tholomeo.

365 1275 631 1311 Bai-tholomeus
666 1278 917 1322 interpretatur
948 1276 1038 1310 filius
1077 1276 1325 1320 suspendentis
1354 1284 1464 1319 aquas
1491 1274 1543 1308 vel
1573 1273 1662 1307 lilius

273 1353 311 1376 se
346 1341 604 1386 suspendentis.
653 1343 788 1377 Dicitur
821 1344 909 1377 enim
941 1341 1070 1383 abar,
1105 1341 1195 1386 quod
1230 1344 1283 1374 est
1317 1340 1430 1381 iilius,
1466 1343 1499 1374 et
1531 1338 1661 1378 tholos,

274 1407 366 1452 quod
386 1411 440 1442 est
459 1409 652 1451 summitas,
671 1413 705 1443 et
721 1418 829 1454 moys,
854 1407 948 1453 quod
967 1411 1020 1442 est
1035 1416 1137 1452 aqua.
1164 1406 1245 1441 Inde
1261 1405 1537 1446 bartholomeus,
1557 1404 1592 1437 id
1609 1408 1664 1438 est

273 1471 365 1506 tilius
399 1472 649 1518 suspendentis
682 1484 815 1520 aquas,
852 1473 885 1507 id
921 1476 975 1508 est
999 1472 1088 1515 Dei,
1129 1474 1189 1518 qui
1218 1476 1352 1507 mentes
1379 1470 1559 1505 doctorum
1587 1480 1663 1503 sur-

273 1547 347 1571 sum
375 1538 510 1580 elevat⁷
546 1543 583 1573 ut
607 1549 718 1585 aquas
745 1540 980 1574 doctrinarum
1009 1538 1155 1573 inferius
1182 1538 1340 1572 fundant.
1391 1535 1435 1571 Et
1460 1540 1513 1571 est
1539 1545 1661 1570 nomen

274 1604 417 1649 Syrum,
473 1615 542 1638 non
592 1604 797 1639 Hebraeum.
880 1605 947 1640 Per
999 1606 1145 1650 primum
1207 1605 1295 1639 enim
1346 1606 1487 1637 notatur
1535 1601 1663 1646 triplex

273 1669 521 1714 suspendium,
557 1669 650 1714 quod
683 1671 759 1713 ipse
794 1669 927 1705 hahuit.
977 1669 1055 1705 Fuit
1087 1673 1174 1706 enim
1201 1679 1413 1715 suspensus,
1450 1667 1484 1701 id
1511 1670 1565 1702 est
1590 1666 1662 1702 ele-

274 1740 372 1770 vatus
398 1735 441 1769 ab
469 1745 586 1770 amore
612 1734 749 1777 mundi,
784 1735 840 1769 vel
864 1746 1076 1780 suspensus,
1113 1736 1147 1770 id
1175 1740 1227 1771 est
1252 1737 1404 1770 intentus
1436 1744 1553 1769 amore
1581 1744 1662 1769 coe-

273 1801 375 1843 lesti,
417 1800 471 1835 vel
507 1811 721 1846 suspensus,
756 1799 791 1834 id
829 1805 881 1835 est
915 1801 1072 1836 totaliter
1106 1803 1243 1835 iimixus
1282 1802 1420 1845 gratiae
1463 1804 1498 1833 et
1532 1798 1663 1832 auxilio

272 1866 358 1907 Dei,
391 1870 427 1900 ut
452 1877 520 1900 uon
545 1876 566 1900 a.
591 1867 663 1900 suis
689 1867 841 1908 inerms,
875 1865 937 1900 sed
971 1876 992 1900 a
1016 1866 1079 1900 Dei
1107 1866 1284 1911 adjutorio
1311 1869 1385 1899 tota
1415 1865 1487 1898 vita
1511 1873 1576 1898 sua
1601 1864 1660 1898 de-

273 1930 437 1975 pendeat‘
494 1930 560 1965 Per
602 1931 789 1966 secundum
834 1942 915 1966 vero
962 1931 1184 1977 profunditas
1227 1941 1312 1965 suae
1354 1930 1561 1974 sapientiae.
1613 1929 1661 1964 De

274 1998 373 2041 cujus
400 1998 596 2041 sapientiae
623 1997 860 2041 profunditate
888 1996 973 2030 dicit
1005 1997 1191 2041 Dionysius
1224 1998 1256 2030 In
1290 1997 1434 2040 mystica
1458 1994 1661 2041 theologia:

273 2061 410 2095 divinus
436 2061 706 2096 Bartholomeus
731 2061 816 2096 dicit
842 2066 877 2107 et
900 2062 1039 2096 multam
1065 2061 1283 2106 theologiam
1319 2070 1398 2095 esse
1432 2065 1467 2095 et
1491 2062 1662 2094 minimam

275 2131 308 2162 et
334 2127 552 2172 evangelium
578 2126 683 2160 latum
710 2132 744 2161 et
769 2137 931 2173 magnum
964 2132 999 2162 et
1026 2137 1146 2162 rursus
1173 2128 1361 2162 concisum.
1410 2125 1455 2160 Et
1479 2126 1550 2161 vult
1575 2125 1661 2160 Bar-

273 2192 468 2226 tholomeus
512 2192 698 2227 ostendere
740 2192 927 2227 secundum
968 2194 1193 2228 intentionem
1235 2192 1417 2237 Dionysii,
1462 2191 1554 2236 quod
1594 2202 1663 2226 uua

273 2257 556 2292 consideratione
582 2251 730 2302 possunt
755 2260 871 2294 omnia
895 2258 1062 2293 affirmari
1087 2258 1130 2293 de
1157 2258 1251 2300 Deo,
1281 2257 1352 2292 alia
1379 2256 1661 2292 consideratione

274 2324 386 2369 magis
413 2324 554 2367 proprie
580 2325 716 2369 negari.

363 2391 404 2425 1.
429 2387 698 2424 Bai-tholomeus
724 2389 908 2434 apostolus
935 2390 1077 2424 veniens
1103 2388 1148 2423 ad
1171 2387 1315 2431 Indiam,
1342 2399 1431 2435 quae
1457 2392 1510 2423 est
1536 2390 1567 2422 in
1597 2389 1661 2422 tino

274 2454 382 2495 orbis,
413 2453 589 2498 templum,
619 2456 737 2500 inquo
765 2459 840 2489 erat
862 2454 1001 2499 §dolum
1029 2456 1164 2489 nomine
1192 2453 1435 2498 ²)Ascaroth‚
1462 2454 1603 2487 intravit
1629 2458 1661 2487 et

275 2521 374 2562 quasi
397 2520 606 2564 peregrinus
626 2519 753 2555 ibidem
775 2530 913 2556 manere
938 2521 1107 2565 ³)coepit.
1147 2519 1183 2554 In
1203 2519 1268 2554 hoc
1287 2519 1391 2565 ydolo
1414 2518 1551 2564 qnidam
1577 2518 1658 2553 dac⁴

276 2593 350 2616 mou
379 2583 578 2625 habitabat,
608 2587 663 2630 qui
692 2595 728 2620 se
756 2586 964 2632 languentes
991 2595 1114 2620 curare
1141 2584 1296 2625 dicebat,
1323 2584 1384 2618 sed
1410 2594 1475 2617 non
1502 2583 1657 2617 sanando

276 2647 525 2689 subveniebat,
553 2649 613 2684 sed
641 2660 661 2683 a
687 2650 843 2685 laesione
869 2651 1052 2686 cessando.
1103 2650 1170 2685 Sed
1204 2660 1275 2684 cum
1301 2648 1462 2692 templum
1490 2648 1659 2692 languen-

344 2725 367 2755 l]
392 2723 445 2749 Alii
469 2711 793 2754 CIIIIYi-I-‹JI-Im-unt.
901 2729 925 2754 .“
947 2728 1002 2754 Alit
1044 2726 1234 2754 Astaroth.
1345 2725 1642 2761 xjAlifi.·10w1·i1‚
