1742 3005
286 91 368 131 836
507 89 602 136 Cap.
635 85 841 122 CLXXXI.
901 85 960 121 De
991 92 1122 121 sancto
1154 85 1308 135 Pelagio
1340 99 1456 138 papa.

287 197 336 227 ita
362 193 550 235 imperator
582 188 834 231 dissimulavit,
867 198 909 222 ac
939 190 971 222 si
1007 187 1049 222 de
1082 199 1124 223 eo
1158 189 1254 223 nulla
1285 191 1438 234 suspicio
1471 188 1671 228 haberetur,

287 258 441 303 quamvis
479 253 521 288 de
558 253 624 288 hoe
661 255 787 288 multus
821 264 935 288 sermo
971 254 1082 288 lieret.
1129 253 1226 288 Unde
1262 258 1307 296 et,
1340 264 1553 300 quocumque
1587 255 1671 295 ibat,

287 332 426 366 semper
450 329 511 354 eas
539 328 655 353 secum
683 318 845 354 ducebat.
895 319 1004 364 Hujus
1025 319 1144 354 Caroli
1170 323 1327 364 tempore
1354 318 1504 353 ol'licium
1522 319 1670 354 Ambrw

286 390 419 422 sianum
441 386 592 424 maxime
615 384 793 419 dimissum
812 388 867 419 est
885 389 918 419 et
938 384 1192 430 Gregorianum
1209 385 1426 419 sollemniter
1444 384 1672 430 divulgatum.

287 452 459 499 imperiali
484 452 693 485 auctoritate
720 450 764 484 ad
792 450 857 484 hoc
884 450 1064 495 plurimum
1096 450 1296 496 adjuvante.
1345 450 1549 484 Ambrosius
1576 459 1671 483 nam-

286 530 375 566 que,
410 522 449 552 ut
472 520 623 552 testatur
648 516 866 561 Augustinus
894 517 926 549 in
953 516 1043 550 libro
1069 517 1352 559 confessionum,
1385 526 1458 550 cum
1490 525 1511 549 a
1534 515 1675 550 Justina

285 585 527 630 imperatrice,
552 582 685 616 Ariana
710 581 856 626 pertidia
883 581 1098 626 depravata,
1133 583 1408 626 persecutionem
1435 585 1615 626 pateretur
1641 585 1674 616 et

286 655 380 686 intra
413 648 597 684 ecclesiam
633 657 706 680 eum
743 647 846 691 plebe
883 648 1058 682 catholica
1100 648 1237 682 insidiis
1279 652 1480 693 urgeretur,
1525 649 1675 681 institnit

287 717 432 761 hymnos
460 718 494 748 et
518 713 694 757 psalmos,
731 712 794 745 sed
821 723 916 746 more
943 713 1181 755 orientalium,
1216 713 1416 754 decantari,
1452 723 1494 747 ne
1523 713 1673 757 populus

287 777 586 817 moeret-isinodio
605 775 883 811 contabesceret.
913 777 1010 816 Quod
1024 788 1086 822 per
1104 789 1221 812 omnes
1242 779 1305 812 fuit
1325 778 1542 823 postmodum
1559 779 1672 812 eccle-

286 850 359 883 sias
395 846 599 880 derivatum.
650 842 776 878 Verum
804 842 997 888 Gregorius
1036 843 1253 888 postmodum
1290 845 1540 888 superveniens
1572 844 1674 888 plura

288 914 449 953 nudavit,
485 909 620 943 addidit
653 913 686 943 et
720 908 950 943 detruncavit.
1009 910 1130 944 Sancti
1165 912 1251 944 enini
1289 914 1408 954 patres
1448 919 1515 942 non
1557 910 1672 942 statim

287 981 403 1015 omnia
429 976 472 1011 ad
499 975 659 1010 decorem
687 974 791 1008 ostia-ii
819 976 1031 1019 pertinentia
1057 976 1177 1010 videre
1205 979 1412 1021 potuerunt,
1447 973 1510 1009 sed
1542 973 1673 1008 diversi

286 1048 429 1081 diversa
453 1041 714 1075 ordinaverunt.
764 1039 847 1073 Nam
875 1045 908 1075 et
929 1042 1057 1076 missae
1078 1043 1230 1086 inceptio
1250 1047 1322 1076 tres
1343 1043 1533 1075 varietates
1554 1040 1672 1078 habet,

287 1112 367 1146 olim
394 1111 482 1144 enim
510 1117 530 1140 a
558 1106 708 1140 lectione
743 1104 992 1148 inchoabatur,
1028 1109 1117 1142 sicut
1151 1107 1265 1142 adhuc
1300 1109 1332 1141 in
1367 1107 1517 1141 sabbato
1552 1111 1673 1140 sancto

285 1178 334 1212 fit.
380 1172 603 1210 Postmodum
632 1171 852 1206 Coelestinus
880 1183 971 1216 papa
996 1173 1149 1217 psalmos
1174 1173 1217 1207 ad
1245 1175 1419 1207 introitum
1439 1175 1565 1207 missae
1588 1182 1671 1206 can-

283 1244 352 1278 tari
379 1242 548 1281 instituit,
587 1238 780 1283 Gregorius
808 1249 888 1272 vero
916 1239 1091 1272 introitum
1118 1240 1245 1273 missae
1272 1251 1345 1273 cum
1371 1243 1472 1272 cantu
1499 1238 1674 1272 ordinavit

285 1315 319 1344 et
348 1317 449 1343 unum
483 1315 617 1340 versum
652 1304 694 1338 de
726 1304 786 1337 illo
828 1305 984 1349 psalmo,
1028 1306 1087 1350 qui
1120 1309 1213 1339 totus
1253 1304 1479 1346 cantabatur,
1520 1306 1671 1339 retinuit.

283 1375 442 1411 Psalmos
477 1372 558 1405 olim
592 1372 687 1404 circa
713 1380 807 1404 aram
835 1372 868 1405 in
894 1371 1030 1405 modum
1061 1382 1211 1406 coronae
1237 1372 1498 1405 circumstantes
1526 1380 1671 1404 concor-

283 1443 374 1476 diter
397 1437 630 1474 concinebant
655 1440 689 1471 et
715 1436 954 1471 inde-chorus
988 1438 1133 1480 dicitur,
1167 1437 1231 1472 sed
1264 1436 1451 1471 Flavianus
1487 1440 1521 1471 et
1551 1435 1670 1471 Theo-

282 1508 401 1547 dorus,
428 1504 520 1550 quod
539 1504 735 1537 alternatim
756 1506 990 1545 cantarentur,
1020 1505 1256 1546 instituerunt,
1283 1503 1326 1537 ab
1352 1502 1488 1549 lgnatio
1514 1501 1581 1536 hoe
1605 1501 1668 1535 ha-

282 1575 427 1614 bentes,
464 1571 521 1615 qui
548 1579 654 1613 super
679 1568 746 1602 hoc
770 1569 934 1604 divinitus
971 1570 1035 1604 suit
1069 1570 1223 1605 edoctus.
1271 1569 1499 1614 Hieronymus
1532 1578 1669 1613 quoque

281 1638 451 1684 psalmos,
478 1634 667 1681 epistolas,
704 1636 890 1679 evangelia
925 1641 958 1670 et
995 1647 1037 1671 ex
1069 1646 1196 1683 magna
1221 1640 1319 1680 parte
1345 1634 1463 1669 ol'lieia
1487 1633 1612 1668 diurna
1636 1636 1671 1668 et

281 1708 450 1738 nocturna
467 1705 608 1746 praeter
633 1705 765 1735 cantum
787 1701 973 1744 ordinavit,
1000 1702 1218 1744 Ambrosius,
1247 1702 1408 1736 Gelasius
1427 1705 1459 1735 et
1477 1699 1668 1745 Gregorius

281 1771 461 1803 orationes
483 1771 515 1802 et
534 1771 656 1801 cantus
682 1766 894 1801 addiderunt
919 1771 953 1801 et
977 1778 1050 1801 cum
1078 1768 1285 1803 lectionibus
1313 1773 1347 1802 et
1372 1778 1444 1801 cmn
1473 1766 1668 1810 evangeliis

282 1837 554 1878 coaptaverunt3
603 1832 810 1878 gradualia,
851 1836 982 1867 tractus
1017 1839 1051 1868 et
1082 1834 1227 1878 alleluja
1257 1833 1462 1867 Ambrosius
1497 1836 1530 1866 et
1561 1831 1665 1865 Gela-

279 1901 352 1933 sius
394 1903 428 1932 et
470 1897 663 1943 Gregorius
706 1897 751 1931 ad
786 1899 925 1931 missam
961 1900 1095 1932 cantari
1131 1900 1374 1937 instituerunt;
1416 1897 1568 1931 Hilarius
1612 1900 1665 1933 vel

279 1964 467 1999 secundum
502 1963 670 2008 quosdam
707 1962 930 2007 Symmachus
964 1973 1057 2008 papa
1092 1965 1143 1999 vel
1181 1964 1368 1998 secundum
1410 1964 1499 1998 alios
1537 1964 1664 1999 Teles-

277 2029 410 2073 phorus
447 2038 539 2073 papa
566 2028 704 2062 addidit
731 2027 775 2061 ad
809 2028 926 2073 gloria
961 2030 992 2062 in
1020 2030 1188 2064 excelsis:
1223 2029 1405 2063 laudamus
1442 2035 1494 2071 te,
1523 2034 1557 2064 et
1581 2041 1662 2066 cae-

274 2099 374 2136 tera,
410 2104 500 2140 quae
534 2097 735 2139 sequuntur.
795 2092 974 2127 Nocherus
1017 2093 1129 2128 abbas
1172 2096 1283 2129 sancti
1328 2094 1418 2129 Galli
1463 2098 1663 2141 sequentias

277 2171 340 2204 pro
369 2161 500 2194 neumis
536 2161 645 2204 ipsius
676 2159 820 2204 alleluja
855 2160 985 2203 primus
1020 2162 1232 2205 composuit,
1269 2161 1332 2195 sed
1369 2159 1536 2195 Nic-olaus
1570 2173 1663 2207 papa

275 2226 318 2260 ad
343 2227 470 2259 missas
507 2236 566 2260 eas
601 2226 736 2259 cantari
774 2226 959 2259 concessit.
1008 2225 1222 2260 Hermannus
1253 2226 1457 2260 Contractus
1492 2226 1662 2261 Teutoni⁴

274 2302 334 2326 cus
360 2291 458 2326 fecit:
486 2301 546 2324 rex
577 2292 814 2335 omnipotens,
850 2293 959 2325 sancti
987 2293 1131 2336 spiritus
1167 2293 1255 2326 assit
1291 2292 1399 2333 nobis,
1425 2294 1562 2338 gratia,
1582 2303 1661 2329 ,ave

275 2357 404 2399 Maria,
439 2361 474 2391 et
501 2356 746 2401 antiphonam:
780 2355 870 2390 alma
902 2356 1110 2391 redemtoris
1144 2362 1254 2392 mater
1279 2362 1312 2392 et
1338 2358 1462 2403 Symon
1492 2359 1658 2404 barjona.

274 2423 397 2458 Petrus
431 2433 512 2458 vero
548 2422 589 2457 de
624 2421 862 2466 Compostella
896 2424 1081 2467 episcopus
1117 2422 1218 2457 fecit:
1251 2424 1349 2459 salve
1381 2426 1515 2470 regina.
1563 2424 1660 2470 Sigi-

273 2488 392 2523 bertus
417 2494 530 2522 tamen
559 2487 664 2528 dicit,
696 2488 786 2532 quod
814 2487 987 2523 Robertus
1009 2499 1066 2522 rex
1090 2488 1299 2524 Francorum
1324 2490 1405 2524 fecit
1423 2491 1656 2535 sequentiam:

273 2555 381 2587 sancti
410 2555 555 2598 spiritus
581 2553 681 2587 nobis
709 2555 796 2586 assit
822 2554 938 2598 gratia
964 2558 1030 2588 ete.
1079 2555 1226 2588 Carolus
1261 2556 1317 2599 (ut
1347 2555 1453 2589 refert
1479 2554 1654 2597 Turpinus

272 2617 589 2664 archiepiscopus)
615 2623 690 2654 erat
717 2629 865 2663 corpore
892 2618 1062 2663 decorus,
1089 2620 1150 2655 sed
1180 2622 1253 2655 visu
1281 2620 1391 2661 serus,
1418 2622 1551 2654 statura
1577 2620 1653 2663 eJus

270 2680 393 2725 pedum
436 2687 516 2716 octo
557 2689 590 2717 et
634 2684 742 2719 facies
785 2686 861 2730 ejus
903 2685 1048 2729 palmam
1087 2690 1121 2720 et
1154 2685 1330 2720 dimidium
1367 2686 1399 2718 in
1433 2683 1652 2730 longitudine
