1742 3005
218 115 271 151 ὸὸ
331 117 424 163 Cap.
461 112 522 150 lX.
580 112 638 150 De
670 119 799 149 saneto
827 112 1001 150 johanne
1029 113 1203 162 apostolo
1237 119 1272 150 ei
1303 115 1547 163 evangelista.

218 220 310 266 quod
337 220 426 254 facie
452 220 570 253 tristes
597 222 737 258 essent,
791 219 910 262 virgas
935 221 969 251 et
991 218 1127 262 lapides
1154 230 1174 254 a
1200 220 1316 255 littore
1343 223 1449 255 maris
1477 222 1604 256 ‹terei-ri

219 289 297 322 feeit
334 291 367 321 et
401 296 461 320 eos
497 286 530 317 in
562 292 683 316 aurum
718 286 752 317 et
780 292 934 328 geminas
970 286 1151 319 convertit.
1224 286 1289 325 Qui
1321 288 1424 332 jussu
1450 288 1601 331 apostoli

217 355 398 387 universos
425 349 583 384 aurifices
610 352 644 383 et
669 349 879 394 gemmarios
905 358 967 392 per
992 352 1123 393 septem
1149 350 1223 384 dies
1250 356 1458 396 quaerentes
1473 355 1605 388 reversi

215 423 294 453 sunt
318 418 492 458 dieentes,
540 414 633 460 quod
660 414 710 448 illi
735 424 908 459 nunquam
934 417 1001 448 tam
1028 425 1147 459 purum
1173 426 1293 450 aurum
1321 423 1354 451 et
1378 422 1447 451 tam
1475 421 1605 463 pretio-

214 495 272 519 sas
298 492 452 529 gemmas
480 492 518 516 se
546 480 677 515 vidisse
711 482 832 515 testati
868 485 966 523 sunt,
1016 481 1172 526 dixitque
1198 484 1258 516 iis:
1312 484 1358 516 ite
1387 487 1421 517 et
1446 483 1603 519 redimite

216 550 313 584 robis
341 554 477 590 terras,
517 557 605 593 quas
631 546 858 589 vendidistis,
896 548 978 592 quia
1003 547 1176 581 caelorum
1205 551 1362 592 praemia
1388 549 1603 594 perdidistis,

214 620 326 651 estote
350 615 477 657 floridi,
505 618 541 648 ut
557 615 796 655 marcescatis,
824 616 937 647 estote
964 612 1090 647 divites
1119 615 1370 658 temporaliter,
1401 620 1436 649 ut
1462 617 1494 649 in
1524 627 1604 661 per-

214 686 353 727 petuum
384 680 598 714 mendicetis.
670 678 766 713 Tunc
801 679 983 723 apostolus
1018 682 1140 713 eontra
1167 679 1307 715 divitias
1333 681 1463 716 diutius
1489 681 1605 727 coepit

213 748 416 793 disputare,
445 744 652 787 osteudens,
690 744 781 789 quod
807 743 852 778 Vl
878 749 977 787 sunt,
1012 755 1101 789 quae
1127 744 1254 779 debent
1280 757 1344 780 nos
1369 746 1412 781 ab
1439 748 1604 783 immode-

213 818 290 848 rato
316 812 514 847 divitiarum
540 812 700 855 appetitu
726 809 916 845 retrahere.
965 810 1114 844 Primum
1142 815 1196 845 est
1220 813 1383 856 seriptum
1399 841 1407 855 ,
1433 802 1522 848 unde
1550 825 1604 847 re-

212 880 334 914 citavit
357 877 549 923 hystoriam
574 877 616 912 de
644 877 752 911 divite
779 875 947 921 epulone,
991 887 1092 921 quem
1119 877 1211 911 Deus
1238 878 1461 922 reprobavit,
1500 883 1534 913 et
1562 880 1603 914 de

211 946 351 980 Lazaro
380 954 555 989 paupere,
602 954 701 991 quem
726 942 819 977 Deus
845 942 966 988 elegit.
1026 942 1220 978 Secundum
1249 948 1302 978 est
1326 948 1475 987 natura,
1522 947 1604 990 quia

212 1011 314 1046 homo
339 1012 413 1044 sine
442 1009 572 1043 divitiis
598 1011 753 1043 nascitur
779 1012 812 1042 et
839 1008 951 1043 nudus
977 1013 1010 1043 et
1035 1011 1109 1044 sine
1135 1009 1264 1044 divitiis
1291 1011 1445 1045 moritur.
1517 1010 1605 1046 Ter-

211 1080 294 1112 tium
322 1081 374 1111 est
398 1079 573 1117 ereatura,
605 1076 687 1120 quia
713 1074 778 1116 sol,
806 1074 899 1117 luna,
926 1074 1064 1119 sydera,
1092 1075 1224 1120 pluvia,
1252 1080 1315 1110 aer
1339 1076 1496 1111 omnibus
1524 1082 1603 1111 sunt

211 1144 404 1178 eommunia
429 1145 463 1176 et
488 1142 713 1175 communiter
739 1151 802 1174 sua
828 1140 996 1175 beneficia
1023 1141 1238 1186 largiuntur:
1291 1143 1341 1175 sie
1367 1146 1401 1176 et
1427 1143 1517 1177 inter
1541 1142 1604 1177 lio-

211 1212 320 1244 mines
347 1209 461 1243 omnia
486 1208 679 1241 eommunia
703 1217 782 1241 esse
812 1206 989 1241 deberent.
1041 1207 1206 1246 Quartum
1234 1211 1287 1240 est
1319 1206 1470 1242 fortuna.
1509 1208 1605 1243 Dixit

212 1278 323 1318 enim,
370 1274 462 1320 quod
490 1283 613 1307 servus
639 1272 788 1307 eflicitur
815 1274 938 1307 nummi
968 1276 1001 1306 et
1028 1272 1189 1317 dyaboli:
1238 1274 1385 1316 nummi,
1427 1275 1510 1319 quia
1534 1285 1602 1309 non

211 1340 371 1387 possidet
396 1339 550 1381 divitias,
578 1339 639 1373 sed
663 1341 737 1384 ipse
764 1350 785 1373 a
809 1339 940 1373 divitiis
967 1338 1185 1383 possidetur3
1213 1338 1367 1383 dyaboli,
1397 1341 1479 1384 quia
1498 1342 1602 1385 juxta

211 1406 429 1453 evangelium
459 1409 594 1439 amator
619 1406 786 1449 pecuniae
821 1415 942 1440 servus
978 1409 1031 1439 est
1064 1404 1294 1439 irlannnonac.
1366 1406 1526 1446 Quintum
1552 1412 1605 1442 est
1631 1439 1636 1442 .

210 1483 306 1515 eura,
342 1473 424 1517 quia
452 1470 581 1505 habent
607 1481 723 1505 euram
749 1475 784 1505 et
809 1471 1076 1506 sollicitudinem
1103 1471 1260 1504 diurnam
1287 1475 1321 1506 et
1344 1475 1545 1507 nocturnam
1570 1475 1603 1506 in

211 1537 448 1584 acquirendo,
486 1539 519 1571 in
547 1536 777 1571 eustodiendo
800 1538 969 1571 timorem.
1020 1538 1162 1571 Sextum
1189 1541 1242 1571 est
1261 1538 1403 1582 Jaetura
1428 1542 1462 1572 et
1486 1542 1602 1573 osten-

211 1605 272 1645 dit,
299 1602 392 1648 quod
419 1602 563 1637 divitiae
589 1606 668 1636 sunt
689 1612 796 1636 causa
817 1604 1000 1648 jacturae,
1030 1612 1119 1647 qnae
1145 1606 1197 1636 est
1222 1604 1255 1635 in
1283 1604 1515 1647 acquisitione
1540 1603 1602 1638 du-

210 1670 311 1715 plicis
337 1668 440 1710 mali,
490 1668 625 1702 scilieet
650 1667 731 1701 mali
756 1670 789 1701 in
816 1669 1016 1713 praesenti,
1048 1668 1141 1712 quod
1167 1672 1219 1701 est
1246 1668 1374 1709 elatio,
1403 1672 1438 1701 et
1461 1669 1541 1702 mali
1569 1671 1601 1702 in

211 1736 340 1777 futuro,
369 1733 460 1779 quod
490 1738 542 1768 est
571 1737 715 1768 aeterna
744 1734 918 1768 damnatio
935 1762 942 1776 ,
972 1737 1006 1768 et
1031 1733 1198 1774 alteriuS,
1227 1733 1320 1778 quod
1346 1737 1400 1767 est
1424 1737 1458 1768 in
1484 1734 1601 1779 perdi-

210 1804 303 1837 tione
329 1806 494 1843 aeterna,
521 1800 654 1834 scilieet
678 1800 825 1845 duplicis
851 1799 955 1842 boni,
984 1801 1017 1833 in
1045 1800 1245 1843 praesenti,
1272 1799 1363 1844 quod
1391 1804 1445 1834 est
1469 1802 1599 1845 gratia,

210 1874 244 1903 et
270 1868 351 1906 honi
380 1869 413 1901 in
441 1866 568 1907 futuro,
596 1866 686 1911 quod
713 1870 766 1900 est
791 1870 935 1901 aeterna
960 1866 1086 1911 gloria.
1115 1886 1159 1890 ——
1184 1886 1226 1890 —
1248 1885 1292 1891 —
1311 1869 1355 1902 ἃ.
1385 1866 1466 1899 Cum
1494 1867 1601 1911 igitur

209 1939 349 1969 sanctus
376 1932 554 1968 ,Iohannes
579 1937 701 1967 contra
726 1932 867 1967 divitias
893 1931 1011 1966 taliter
1036 1931 1244 1976 disputaret,
1269 1941 1348 1965 ecee
1363 1932 1504 1975 juvenis
1523 1933 1598 1976 qui-

209 2001 286 2035 dam
311 2002 465 2033 mortuus
492 1998 724 2041 efferebatur,
763 2000 821 2044 qui
846 2000 993 2043 triginta
1017 1997 1092 2032 dies
1120 1996 1294 2040 habebat,
1339 1997 1431 2042 quod
1456 2008 1598 2032 uxorem

208 2069 406 2111 acceperat.
446 2064 597 2099 Veniens
626 2066 734 2109 igitur
759 2069 882 2106 mater,
909 2064 1014 2098 vidua
1042 2067 1076 2098 et
1100 2065 1243 2106 caeteri,
1272 2064 1329 2108 qni
1357 2073 1431 2097 eum
1458 2062 1599 2106 flebant,

208 2133 251 2167 ad
278 2132 385 2177 pedes
410 2131 562 2176 apostoli
589 2131 814 2176 prociderunt
838 2134 1005 2175 rogantes
1022 2158 1029 2172 ,
1074 2130 1166 2175 quod
1194 2128 1283 2164 liune
1307 2139 1468 2174 quoque,
1510 2131 1600 2163 sieut

207 2199 413 2233 Drusianam
448 2199 480 2231 in
506 2199 642 2232 nomine
667 2197 729 2232 Dei
756 2192 955 2230 suscitaret.
1001 2195 1123 2229 Flente
1148 2197 1255 2240 igitur
1281 2195 1445 2239 apostolo
1470 2195 1599 2229 diutius

207 2269 242 2298 et
266 2267 409 2305 orante,
435 2264 597 2297 continuo
625 2264 818 2297 resurrexit
843 2262 1092 2306 praecepitque
1121 2262 1174 2302 ei,
1209 2264 1246 2293 ut
1270 2260 1338 2293 illis
1365 2259 1500 2293 duobus
1527 2260 1598 2294 dis-

206 2329 332 2374 cipulis
357 2331 559 2370 enarraret,
586 2331 748 2372 (plantam
776 2328 1003 2361 incurrissent
1028 2336 1173 2371 poenam
1201 2330 1235 2359 et
1260 2329 1423 2370 quantam
1448 2325 1596 2371 gloriam

210 2394 454 2440 perdidissent.
529 2394 593 2433 Qui
627 2393 735 2427 multa
769 2392 811 2427 de
845 2393 961 2438 gloria
994 2391 1151 2436 paradisi
1185 2395 1218 2426 et
1244 2391 1286 2426 de
1311 2393 1433 2436 poenis
1458 2392 1597 2431 inferni,

209 2471 295 2505 quas
321 2460 467 2500 viderat,
495 2461 672 2493 enarravit
698 2459 835 2493 dicens:
873 2469 891 2491 o
919 2459 1054 2500 miseri,
1082 2458 1151 2492 ridi
1177 2458 1325 2503 angelos
1352 2461 1489 2493 vestros
1512 2457 1594 2491 ssen-

210 2530 260 2559 tvs
286 2530 318 2559 et
347 2525 532 2559 daemones
561 2525 792 2569 gratulantes.
818 2524 973 2569 dixitque
1001 2525 1056 2565 iiS,
1085 2523 1175 2569 quod
1201 2522 1437 2568 perdidissent
1452 2525 1593 2556 aeterna

211 2592 361 2636 palatia,
391 2600 478 2634 quae
505 2595 583 2625 sunt
608 2592 752 2637 genimis
780 2590 1043 2624 ‹eruscantibns
1071 2589 1263 2631 fabricata,
1299 2588 1468 2622 claritatis
1493 2587 1609 2620 mira-'

211 2657 288 2690 bitis
315 2658 524 2690 vomentis-a·
552 2658 705 2699 copiosis
732 2657 843 2700 epulis
871 2657 1021 2691 referta,
1049 2655 1182 2689 delitiis
1208 2655 1330 2698 plena.
1361 2652 1498 2695 {gaudiis
1524 2652 1601 2696 glo-⁷
