1742 3005
265 117 346 158 602
447 118 544 168 Cap.
576 117 783 156 CXXXVI.
839 116 898 156 De
930 118 1069 156 sanctis
1098 117 1240 156 Protho
1270 124 1308 156 et
1336 118 1520 155 Jacineto.

266 228 354 264 quos
384 220 476 252 intra
507 217 675 262 palatium
705 220 854 253 nutritos
879 230 1010 254 morum
1035 225 1070 256 et
1095 223 1236 266 generis
1261 222 1428 257 nobilitas
1453 219 1646 255 decoravit.

266 284 349 318 Cum
373 284 482 327 igitur
506 293 570 317 nec
596 284 697 317 minis
722 294 787 318 nee
812 283 994 320 blanditiis
1020 291 1253 329 moverentur,
1282 288 1317 321 iu
1341 286 1489 332 equuleo
1512 285 1645 319 disten-

264 349 392 383 duntur
426 352 460 382 et
491 347 644 393 flagellis
681 353 716 383 et
748 350 889 395 ungulis
924 354 999 384 toto
1033 360 1180 395 corpore
1213 351 1362 385 lacerati
1385 356 1484 386 aceto
1513 354 1547 386 et
1570 350 1645 384 sale

262 413 402 448 nudatis
435 423 547 458 paene
583 424 700 448 eorum
736 414 930 449 visceribus
964 415 1237 460 perfunduntur,
1287 419 1321 450 et
1357 425 1432 449 cum
1455 415 1544 450 haee
1567 415 1644 449 ala-

264 481 357 514 crius
381 479 586 520 tolerarent,
613 480 645 513 in
664 480 833 514 craticula
859 484 1035 523 assantur,
1061 480 1121 514 ubi
1147 481 1249 526 quasi
1273 481 1307 514 in
1331 481 1422 516 lecto
1447 480 1567 515 florum
1592 480 1645 514 vi-

263 543 437 579 debantur
464 546 586 589 jacere
620 544 776 589 nihilque
809 545 978 580 laesionis
1006 547 1147 580 sentire.
1196 546 1330 581 Deinde
1353 547 1456 592 jussu
1482 547 1647 581 Caesaris

261 608 389 653 laqueo
419 609 680 655 suspenduntur
712 613 746 644 et
778 620 930 656 corpora
962 611 1054 656 lupis
1078 615 1113 646 et
1138 611 1282 646 canibus
1311 616 1547 657 exponuntur,
1583 610 1646 646 sed

261 678 378 709 tamen
410 675 542 709 intaeta
576 685 597 709 a
631 675 792 711 lidelibus
825 675 1048 721 colliguntur.
1101 676 1252 720 ¹)Passi
1286 682 1366 711 sunt
1395 679 1489 712 eirca
1521 687 1645 711 annum

262 738 392 772 domini
426 739 628 776 CCLXXX.
674 740 760 775 Post
791 740 917 774 multos
951 751 1062 775 annos
1090 751 1217 786 corpus
1243 744 1354 777 sancti
1380 742 1549 789 Gorgonii
1573 740 1644 776 Ro-

260 812 347 837 mam
372 803 578 838 translatum
604 808 668 839 est.
716 805 817 839 Anno
843 805 973 839 domini
1000 806 1251 850 ²)DCCLXIII.
1272 809 1456 852 opiscopus
1475 807 1645 842 Meiensis

261 878 370 912 nepos
396 867 511 913 Pipini
536 872 632 916 regis
670 871 782 915 ipsum
816 870 862 906 ad
889 869 1023 906 Gallias
1048 871 1226 906 transtulit
1253 876 1287 907 et
1313 872 1547 919 Gorgoc-iensi
1570 882 1643 906 ino-

260 935 416 969 nasterio
444 944 506 969 eos
534 934 732 970 collocavit.

670 1258 797 1325 GAP.
830 1258 1050 1324 cxxxvi.
1086 1260 1236 1326 (129.)

419 1358 520 1403 De
548 1356 788 1403 sanctis
818 1357 1059 1404 Protho
1090 1357 1155 1401 et
1184 1356 1490 1403 Jacincto.

349 1464 498 1500 Prothus
525 1472 559 1502 et
581 1468 758 1504 Jaeinctus
789 1468 926 1501 suerunt
951 1465 1127 1501 domicelli
1154 1469 1188 1500 et
1212 1467 1245 1500 in
1269 1465 1386 1500 studio
1401 1465 1648 1511 philosophiae

261 1530 348 1563 socii
380 1529 561 1576 Eugeniae
597 1532 691 1567 filiae
715 1532 870 1577 Philippi
901 1532 1112 1566 nobilissimi
1136 1530 1367 1565 Romanorum
1392 1541 1533 1576 genere.
1583 1530 1648 1571 Qui

261 1594 399 1639 quidem
431 1595 614 1641 Philippus
648 1608 669 1632 a
701 1603 825 1632 senatu
858 1597 1114 1643 praefecturam
1140 1597 1379 1632 Alexandriae
1403 1600 1589 1641 acceperat
1614 1600 1648 1631 et

261 1659 345 1694 illue
369 1660 551 1695 Claudiam
586 1673 728 1697 uxorem
756 1673 852 1697 suam
886 1667 920 1698 et
944 1662 1035 1697 lilios
1060 1664 1197 1697 Avitum
1223 1667 1257 1697 et
1282 1662 1442 1708 Sergium
1474 1661 1647 1707 filiamque

263 1729 297 1770 ³)
310 1726 501 1773 Eugeniam
531 1737 646 1762 secum
675 1728 783 1763 duxit.
832 1728 941 1762 Porro
975 1728 1137 1773 Eugenia
1169 1728 1327 1762 omnibus
1360 1727 1481 1762 liberis
1514 1727 1648 1762 artibus

262 1796 297 1826 et
328 1793 456 1826 litteris
491 1797 567 1828 erat
602 1793 772 1838 perfecta.
819 1792 970 1827 Prothus
1001 1803 1139 1838 quoque
1167 1797 1201 1828 et
1230 1793 1407 1828 Jaeinctus
1432 1804 1549 1828 seeum
1574 1797 1647 1827 stu-

262 1856 410 1891 duerant
446 1862 479 1892 et
513 1859 555 1892 ad
586 1859 835 1903 perfectionem
870 1860 1018 1892 omnium
1052 1859 1277 1893 scientiarum
1302 1858 1529 1894 devenerant.
1576 1855 1647 1891 Eu-

261 1923 368 1967 genia
404 1924 512 1967 igitur
542 1923 615 1957 XV.
651 1924 777 1957 aetatis
809 1932 894 1956 suae
929 1933 1019 1956 anno
1053 1922 1096 1956 ab
1122 1922 1287 1967 Aquilino
1313 1922 1468 1967 Aquilini
1494 1923 1647 1957 consulis

263 1987 334 2021 tilio
358 1989 486 2031 petitur
510 1998 607 2021 uxor.
659 1987 721 2020 Cui
748 1987 827 2021 illa:
857 1992 890 2022 et
916 1989 1058 2021 maritus
1087 1999 1154 2021 non
1180 1988 1380 2028 natalibus,
1408 1987 1471 2021 sed
1494 1988 1647 2021 moribus

264 2056 318 2085 cst
352 2052 547 2097 eligendus.
596 2051 760 2086 Pervenit
798 2054 906 2097 igitur
941 2052 985 2086 ad
1021 2063 1140 2086 manus
1183 2054 1259 2097 ejiis
1294 2053 1453 2086 doctriua
1483 2051 1583 2086 Pauli
1615 2056 1650 2088 et

263 2118 380 2161 coepit
406 2118 519 2150 animo
547 2116 620 2150 lieri
645 2109 853 2153 christiana(
895 2117 1104 2152 Permissum
1132 2121 1208 2151 erat
1234 2122 1313 2152 tune
1330 2117 1530 2152 christianis
1555 2118 1651 2152 eirea

262 2183 513 2219 Alexandriam
539 2182 714 2225 habitare,
740 2183 832 2217 unde
852 2182 913 2216 illa
936 2183 1036 2227 quasi
1060 2182 1259 2217 solatiando
1285 2193 1437 2227 pergens
1463 2182 1508 2217 ad
1534 2183 1649 2217 villam

263 2251 438 2283 transiens
466 2248 599 2282 audivit
627 2248 839 2283 christianos
867 2252 1065 2283 cantantes:
1098 2259 1216 2283 omnes
1243 2248 1298 2283 Dii
1329 2248 1482 2293 gentium
1509 2247 1649 2282 daemo-

264 2315 340 2355 nia,
377 2313 536 2348 dominus
573 2319 686 2348 autem
716 2315 835 2348 caelos
874 2313 967 2348 feeit.
1017 2313 1116 2348 Tune
1150 2313 1235 2347 dicit
1262 2313 1306 2347 ad
1333 2323 1460 2357 pueros
1486 2312 1650 2347 Protlium

267 2384 301 2413 et
332 2378 547 2421 Jacinetum,
596 2380 655 2424 qui
685 2390 798 2413 seeum
833 2379 1056 2414 studuerant:
1098 2377 1386 2423 philosophorum
1426 2378 1650 2423 syllogismos

267 2444 476 2488 scrupuloso
509 2444 626 2478 studio
652 2445 907 2489 transegimus,
943 2444 1172 2478 Aristoteliea
1199 2446 1404 2489 argumenta
1435 2447 1470 2478 et
1494 2442 1650 2477 Platonis

268 2510 366 2544 ideas
395 2513 429 2543 et
455 2510 610 2544 Socratis
632 2511 761 2544 monita
780 2514 814 2544 et
832 2509 987 2544 breviter
1012 2508 1177 2554 quidquid
1201 2512 1318 2542 cantat
1342 2512 1458 2552 poeta,
1485 2506 1650 2551 quidquid

269 2579 388 2609 orator
414 2579 448 2609 et
475 2575 642 2621 quidquid
670 2575 901 2620 philosophus
933 2575 1088 2620 cogitat,
1116 2573 1183 2608 hae
1207 2575 1382 2609 sententia
1406 2570 1650 2608 exeluduntur-3

338 2672 364 2703 ι)
384 2672 498 2699 r;‹l.1·r.
519 2671 620 2700 offert:
641 2682 783 2707 passus
803 2683 842 2701 es
856 2678 873 2701 Ι,
951 2674 979 2705 2)
1002 2672 1061 2699 Alii
1081 2673 1199 2704 legunt:
1219 2670 1477 2697 Iicchxxnl.
1556 2669 1585 2700 3)
1605 2667 1650 2694 Ed

270 2718 312 2740 Pr.
333 2716 408 2742 malo
428 2716 500 2741 lim-1·
524 2716 561 2742 iln
583 2718 718 2744 ubibo-i:
749 2722 766 2744 1¹2
779 2717 915 2749 naenia
927 2728 969 2749 iu,
997 2726 1090 2749 quae
1118 2713 1294 2742 omnibuis
1322 2716 1376 2739 etc.
