1742 3005
376 111 473 162 Cap.
503 109 600 149 LIV.
657 111 717 148 De
747 110 1023 149 resurrectione
1052 109 1209 152 domini.
1439 112 1513 151 241

125 214 252 253 Matth.
289 214 376 251 ult.:
428 227 516 263 quos
561 216 790 263 intelligimus
829 220 1035 262 pecc-atores
1077 217 1114 251 in
1166 216 1359 253 undenarIo
1401 221 1517 254 trans-

126 283 323 328 gressionis
348 282 500 326 positos,
526 292 614 327 quos
641 281 798 316 dominus
825 281 1016 328 aliquando
1040 283 1161 317 visitat
1187 284 1517 320 immisericorditer.

124 347 269 382 Decimo
294 351 329 381 et
351 348 471 382 ultimo
498 349 661 392 apparuit
687 347 870 393 discipulis
897 348 1150 382 exsistentibus
1186 350 1219 382 in
1245 354 1359 385 monte
1384 351 1519 393 olIveti‚

125 413 210 448 Luc.
237 413 313 456 ult.,
338 423 401 458 per
426 423 513 458 quos
532 412 774 459 significantur
797 413 1044 448 misericordes
1066 417 1100 448 et
1118 415 1383 450 misericordiae
1408 415 1520 451 oleum

128 478 330 524 diligentes.
377 478 428 513 De
453 477 523 512 hoe
546 478 626 512 loco
653 478 878 512 adscenditur
896 479 930 511 in
957 478 1103 520 coelum,
1131 481 1214 524 qnia
1237 482 1350 525 pietas
1377 482 1420 516 ad
1447 494 1519 517 om-

126 545 186 578 nia
212 544 305 579 valet
327 544 596 589 promissionem
628 542 763 577 habens
788 548 854 577 ete.
912 542 937 576 Ι.
966 542 1119 577 Timoth.
1145 544 1200 579 lv.
1251 544 1337 579 Sunt
1370 550 1403 581 et
1429 549 1520 583 aliae

126 614 199 645 tres
224 610 478 655 apparitiones,
506 618 595 653 quae
623 607 823 642 reseruntur
848 609 882 641 in
909 608 989 652 ipsa
1016 608 1072 643 die
1096 612 1365 645 resurrectionis
1393 613 1519 654 sactae,

126 677 190 712 sed
213 680 327 710 tamen
352 674 420 708 hoc
444 684 486 708 ex
513 677 611 709 textu
637 683 705 706 non
739 672 901 707 habetur.
950 673 1066 708 Prima
1097 676 1236 720 quando
1262 680 1426 721 apparuit
1458 680 1518 715 Ja-

126 742 214 776 eobo
237 741 358 786 justo,
393 739 428 774 id
457 743 512 774 est
544 737 679 774 Jacobo
703 738 850 783 Alphei,
888 738 930 773 de
957 750 1026 784 qua
1053 742 1274 785 apparitione
1301 744 1459 780 invenies
1486 748 1520 781 in

125 805 280 852 legenda
303 793 570 850 ipsius‘'Jaeol›i.
609 804 691 839 Alia
707 815 776 849 qua
806 806 884 849 ipsa
910 805 966 839 die
991 807 1199 850 apparuisse
1221 807 1350 843 dicitur
1372 809 1518 857 Joseph,

126 874 217 907 sicut
242 872 372 918 legitur
404 872 439 905 in
476 870 662 915 evangelio
689 869 884 904 Nicodemi.
932 869 1017 904 Nam
1052 882 1126 905 cnm
1160 872 1357 908 audiissent
1379 875 1519 920 Judaei,

127 937 220 983 quod
244 936 379 982 Joseph
404 947 530 981 corpus
558 935 644 971 Jesu
666 945 688 970 a
712 935 834 980 Pylato
860 937 1022 980 petiisset
1045 940 1079 971 et
1104 938 1215 981 ipsum
1244 940 1277 972 in
1301 948 1520 977 monumento

127 1013 191 1037 suo
217 1004 417 1047 posuisset,
467 1001 643 1047 indignati
678 1001 846 1035 adversus
884 1011 959 1036 eum
985 1003 1096 1046 ipsum
1123 1009 1292 1047 ceperunt
1317 1010 1350 1040 et
1375 1008 1407 1040 in
1433 1019 1519 1053 quo-

127 1067 205 1102 dam
234 1067 395 1102 eubiculo
420 1066 612 1112 diligenter
634 1067 755 1101 clauso
780 1071 815 1102 et
839 1068 998 1113 sigillato
1025 1068 1261 1111 recluserunt,
1289 1076 1369 1114 post
1391 1073 1519 1108 sabba-

125 1137 197 1167 tum
227 1144 304 1168 eum
333 1133 497 1168 occidere
522 1133 681 1168 volentes
707 1137 740 1168 et
766 1143 849 1168 ecce
873 1133 978 1168 Jesus
1000 1135 1033 1167 in
1057 1135 1136 1178 ipsa
1162 1140 1262 1169 nocte
1290 1141 1519 1174 resurrectio-

125 1201 180 1235 nis
208 1209 382 1245 suspensa
415 1198 518 1233 domo
554 1209 576 1233 a
611 1204 762 1244 quatuor
797 1199 935 1245 angelis
969 1199 1012 1233 ad
1041 1210 1117 1234 eum
1151 1202 1294 1236 Intravit
1327 1208 1361 1238 et
1395 1204 1520 1241 faciem

127 1266 204 1310 ejus
230 1266 379 1301 extersit
404 1269 439 1300 et
463 1265 617 1299 osculum
652 1265 749 1300 dedit
782 1270 816 1300 et
849 1265 928 1300 inde
963 1265 1069 1299 salvis
1095 1267 1225 1311 sigillis
1258 1278 1333 1302 eum
1366 1270 1519 1306 educens

127 1333 162 1366 in
188 1331 324 1366 domum
341 1341 438 1366 suam
465 1332 501 1365 in
527 1330 724 1366 Arimathia
749 1332 860 1375 ipsum
881 1330 1038 1364 adduxit.
1087 1331 1224 1375 Tertia,
1250 1343 1318 1377 qua
1342 1340 1422 1370 ante
1438 1347 1518 1372 cae-

126 1401 223 1431 teros
246 1398 378 1442 virgini
401 1396 540 1438 Mariae
571 1397 779 1440 apparuisse
806 1396 974 1437 creditur3
1010 1396 1093 1431 licet
1117 1396 1185 1432 hoc
1219 1398 1262 1432 ab
1288 1402 1518 1445 evangelistis

126 1465 296 1497 taceatur.
330 1461 403 1496 Hoc
429 1471 574 1497 romana
599 1461 751 1495 ecclesia
771 1462 970 1506 approbare
998 1445 1279 1508 videtur‚'qtiae
1305 1468 1420 1500 statim
1441 1469 1520 1513 ipsa

129 1526 185 1562 die
209 1526 303 1571 apud
321 1531 475 1561 sanctam
496 1527 646 1562 Mariam
669 1526 826 1561 celebrat
839 1528 1036 1562 stationem.
1086 1528 1123 1562 Si
1148 1530 1237 1563 enini
1262 1529 1329 1564 hoe
1354 1531 1433 1566 ideo
1450 1544 1519 1568 non

126 1591 300 1635 creditur,
334 1594 417 1637 quia
439 1592 554 1626 nullus
582 1592 804 1638 evangelista
827 1596 1000 1635 testatur,
1036 1603 1256 1640 consequens
1279 1600 1350 1638 est,
1379 1601 1416 1632 ut
1439 1604 1520 1643 post

128 1659 419 1693 resurrectionem
444 1668 614 1703 nunquam
638 1658 707 1693 sibi
731 1660 944 1702 apparuerit,
971 1660 1054 1704 qnia
1074 1659 1133 1693 ubi
1156 1660 1211 1694 vel
1225 1662 1376 1706 quando,
1404 1665 1528 1699 nullus-

128 1723 352 1769 evangelista
373 1722 548 1758 edtsserit.
605 1723 674 1758 Sed
699 1722 813 1766 absit,
847 1728 884 1758 ut
916 1724 1021 1759 talem
1048 1729 1191 1760 matrem
1225 1728 1307 1762 talis
1342 1728 1431 1763 tilius
1456 1732 1518 1765 tali

128 1790 347 1836 negligentia
376 1787 658 1823 dehonoraverit.
714 1789 784 1824 Sed
817 1789 897 1825 ideo
925 1790 1046 1825 forsan
1079 1791 1135 1826 hic
1169 1794 1408 1839 evangelistae
1433 1796 1518 1831 sub-

124 1857 318 1899 ticuerunt,
355 1855 438 1900 quia
461 1864 579 1889 eorum
604 1854 671 1888 suit
695 1854 848 1890 osticium
873 1856 1089 1891 solummodo
1115 1861 1383 1895 resurrectionis
1409 1865 1518 1897 testes

127 1920 308 1964 inducere,
333 1924 476 1955 matrem
501 1924 616 1954 autem
642 1920 687 1955 ad
707 1921 960 1957 testificandum
986 1934 1050 1968 pro
1073 1923 1144 1958 filio
1169 1924 1336 1962 inducere
1360 1939 1429 1962 nou
1454 1928 1517 1963 de-

126 1987 207 2020 cuit.
264 1985 303 2019 Si
326 1987 416 2021 enim
439 1985 548 2021 verba
573 1990 815 2022 extranearum
844 1988 1046 2024 seminarum
1071 1989 1301 2026 deliramenta
1326 1995 1404 2028 risa
1426 1999 1517 2036 sunt,

127 2055 256 2096 quanto
276 2053 389 2097 magis
414 2056 557 2087 matrem
591 2063 659 2087 non
684 2063 748 2098 pro
782 2052 846 2088 filii
873 2064 991 2091 amore
1024 2055 1206 2091 crederent
1240 2057 1411 2100 delirare,
1452 2060 1519 2094 hoe

127 2117 237 2161 igitur
261 2117 502 2163 evangelistae
525 2118 681 2153 scribere
705 2119 902 2163 noluerunt,
929 2122 992 2156 sed
1012 2132 1075 2167 pro
1093 2124 1267 2155 constanti
1291 2123 1517 2168 reliquerunt.

126 2180 254 2216 Debuit
273 2183 362 2217 euim
387 2186 530 2218 matrem
559 2184 656 2228 prius
681 2184 874 2220 laetificare
901 2186 944 2221 de
970 2188 1238 2230 resurreetione,
1265 2189 1347 2233 quia
1371 2190 1518 2234 amplius

127 2248 277 2281 caeteris
308 2252 447 2283 constat
472 2248 630 2285 doluisse
657 2249 700 2285 de
725 2255 855 2294 morte,
889 2262 933 2286 ne
961 2256 1103 2287 matrem
1124 2257 1347 2297 praetereat,
1382 2257 1441 2300 qui
1468 2258 1518 2290 sic

127 2311 218 2345 alios
253 2312 431 2347 consolari
469 2314 624 2349 festinat.
684 2315 757 2350 Hoc
793 2318 896 2351 etiam
928 2318 1136 2353 Ambrosius
1170 2323 1321 2354 testatur
1351 2322 1385 2354 in
1426 2321 1518 2354 libro

127 2377 232 2410 tertio
260 2375 303 2411 de
329 2378 524 2422 virginibus
551 2380 693 2415 dicens:
725 2381 813 2416 vidit
837 2386 949 2417 mater
980 2385 1272 2418 resurrectionem
1301 2384 1449 2427 domini,
1483 2390 1517 2421 et

127 2442 237 2485 primo
264 2441 354 2476 vidit
380 2446 414 2476 et
437 2443 599 2487 eredidit,
624 2445 712 2480 vidit
735 2447 853 2482 Maria
873 2448 1101 2493 Magdalena,
1126 2450 1282 2494 quamvis
1305 2449 1422 2484 adhuc
1449 2452 1518 2487 ista

125 2511 277 2543 nutaret.
326 2508 490 2543 Sedulius
516 2520 655 2554 quoque
691 2521 801 2557 agens
835 2513 879 2548 de
913 2512 1045 2547 Christi
1070 2514 1291 2557 apparitione
1331 2516 1381 2549 sie
1411 2516 1515 2551 dicit:

127 2581 265 2618 semper
291 2575 389 2620 virgo
415 2584 578 2618 manens,
609 2574 760 2621 ¹)l1ujus
796 2588 834 2612 se
870 2577 1003 2612 visibus
1032 2583 1171 2623 astans,
1206 2579 1284 2615 luce
1308 2581 1423 2625 palam
1451 2581 1515 2616 do-

190 2675 220 2707 1)
238 2675 291 2704 Ed.
309 2676 402 2704 Princ.
421 2676 490 2709 logii
516 2677 587 2705 hoe
613 2682 640 2704 et
669 2677 765 2705 omnia
795 2678 950 2710 sequentia
969 2679 1080 2708 omittit
1105 2680 1175 2708 inde
1195 2691 1211 2707 a
1237 2680 1337 2709 vorbis
1363 2681 1463 2708 bona
1484 2696 1514 2701 —

126 2717 253 2748 index.

1149 2781 1194 2815 16
