1742 3005
290 71 386 120 (jap-
420 68 552 105 CXVL
611 67 668 104 De
703 75 832 104 saneto
865 68 1023 114 Cyriaeo
1055 72 1091 102 et
1123 66 1234 102 sociis
1264 66 1356 113 ejus.
1433 63 1517 102 487

123 176 346 222 Apronianus
374 174 563 216 educeret,
598 172 714 207 subito
751 183 817 207 vox
843 182 916 206 eum
942 172 1018 206 luce
1043 170 1086 206 de
1110 169 1209 205 coelo
1236 171 1379 205 venlens
1405 168 1511 203 dixit:

124 243 239 276 venite
263 240 440 276 benedicti
469 240 581 284 patris
615 241 680 274 mei
719 243 783 274 ete.
833 239 1056 283 Apronianus
1091 236 1241 271 credidit
1273 238 1306 270 et
1337 235 1511 279 baptizari

122 318 160 342 se
185 306 269 342 fecit
292 311 326 342 et
351 306 396 341 ad
422 305 635 351 praesectum
660 304 828 339 confitens
856 304 1029 338 Christum
1058 304 1161 337 venit.
1210 302 1271 336 Cui
1291 300 1509 346 praefectus:

121 372 287 419 numquid
313 377 347 406 tu
371 372 590 407 Christianus
616 370 731 405 faetus
758 372 824 405 es?
873 370 936 409 Qui
963 368 1165 412 respondit:
1194 367 1281 402 vaeh
1306 366 1402 407 mihi,
1429 367 1511 411 quia

121 438 261 483 perdidi
286 438 361 474 dies
386 448 493 473 meos.
542 434 737 480 Respondit
762 434 983 479 praefectus:
1018 443 1100 467 vere
1138 433 1240 466 modo
1273 432 1401 476 perdes
1435 432 1510 467 dies

119 508 220 548 tuos;
257 510 292 540 et
321 506 417 539 misit
451 514 527 539 eum
560 500 748 541 decollari,
788 500 997 534 Saturninus
1039 509 1120 534 vero
1155 503 1188 532 et
1228 498 1402 532 Sisinnius
1435 508 1508 531 eum

120 570 319 605 sacrificare
344 570 501 613 nollent,
532 567 682 601 diversis
709 566 892 610 suppliciis
919 565 1036 600 ail'ecti
1061 564 1199 599 tandem
1227 563 1392 597 decollati
1419 567 1509 596 sunt,

119 634 208 670 Filia
241 639 355 669 autem
385 633 606 679 Dyocletiani
638 635 775 668 nomine
813 632 994 667 Arthemia
1026 641 1100 665 cum
1137 640 1157 663 a
1190 629 1374 663 daemonio
1401 639 1509 662 vexa<

119 706 230 743 retur,
263 699 437 734 clamabat
469 701 503 733 in
538 709 580 734 ea
613 698 760 734 daemon
794 698 933 733 dicens:
973 708 1041 731 non
1072 706 1213 738 exeam,
1247 696 1314 728 nisi
1342 694 1507 738 Cyriacus

117 766 294 812 dyaconus
328 768 457 801 veniat.
506 764 605 800 Unde
637 764 682 799 ad
716 775 789 800 eam
823 765 992 799 adductus
1027 763 1193 808 Cyriacus
1230 771 1302 795 cum
1348 758 1507 793 daemoni

80 876 88 885 ι
116 834 321 878 imperaret,
357 831 560 876 respondit:
595 832 623 865 si
649 832 722 872 viS,
759 837 796 865 ut
821 840 963 873 exeam,
999 829 1043 863 da
1076 828 1158 861 mihi
1186 837 1245 860 vas
1272 825 1437 870 aliquod,
1474 827 1507 858 in

117 898 210 943 quod
234 899 369 932 intrem.
419 896 681 942 Responditque
708 897 892 941 Cyriacus:
919 906 998 931 eece
1024 904 1151 938 eorpus
1180 903 1309 933 meum,
1337 892 1365 924 si
1394 895 1507 935 poles,

116 962 316 1009 ingredere.
367 962 428 997 Cui
465 963 631 997 daemon:
667 964 700 996 in
739 972 799 997 vas
832 946 925 996 tuum
965 963 1098 995 intrare
1131 970 1198 993 non
1225 968 1387 1003 possum,
1427 958 1509 1002 quia

116 1028 270 1074 undique
287 1032 341 1063 est
359 1030 532 1075 signatum
552 1033 586 1063 et
604 1027 770 1070 clausum,
792 1027 868 1071 sed,
889 1030 917 1061 si
939 1028 1039 1073 ejicis
1059 1038 1124 1068 me,
1146 1027 1246 1067 scito,
1269 1022 1360 1068 quod
1384 1024 1415 1055 in
1439 1022 1505 1055 Ba-

117 1095 291 1140 byloniam
315 1099 350 1129 te
377 1097 494 1129 venire
521 1094 660 1136 faciam,
688 1098 722 1128 et
754 1105 829 1129 eum
854 1098 997 1128 coaetus
1024 1093 1191 1132 exiisset,
1228 1089 1409 1123 Arthemia
1433 1088 1505 1121 cla-

115 1162 221 1196 mavit
248 1160 390 1204 dicens,
420 1160 514 1206 quod
539 1159 659 1202 Deum,
686 1170 784 1205 quem
812 1160 978 1205 (briaeus
1005 1157 1198 1202 praedicat,
1229 1155 1373 1189 videret.
1424 1155 1506 1188 (lum

114 1227 223 1273 igitur
254 1226 348 1260 illam
375 1228 541 1272 Cyriacus
577 1225 796 1270 baptizasset
839 1230 873 1260 et
909 1236 950 1261 ex
983 1225 1100 1270 gratia
1133 1221 1351 1267 Dyoeletiani
1385 1224 1419 1255 et
1443 1220 1506 1254 Se-

116 1303 221 1328 renae
239 1294 359 1327 uxoris
379 1293 455 1337 ejus
478 1294 512 1326 in
530 1292 645 1334 domo,
675 1301 776 1336 quam
802 1290 972 1326 dederant
997 1292 1042 1333 ei,
1071 1299 1215 1325 securus
1242 1289 1387 1328 viveret,
1415 1287 1509 1319 teuit

116 1359 256 1393 nuntius
283 1368 305 1392 a
331 1368 417 1404 rege
439 1358 625 1392 Persarum
650 1356 695 1392 ad
720 1357 981 1402 Dyocletianum
1010 1366 1160 1402 rogans,
1189 1358 1226 1388 ut
1251 1353 1293 1387 ad
1318 1363 1356 1387 se
1384 1352 1505 1397 Cyria-

113 1434 175 1458 eus
209 1425 421 1467 mitteretur,
464 1425 547 1469 quia
589 1423 661 1458 filia
697 1433 761 1458 sua
800 1433 821 1457 a
855 1423 1023 1458 daemone
1057 1425 1252 1457 vexaretur.
1302 1417 1356 1453 Ad
1384 1428 1506 1462 preces

113 1490 223 1535 igitur
240 1488 460 1534 Dyocletiani
481 1489 649 1535 Cyriacus
674 1500 748 1523 cum
781 1489 938 1535 ¹)Largo
968 1492 1002 1524 et
1027 1486 1222 1533 Sinai-agdo
1250 1486 1331 1519 navi
1360 1485 1503 1528 imposi-

112 1557 158 1590 tis
184 1556 397 1591 neccssariis
423 1557 459 1589 in
490 1554 717 1600 Babyloniam
746 1555 858 1590 laetus
886 1556 967 1597 ivit,
1006 1565 1152 1599 cumque
1178 1552 1221 1588 ad
1247 1551 1398 1596 puellam
1424 1560 1504 1595 per-

112 1623 279 1664 venisset,
306 1621 452 1656 daemon
472 1632 536 1666 per
553 1632 592 1656 os
615 1624 694 1667 eJus
711 1621 874 1655 clamavit
893 1621 1030 1656 dicens:
1061 1621 1230 1666 fatigatus
1252 1629 1302 1658 es,
1331 1616 1503 1662 Cyn-iace?

113 1688 176 1722 Cui
201 1688 365 1733 Cyriacus
393 1687 594 1732 respondit:
626 1699 695 1722 non
721 1698 793 1721 sum
822 1687 1012 1733 fatigatus,
1040 1686 1102 1721 sed
1128 1685 1258 1730 ubique
1284 1685 1344 1719 Dei
1372 1683 1504 1724 aux‘ilio

110 1753 338 1800 gubernatus.
387 1754 447 1788 Ait
471 1753 638 1788 daemon:
671 1758 786 1788 tamen
813 1764 899 1800 ego,
933 1753 977 1787 ad
1006 1753 1098 1798 quod
1124 1752 1239 1794 volui,
1276 1755 1309 1785 te
1343 1749 1503 1794 perduxi,

109 1819 208 1855 Tunc
242 1819 408 1865 Cyriacus
445 1819 534 1854 dixit
567 1819 747 1854 daemoni:
782 1821 931 1865 imperat
963 1819 1026 1853 tibi
1062 1819 1185 1856 Jesus,
1222 1821 1259 1852 ut
1295 1826 1413 1852 exeas.
1463 1813 1505 1852 Et

110 1887 226 1921 statim
259 1887 381 1921 exiens
414 1885 563 1920 daemon
598 1885 707 1919 dixit:
741 1896 760 1919 ο
796 1896 919 1920 nomen
951 1885 1128 1927 terribile,
1164 1883 1256 1929 quod
1290 1894 1343 1918 n1e
1368 1885 1506 1917 coartat

111 1953 220 1987 exire.
267 1950 310 1985 Et
343 1953 396 1985 sie
429 1955 586 1986 sanatam
613 1951 764 1996 puellam
800 1962 873 1986 cum
900 1956 1000 1996 patre
1026 1955 1060 1986 et
1084 1955 1194 1985 matre
1222 1955 1253 1985 et
1280 1949 1397 1983 multis
1423 1948 1503 1983 aliis

110 2017 306 2063 baptizavit
332 2020 379 2059 et,
419 2027 495 2050 cum
519 2017 627 2051 multa
658 2016 727 2050 sibi
761 2028 905 2052 munera
930 2017 1161 2058 offerrentur,
1195 2018 1354 2060 recipere
1380 2015 1503 2051 noluit,

112 2082 177 2119 sed
211 2081 308 2117 XLV
341 2081 464 2116 diebus
503 2080 634 2116 ibidem
660 2083 693 2115 in
720 2092 810 2126 pane
835 2087 869 2117 et
894 2092 985 2128 aqua
1004 2083 1172 2127 jejunans
1198 2081 1336 2115 tandem
1363 2079 1502 2114 Romam

112 2149 228 2186 rediit.
276 2148 361 2183 Post
392 2147 479 2182 duos
513 2151 626 2182 autem
664 2158 801 2182 menses
837 2147 1084 2192 Dyoeletianus
1118 2146 1300 2182 defunctus
1333 2149 1407 2187 est,
1448 2147 1504 2179 eui

111 2215 347 2252 Maximianus
392 2212 584 2249 succedens
630 2214 740 2247 iratus
773 2213 817 2248 de
854 2224 976 2248 sorore
1010 2223 1074 2247 sua
1107 2212 1286 2247 Arthemia
1324 2213 1502 2257 cyriacum

112 2280 378 2327 comprehendit
416 2284 451 2315 et
482 2279 608 2314 nudum
642 2280 776 2314 eatenis
809 2279 953 2325 ligatum
987 2283 1068 2314 ante
1101 2289 1236 2314 currum
1273 2289 1370 2313 suum
1408 2277 1503 2312 trahi

108 2350 229 2395 jussit.
276 2346 347 2382 Iste
389 2346 624 2381 Maximianus
663 2356 725 2390 pro
759 2332 856 2379 tanto
892 2349 1010 2390 potest
1042 2345 1110 2379 diei
1147 2345 1237 2380 lilius
1271 2339 1502 2390 Dyoclvt'iani,

112 2414 207 2462 quod
242 2413 310 2449 sibi
345 2413 519 2448 suecessit
553 2415 587 2447 et
618 2412 722 2446 tiliam
758 2413 833 2457 ejus
866 2411 989 2446 habuit
1022 2413 1056 2446 in
1079 2422 1242 2454 uxorem,
1277 2421 1367 2456 quae
1397 2408 1502 2444 Vale-

113 2483 214 2515 riana
247 2483 446 2524 nuncupata
482 2481 545 2513 est.
594 2477 728 2513 Deinde
756 2479 866 2524 Jussit
900 2477 1070 2523 Carpasio
1111 2479 1265 2519 vicario,
1309 2481 1345 2511 ut
1390 2477 1500 2521 ipsum

112 2556 185 2581 cum
211 2547 318 2580 sociis
343 2544 543 2580 sacrificare
567 2545 795 2589 compelleret
830 2549 887 2579 aut
921 2543 1071 2578 diversis
1105 2544 1286 2589 suppliciis
1314 2541 1500 2577 occideret.

173 2694 200 2725 l)
219 2694 342 2719 necent.
365 2691 511 2726 pessinw.
535 2691 588 2717 lul
605 2700 644 2720 ’,ιο
666 2699 738 2717 §nia
751 2700 786 2716 ra
800 2699 812 2722 g
825 2690 867 2717 ‹lo
890 2689 998 2721 leg-uni.
