1742 3005
282 126 364 165 666
566 127 662 174 Cap.
694 124 866 164 CXLIX.
923 126 983 163 De
1014 133 1148 165 sancto
1180 129 1391 166 Francisco.

283 232 398 265 omnia
424 233 458 264 et
483 227 605 262 habitu
630 229 763 263 slmiles
790 228 914 265 ovaas
940 229 1080 273 babuit,
1118 241 1207 277 quae
1242 243 1316 267 eum
1343 234 1462 269 taliter
1486 234 1664 269 salutave—

280 300 378 329 runt:
413 294 501 329 bene
527 295 645 330 veniat
671 293 809 329 domina
834 300 1046 340 paupertas,
1083 300 1118 332 et
1153 299 1315 332 continuo
1349 298 1597 345 disparuerunt
1632 304 1666 334 et

280 361 373 394 nitra
401 362 499 396 visae
532 370 601 394 non
627 364 717 396 sunt.
767 360 850 396 Cum
886 361 931 396 ad
964 363 1140 397 civitatem
1176 364 1290 398 Aretii
1324 363 1525 399 devenisset
1557 369 1591 400 et
1616 365 1665 399 ibi

276 426 405 461 bellum
431 429 631 463 intestinum
656 431 860 462 commotum
887 427 1033 471 luisset,
1070 428 1157 463 vidit
1182 430 1235 464 vir
1258 429 1324 464 Dei
1349 429 1392 464 de
1418 428 1531 476 burgo
1559 441 1664 476 snper

276 497 404 527 terram
432 493 524 528 illam
557 493 746 528 daemones
771 494 988 529 exsultantes
1016 504 1216 540 vocansque
1242 497 1374 529 socium
1402 506 1499 530 sunm
1524 497 1663 531 nomine

275 559 483 594 silvestrum
503 559 591 594 dixit
611 561 660 595 ei:
688 559 775 595 vade
795 560 838 594 ad
858 566 993 605 portam
1021 562 1174 596 civitatis
1201 565 1235 596 et
1253 561 1494 604 ‹laemonibus,
1520 566 1557 596 ut
1574 564 1661 597 ciii-

272 628 377 660 tatem
415 630 561 669 exeant,
596 637 638 661 ex
672 631 771 672 parte
797 626 861 661 Dei
891 628 1138 672 omnipotentis
1172 629 1348 672 praecipe.
1399 627 1465 667 Qui
1491 627 1662 663 festinans

274 694 355 725 ante
380 696 514 735 portam
541 692 698 727 valenter
723 692 903 729 clamavit:
938 703 980 729 ex
1010 697 1109 738 parte
1135 692 1200 727 Dei
1226 697 1260 728 et
1279 695 1384 737 jussu
1413 695 1524 738 patris
1549 695 1662 728 nostri

273 754 451 790 Francisei
485 756 677 798 discedite,
712 757 900 792 daemones
935 760 1114 800 universi,
1151 759 1270 803 sieque
1304 769 1421 793 onmes
1456 761 1550 794 cives
1581 764 1660 804 post

271 821 441 855 modicum
468 822 513 856 ad
538 822 759 856 concordiam
778 822 968 858 redierunt.
1017 822 1222 857 l‘raedictus
1245 827 1358 857 autem
1384 824 1556 859 Silvester
1582 824 1658 858 dum

271 887 385 922 adhue
413 888 579 923 sacerdos
599 888 768 923 secularis
785 892 891 931 esset,
916 887 1005 923 vidit
1030 889 1063 922 in
1082 890 1211 922 somnis
1230 898 1364 923 crucem
1382 898 1521 923 auream
1540 890 1581 924 de
1598 901 1658 925 ore

272 952 449 987 Francisci
468 954 708 999 prodeuntem,
734 955 833 999 cujus
854 955 1034 988 summitas
1053 954 1173 988 coelos
1189 954 1372 999 tangebat,
1392 955 1490 999 cnjus
1511 954 1659 990 brachia

271 1023 443 1064 protensa
528 1019 620 1054 latus
648 1024 830 1065 utramque
867 1020 984 1053 mundi
1021 1024 1154 1064 partem
1189 1020 1420 1065 amplexa-ndo
1455 1020 1655 1066 cingebant.

271 1085 503 1129 Compunetus
549 1086 716 1120 sacerdos
759 1087 918 1131 protinus
953 1085 1112 1119 mundum
1147 1086 1278 1120 deserit
1314 1090 1347 1120 et
1382 1087 1446 1121 viri
1483 1086 1546 1121 Dei
1579 1098 1658 1131 per-

270 1150 382 1184 fectus
409 1151 565 1184 imitator
595 1151 758 1188 efficitur.
805 1151 1007 1186 Exsistentc
1041 1154 1114 1187 viro
1142 1151 1206 1186 Dei
1239 1153 1273 1185 in
1299 1154 1460 1187 oratione
1486 1152 1656 1197 dyabolus

267 1219 322 1250 ter
353 1226 428 1250 eum
465 1218 610 1261 proprio
645 1219 782 1252 nomine
814 1219 964 1253 vocavit.
1016 1217 1078 1253 Cui
1118 1228 1191 1251 cum
1226 1222 1365 1251 sanctus
1402 1217 1655 1262 respondisset,

266 1281 416 1326 adJeeit:
442 1281 556 1317 nullus
583 1287 637 1318 est
665 1283 753 1319 adeo
781 1285 815 1318 iu
840 1283 908 1318 hoc
934 1283 1061 1318 mundo
1089 1287 1273 1328 peccator,
1299 1284 1373 1325 cui,
1408 1285 1437 1317 si
1463 1294 1654 1318 conversus

267 1349 395 1393 suerit,
430 1360 500 1384 non
525 1350 709 1396 indulgeat
734 1351 914 1393 dominus,
950 1349 1011 1384 sed
1039 1351 1234 1395 quicunque
1259 1353 1368 1384 semet
1393 1350 1503 1394 ipsum
1529 1351 1652 1394 poeni-

264 1416 375 1449 tentia
418 1415 506 1450 dura
548 1417 743 1459 necaverit,
791 1415 1066 1450 misericordiam
1110 1418 1144 1450 in
1178 1420 1348 1460 perpetuo
1389 1426 1454 1449 non
1491 1416 1653 1450 inveniet.

265 1481 438 1517 Continuo
471 1493 593 1518 servus
626 1482 699 1517 Dei'
726 1492 790 1527 per
821 1482 1073 1517 revelationem
1109 1483 1276 1527 cognovit
1313 1481 1425 1516 bostis
1461 1481 1652 1523 fallaciam,

265 1548 439 1592 quomodo
472 1551 570 1582 nisus
604 1548 710 1584 suerit
743 1559 819 1583 eum
851 1547 897 1582 ad
929 1552 1086 1593 teporem
1122 1548 1302 1584 reducere.
1353 1548 1506 1582 Cernens
1539 1551 1651 1582 autem

264 1612 378 1648 hostis
405 1615 581 1659 antiquus,
609 1616 690 1659 quia
715 1616 765 1648 sie
788 1626 856 1649 non
883 1615 1091 1660 praevaluit,
1118 1624 1259 1660 gravem
1285 1615 1400 1648 earnis
1428 1615 1652 1648 tenta-tionem

265 1679 376 1714 eidem
415 1681 575 1722 immisit3
609 1679 702 1725 quod
735 1681 787 1715 vir
816 1680 880 1715 Dei
916 1682 1071 1715 sentiens
1103 1684 1201 1715 veste
1227 1680 1389 1725 deposita
1414 1679 1559 1714 cordula
1587 1678 1650 1713 du-

264 1747 404 1780 rissima
430 1756 468 1781 se
495 1746 658 1781 verberat
684 1745 825 1780 dicens:
851 1755 934 1791 eya,
961 1745 1072 1779 frater
1098 1748 1209 1788 asine,
1236 1749 1286 1780 sie
1311 1750 1343 1781 te
1368 1756 1509 1780 manere
1537 1745 1649 1786 decet,

263 1813 314 1845 sie
358 1811 477 1847 subire
522 1812 711 1858 flagellum.
769 1811 840 1846 Sed
884 1822 957 1845 enm
998 1813 1144 1846 tentatio
1184 1822 1403 1856 nequaqnam
1439 1810 1648 1852 diseederet,

263 1876 359 1911 foras
395 1879 516 1913 exiens
551 1879 584 1911 in
617 1887 775 1923 magnam
809 1878 922 1911 nivem
955 1887 993 1911 se
1031 1876 1156 1910 nudum
1198 1876 1363 1911 demersit
1399 1877 1647 1919 accipiensque

262 1944 374 1977 nivem
396 1945 428 1976 in
448 1943 582 1977 modum
600 1942 694 1987 pilae
713 1946 845 1987 septem
863 1942 988 1987 glebas
1010 1943 1213 1987 compingit,
1240 1951 1328 1986 (pias
1353 1941 1420 1975 sibi
1447 1952 1646 1986 proponens

260 2010 376 2054 eoepit
404 2009 536 2053 alloqui
570 2019 718 2053 corpus:
754 2018 857 2050 ecce,
892 2009 1024 2053 inquit,
1056 2007 1146 2041 liaee
1179 2011 1291 2052 major
1322 2018 1411 2041 uxor
1443 2012 1521 2049 tua,
1558 2010 1646 2042 istae

260 2080 410 2120 quatuor
436 2075 504 2109 dno
531 2078 610 2109 sunt
636 2074 697 2107 lilii
723 2078 757 2108 et
784 2073 873 2107 duae
901 2073 992 2108 tiliae
1016 2077 1122 2113 tuae,
1157 2074 1314 2118 reliquae
1346 2073 1435 2109 duae
1465 2078 1545 2108 sunt
1569 2085 1645 2109 ser-

261 2151 322 2176 vus
349 2146 382 2176 et
407 2141 555 2183 ancilla,
589 2140 719 2175 festina
752 2150 837 2185 ergo
864 2149 982 2174 omnes
1015 2138 1184 2181 induere,
1220 2141 1383 2184 quoniam
1411 2140 1545 2185 frigore
1571 2151 1644 2175 mo-

259 2210 407 2252 riuntur,
434 2209 464 2242 si
483 2211 597 2242 autem
616 2216 733 2242 earnm
755 2206 934 2250 multiplex
951 2205 1151 2239 sollicitudo
1169 2209 1203 2240 te
1222 2206 1395 2248 molestat,
1422 2208 1479 2239 nni
1505 2206 1642 2240 domino

259 2275 430 2309 sollicitus
455 2275 559 2308 servi.
609 2273 706 2308 lllico
733 2271 903 2317 dyabolus
928 2273 1094 2306 confusus
1120 2273 1295 2306 abscessit
1319 2276 1352 2306 et
1377 2274 1428 2307 vir
1447 2272 1510 2306 llei
1537 2271 1642 2306 Deum

258 2340 462 2386 glorificans
488 2341 521 2373 in
548 2339 669 2373 cellam
692 2338 807 2372 rediit.
857 2338 938 2371 (lum
957 2338 1050 2382 apud
1067 2338 1238 2372 dominum
1260 2338 1411 2373 Leonem
1430 2337 1643 2373 cardinalem

259 2410 401 2441 sanetae
428 2407 540 2440 erucis
566 2405 609 2440 ab
637 2416 677 2440 eo
705 2408 851 2450 rogatus
879 2404 1093 2449 aliquamdiu
1119 2409 1332 2447 moraretur,
1366 2408 1466 2439 noete
1494 2404 1640 2449 quadam

260 2473 447 2507 daemones
477 2472 520 2506 ad
546 2473 657 2517 ipsum
683 2473 862 2506 venientes
888 2482 962 2506 eum
991 2472 1201 2517 gravissime
1225 2471 1465 2513 verberarunt,
1493 2480 1639 2505 vocans-

259 2550 324 2584 que
351 2541 482 2573 socium
509 2542 542 2573 et
568 2549 637 2573 rem
665 2538 733 2573 sibi
760 2540 924 2584 aperiens
950 2540 1015 2573 ait:
1050 2538 1238 2573 daemones
1272 2541 1352 2571 sunt
1387 2535 1541 2571 Castaldi
1576 2536 1638 2570 do-

259 2607 338 2638 mini
363 2606 493 2647 nostri,
529 2616 616 2650 quos
643 2605 796 2640 destinat
830 2606 906 2650 ipse
931 2605 975 2639 ad
1001 2605 1197 2650 puniendos
1229 2614 1412 2645 excessus,
1447 2612 1513 2647 ego
1550 2604 1638 2636 enim

259 2670 423 2703 offensam
452 2683 520 2705 non
547 2673 684 2715 recolo,
715 2683 813 2718 qnam
844 2683 906 2717 per
931 2671 1207 2707 misericordiam
1229 2669 1292 2705 liei
1312 2669 1635 2704 etsatisl'autionem

259 2746 323 2769 nou
352 2735 505 2778 laverim,
536 2739 597 2772 sed
627 2740 716 2774 forte
743 2738 820 2774 ideo
849 2738 1032 2774 (lastaldus
1059 2749 1141 2773 suos
1170 2739 1204 2772 in
1231 2746 1281 2771 me
1310 2736 1466 2780 permisit
1492 2736 1635 2778 irruere,
