1742 3005
238 123 318 161 214
600 126 695 175 (lap.
728 124 771 160 L.
831 125 888 161 De
917 133 1046 161 sancto
1078 125 1254 161 Patricio.

239 236 318 262 ecce
343 231 438 260 terra
464 226 552 259 inter
577 224 741 259 circulum
767 235 806 261 se
837 227 1025 272 aperuit¹)
1058 231 1093 262 et
1127 231 1251 272 puteus
1283 228 1452 260 maximus
1488 230 1522 260 et
1545 236 1627 272 pro-

239 291 466 327 fundissimus
492 289 543 324 ibi
569 292 732 336 apparuit
755 291 1018 337 revelatumque
1049 296 1103 327 est
1126 291 1230 326 beato
1255 291 1426 333 Patricio,
1461 291 1553 337 quod
1581 291 1628 324 ibi

242 357 380 403 quidam
405 357 602 402 purgatorii
628 356 727 391 loeus
753 360 871 399 esset,
897 357 932 390 in
959 367 1059 403 quem
1086 359 1244 404 quisquis
1270 358 1376 393 vellet
1401 358 1630 400 descendere,

240 423 310 457 alia
336 422 404 456 sibi
430 422 648 467 poenitentia
681 433 751 456 non
780 426 932 457 restaret
968 433 1031 458 nec
1055 422 1151 458 aliud
1175 434 1238 468 pro
1273 424 1429 468 peccatis
1459 427 1630 469 purgato—

240 490 328 523 rium
362 489 529 531 sentiret,
566 487 726 533 plerique
756 492 870 523 autem
904 488 986 524 inde
1014 500 1083 524 non
1117 489 1271 525 redirent
1306 493 1341 523 et
1375 489 1434 534 qui
1465 489 1632 530 redirent,

243 565 303 589 eos
331 565 351 589 a
376 564 476 588 mane
496 564 607 599 usqne
631 554 666 587 in
693 564 843 599 sequens
868 564 968 589 mane
993 554 1121 590 ibidem
1145 565 1276 589 moram
1300 554 1420 589 facere
1443 558 1634 598 oporteret.

241 620 344 655 Multi
374 621 484 665 igitur
511 619 810 665 ingrediebantur,
839 621 898 666 qui
927 619 970 654 de
989 624 1130 655 caetero
1155 631 1224 654 non
1244 619 1520 655 revertebantur.
1550 619 1636 654 Post

242 686 385 731 longum
414 686 522 731 igitur
544 689 680 729 tempus
714 690 850 719 mortuo
877 685 1052 728 Patrieio,
1090 687 1144 720 vir
1175 685 1313 731 quidam
1344 684 1473 719 nobilis
1497 686 1636 719 nomine.

244 750 428 791 Nicolaus,
462 752 520 795 qui
545 754 692 794 peecata
716 750 824 784 multa
848 752 1090 793 commiserat,
1117 762 1192 785 cnm
1218 762 1294 785 eum
1320 750 1525 785 delictorum
1551 761 1634 784 suo-

245 826 316 849 rnm
344 816 542 859 poeniteret
567 819 601 848 et
624 816 866 860 purgatorium
892 816 1005 848 saneti
1029 815 1174 849 Patrieii
1201 817 1377 850 sustinere
1407 815 1535 857 vellet,
1561 826 1636 849 euni

245 885 349 915 antea
373 880 567 926 quindecim
589 880 725 923 diebus,
750 884 787 914 ut
810 891 930 914 omnes
950 880 1140 923 faciebant,
1168 891 1207 915 se
1232 881 1381 926 jejuniis
1410 883 1636 921 macerasset,

245 951 368 991 aperto
396 947 488 980 ostio
515 956 589 980 cum
606 945 709 988 elavi,
737 947 876 991 quaein
893 945 1040 991 quadam
1066 945 1210 980 abbatia
1228 946 1447 988 servabatur,
1474 947 1508 978 in
1528 947 1638 990 ipsam

246 1011 496 1056 speluncanff)
530 1011 712 1046 descendit
737 1015 773 1046 et
809 1011 983 1057 quoddam
1009 1013 1135 1045 ostium
1174 1022 1195 1046 a
1221 1011 1332 1046 latere
1358 1013 1469 1056 ipsius
1495 1012 1638 1046 invenit.

246 1077 282 1111 ln
309 1077 402 1122 quod
426 1077 629 1123 ingrediens
658 1086 732 1110 oum
753 1076 926 1122 quoddam
952 1076 1001 1110 ibi
1026 1079 1217 1111 oratorium
1251 1078 1463 1121 reperisset,
1499 1076 1638 1121 quidam

246 1141 408 1176 monaehi
446 1142 537 1176 albis
571 1142 683 1177 induti
718 1143 908 1176 oratorium
947 1144 1163 1177 intraverunt
1204 1147 1238 1177 et
1285 1142 1436 1176 officium
1469 1143 1640 1176 facientes

247 1208 394 1242 Nicolao
420 1207 594 1251 dixerunt,
624 1209 659 1253 3)
671 1212 708 1242 ut
725 1212 890 1242 constans
916 1212 1022 1250 esset,
1051 1209 1133 1253 quia
1148 1208 1255 1242 multa
1270 1207 1410 1253 dyaboli
1430 1212 1642 1242 tentamenta

250 1285 325 1308 eum
351 1284 560 1318 percurrere
585 1278 775 1319 oporteret.
835 1274 917 1308 Cum
950 1274 1010 1308 ille
1035 1275 1278 1319 perquireret,
1314 1273 1405 1319 quod
1431 1273 1642 1319 adjutorium

251 1343 373 1374 eontra
400 1338 467 1373 hoe
494 1337 625 1373 babere
650 1343 793 1384 posset,
821 1339 1001 1374 dixerunt:
1033 1349 1107 1373 cum
1132 1343 1167 1373 te
1191 1340 1314 1383 poenis
1338 1340 1452 1384 affligi
1474 1340 1643 1381 senseris,

251 1406 410 1450 protinus
447 1404 604 1439 exclama
630 1409 664 1439 et
700 1404 774 1438 die:
809 1404 895 1440 Jesu
922 1405 1059 1439 Christe
1094 1404 1143 1438 fili
1168 1405 1233 1439 Dei
1260 1405 1331 1439 vivi
1363 1406 1529 1439 miserere
1560 1404 1644 1438 milii

251 1471 440 1515 peccatori.
476 1469 735 1505 Recedentibus
760 1471 869 1516 igitur
892 1470 1083 1515 praedietis
1113 1472 1197 1506 viris
1222 1472 1385 1505 continuo
1405 1471 1532 1505 adsunt
1559 1470 1644 1504 dae-

251 1547 369 1571 mones
397 1540 431 1571 et
455 1540 493 1570 ut
515 1540 713 1572 revertatur
749 1540 783 1570 et
808 1536 876 1569 sibi
903 1536 1066 1579 obediat,
1098 1538 1210 1581 primo
1235 1536 1374 1570 blandis
1400 1537 1644 1581 promissioni-

250 1602 316 1636 bus
341 1601 557 1647 persuadent
589 1606 810 1643 asserentes,
846 1601 939 1647 quod
969 1612 1045 1636 eum
1073 1601 1272 1636 custodient
1295 1606 1328 1635 et
1353 1602 1397 1636 ad
1422 1602 1566 1646 propria
1590 1602 1644 1634 in-

252 1667 421 1702 eolumem
444 1667 648 1712 perducent.
684 1667 752 1701 Sed
780 1678 854 1701 cum
882 1668 925 1701 'ris
952 1667 1011 1702 ille
1027 1667 1230 1702 nullatenus
1253 1666 1399 1702 obedire
1419 1667 1536 1707 vellet,
1562 1678 1645 1712 pro-

252 1735 346 1767 tinus
376 1733 591 1767 diversarum
624 1733 777 1767 serarum
813 1733 948 1768 audivit
982 1744 1087 1767 voces
1122 1735 1256 1778 pariter
1293 1737 1327 1768 et
1356 1734 1509 1779 mugitus
1544 1743 1586 1767 ao
1616 1735 1647 1767 si

253 1800 369 1832 omnia
403 1798 573 1833 elementa
596 1802 793 1833 tererentur
806 1800 854 1844 ⁴).
903 1799 957 1833 Ad
992 1800 1084 1845 quod
1120 1810 1194 1833 eum
1225 1799 1284 1833 ille
1314 1803 1452 1833 terrore
1486 1798 1648 1832 horribili

252 1864 455 1908 palpitaret,
482 1863 567 1898 Jesu
593 1863 753 1902 Christe,
782 1864 829 1897 fili
854 1865 918 1899 Dei
946 1866 1025 1905 vivi,
1049 1866 1216 1899 miserere
1242 1864 1323 1897 mihi
1349 1866 1539 1908 peccatori,
1565 1876 1646 1909 pro-

254 1931 346 1963 tinus
375 1929 591 1970 exclamavit,
618 1934 652 1963 et
676 1931 790 1963 statim
816 1930 926 1962 omnis
954 1930 1102 1963 serarum
1128 1930 1263 1963 illarum
1288 1929 1451 1964 tumultus
1476 1930 1647 1964 terribilis

256 1995 466 2039 eonquievit.
516 1994 647 2028 Ductus
675 1999 728 2028 est
754 1994 834 2028 inde
867 1994 911 2028 ad
945 1995 1049 2028 alium
1075 1995 1187 2029 locum
1216 2001 1250 2029 et
1281 1995 1410 2029 ibidem
1435 1995 1537 2029 adest
1562 1995 1647 2030 dae-

257 2070 394 2093 monum
429 2060 613 2093 multitudo
652 2060 839 2093 direntium
865 2061 952 2094 sibi:
980 2065 1102 2105 putas,
1139 2060 1232 2105 quod
1257 2071 1377 2094 manus
1401 2065 1541 2095 nostras
1567 2071 1648 2096 eva-

256 2126 378 2159 seris?
404 2134 641 2170 nequaquam,
670 2125 733 2160 sed
760 2126 859 2160 nune'
874 2127 991 2170 potius
1017 2127 1165 2170 incipies
1190 2126 1303 2171 afiligi
1330 2130 1364 2160 et
1386 2128 1555 2171 torqueri.
1608 2126 1651 2162 Et

257 2201 340 2225 ecee
358 2190 496 2235 quidam
516 2192 683 2224 maximus
711 2192 804 2237 ignis
832 2195 866 2226 et
891 2191 1059 2225 terribilis
1083 2191 1211 2225 ibidem
1233 2193 1395 2235 apparuit
1421 2192 1651 2237 dixeruntque

258 2257 289 2290 ei
317 2256 525 2290 daemones:
562 2257 629 2289 nisi
655 2256 757 2290 nobis
785 2248 1024 2298 consenseris,
1053 2257 1088 2290 in
1118 2257 1232 2301 ignem
1258 2261 1292 2290 te
1315 2256 1527 2301 Jactabimus
1556 2268 1648 2292 (rom-

259 2320 460 2355 burendum.
512 2321 610 2360 Quod
643 2332 717 2355 cum
744 2321 803 2355 ille
838 2326 1019 2363 renueret,
1061 2323 1172 2366 ipsum
1201 2326 1411 2366 aeceperunt
1438 2326 1471 2357 et
1497 2323 1530 2356 in
1555 2323 1649 2357 illum

259 2389 373 2432 ignem
398 2385 594 2421 terribilem
622 2386 869 2431 projecerunt,
898 2387 957 2421 ubi
984 2387 1062 2421 dum
1085 2389 1322 2429 eruciaretur,
1347 2389 1506 2431 protinus
1533 2388 1650 2422 exelu-

261 2453 387 2485 mavit:
422 2451 507 2486 Jesn
535 2452 675 2486 Christe
703 2455 768 2485 ete.
802 2454 989 2498 statimque
1015 2454 1106 2498 ignis
1134 2454 1327 2487 exstinctus
1354 2457 1417 2487 est.
1466 2453 1521 2488 Ad
1546 2454 1649 2487 alium

261 2516 411 2561 denique
439 2516 549 2550 locum
581 2517 705 2551 diu-tus
734 2516 820 2551 vidit
843 2519 1011 2564 quosdam
1041 2520 1132 2553 viros
1160 2520 1193 2552 in
1221 2520 1302 2563 igne
1328 2519 1426 2554 vivos
1453 2519 1597 2553 cremari
1618 2523 1651 2553 et

331 2641 358 2671 l)
377 2645 409 2665 vt
434 2654 461 2660 —·
485 2650 498 2665 ιι
512 2650 585 2675 ppss
598 2643 668 2668 ruit
695 2642 787 2667 wrlm
807 2639 917 2667 omittit
938 2639 990 2666 Ed.
1011 2639 1103 2668 Princ.
1180 2641 1208 2672 2)
1227 2642 1348 2666 Ite-cent.
1366 2637 1467 2670 legunt
1484 2638 1520 2665 in
1542 2648 1628 2673 prae
1641 2655 1652 2659 -

264 2684 280 2709 «Ι
296 2683 343 2708 ist
359 2693 372 2708 ιι
384 2694 409 2708 ιιι
432 2695 448 2717 1·
461 2695 475 2709 ιι
488 2688 518 2709 lv
530 2694 544 2709 ιι
558 2695 594 2710 ιιι.
691 2686 717 2717 15)
739 2684 789 2711 Ed.
810 2684 902 2712 l'rinc.
921 2685 1051 2719 pun-lert
1071 2694 1086 2711 x*
1098 2684 1134 2711 ir.
1204 2686 1232 2716 ⁴)
1252 2686 1372 2712 Iti-cent.
1392 2692 1431 2710 co
1443 2693 1459 2709 ιι
1471 2694 1485 2709 e
1495 2694 1510 2710 ιι
1523 2688 1531 2711 ι
1542 2694 1556 2711 e
1566 2695 1578 2711 1·
1589 2695 1629 2711 en
1641 2700 1651 2704 -

265 2734 300 2754 Ιιι
314 2737 325 2753 ι·
345 2737 378 2753 vx
400 2727 495 2758 gloss-¹·
517 2727 613 2758 legunt
636 2734 663 2754 vt
684 2733 752 2754 aule
772 2739 785 2755 x
801 2737 887 2756 oces
907 2729 1019 2755 addunt
1043 2727 1261 2755 terribiles.
