1742 3005
428 76 523 123 Cup.
557 75 668 112 CXX.
727 75 784 112 Dc
817 80 946 111 »aneto
981 74 1188 112 Bernardo.
1421 76 1500 113 533

115 177 229 211 multis
258 177 365 211 virum
391 187 487 212 suum
515 179 597 212 vlclt
622 181 655 213 et
680 177 723 212 ab
756 178 960 223 ¹)eplse0po
986 178 1149 213 absoluta
1175 179 1419 213 monasterium
1449 181 1500 213 lnr

113 243 229 277 travit.
278 240 473 277 Infirmatus
503 243 692 289 aliquando
723 244 775 278 v1r
800 242 882 285 Dei,
921 254 994 278 cum
1031 249 1218 279 extremum
1241 245 1313 290 jam
1340 245 1498 288 spiritum

112 306 253 341 trahere
282 307 478 350 videretur,
517 311 551 342 in
585 319 733 344 excessu
768 310 890 343 mentis
924 319 1009 343 suae
1035 314 1115 344 anto
1139 309 1292 344 tribunal
1317 309 1379 343 Dei
1404 311 1498 344 visus

111 377 165 407 est
191 374 429 417 praesentar13
462 374 562 407 affuit
595 378 708 408 antem
742 378 776 408 et
810 373 941 407 Satlian
980 385 1021 409 ex
1048 374 1200 408 adverso
1227 375 1394 419 improbis
1423 386 1498 409 eum

110 438 392 473 aecusationibus
429 439 585 483 pulsans.
634 438 697 473 Ubi
733 449 815 472 vero
851 438 910 472 ille
943 440 1059 472 omnia
1092 439 1206 473 suerat
1230 444 1436 483 prosecutus
1464 445 1498 475 et
1547 473 1549 475 .

110 505 185 538 viro
221 503 285 538 Dei
321 515 384 548 pro
417 513 482 538 sua
518 503 582 537 suit
612 507 711 547 parte
746 502 927 537 dicendum
962 503 1048 537 nihil
1084 506 1226 538 territus
1251 508 1310 538 aut
1336 504 1495 538 turbatus

108 571 179 604 ait:
207 569 339 611 fateor,
370 579 439 602 non
467 578 541 602 sum
567 567 693 613 dignus
721 578 806 613 ego,
843 578 906 602 nec
933 570 1085 613 propriis
1111 580 1252 614 possum
1278 571 1412 604 meritis
1433 569 1496 603 ob<

108 636 218 669 tinere
245 644 386 680 regnum
414 633 602 668 coelorum.
653 633 834 667 Caeterum
862 633 991 678 duplici
1016 637 1097 680 jure
1126 635 1211 670 illud
1244 636 1405 671 obtinens
1432 636 1494 669 do-

106 701 217 734 minus
243 709 361 742 meus,
389 698 587 734 hereditate
628 699 763 733 scilicet
796 701 907 744 patris
941 705 975 735 et
1001 703 1121 736 merito
1150 703 1346 746 passionis,
1379 701 1492 736 altero

105 767 181 810 lpse
202 768 386 800 contentus
408 765 553 799 alterum
572 764 653 799 milii
672 763 795 806 donat3
823 776 864 800 ex
884 767 984 811 cnjus
1006 766 1097 800 dono
1113 768 1193 811 jure
1212 766 1296 800 illud
1316 766 1398 801 mihi
1418 768 1491 801 vin<

105 832 229 866 dicans
257 842 324 865 uon
353 830 558 865 confundor.
609 830 784 865 Confusus
812 833 843 865 in
870 831 936 865 lioe
964 832 1069 866 verbo
1096 833 1272 873 inimicus,
1300 836 1491 866 conventus

105 897 164 932 ille
185 897 321 931 solutus
348 901 382 931 et
403 898 455 931 vir
472 896 535 931 Dei
562 898 594 929 in
620 906 658 929 se
681 907 840 930 reversus
867 901 931 931 est.
982 896 1099 931 Tanta
1125 901 1238 931 autem
1265 897 1490 939 abstinentia,

104 962 225 997 labore
253 966 287 997 et
313 962 445 1008 vigiliis
472 971 598 1005 corpus
626 971 722 995 suum
750 963 902 1004 attrivit,
939 962 1031 1008 quod
1062 968 1095 998 et
1121 964 1333 1009 gravissima
1358 967 1391 998 et
1418 964 1491 999 sere

102 1030 266 1063 continua
290 1026 511 1074 aegritudine
536 1026 708 1072 languens
732 1033 935 1063 conventum
958 1030 1012 1063 vix
1033 1030 1131 1075 sequi
1153 1033 1284 1073 posset.
1333 1029 1489 1069 Quadam

103 1095 180 1129 viee
206 1093 282 1128 dum
310 1094 522 1139 gravissime
548 1092 799 1135 infirmaretur,
835 1094 1004 1128 fratribus
1032 1105 1093 1138 pro
1120 1104 1161 1128 eo
1189 1095 1360 1129 instanter
1385 1105 1488 1129 oran-

99 1159 194 1194 tibus
223 1158 474 1205 aliquantulum
502 1158 723 1193 convaluisse
748 1170 787 1194 se
813 1161 943 1201 sensit,
976 1161 1203 1205 congregatis
1229 1164 1342 1194 autem
1372 1160 1489 1194 fratri-v

101 1226 165 1260 bus
191 1225 300 1259 dixit:
334 1224 419 1270 quid
448 1226 576 1259 tenetis
611 1226 772 1259 miserum
808 1224 1005 1261 hominem?
1047 1225 1211 1260 fortiores
1243 1227 1328 1260 estis
1365 1231 1398 1260 et
1434 1228 1486 1260 in-

104 1291 288 1333 valuistis,
322 1292 472 1335 parcite,
508 1300 660 1336 quaeso,
694 1292 826 1334 parcite
861 1295 895 1325 et
925 1292 1028 1326 sinite
1063 1302 1114 1326 me
1148 1291 1257 1326 abire.
1307 1292 1336 1326 A
1372 1291 1486 1327 multis

103 1363 216 1392 autem
242 1356 444 1391 civitatibus
474 1357 525 1389 vir
546 1355 610 1390 Dei
638 1356 671 1389 in
696 1357 895 1401 episcopum
921 1356 1064 1398 electus,
1093 1358 1280 1402 praecipue
1308 1367 1327 1391 a
1346 1358 1488 1392 civitate

101 1423 271 1459 Januensi
307 1425 342 1456 et
373 1422 516 1455 civitate
548 1420 819 1463 Mediolanensi,
855 1422 1054 1466 petentibus
1088 1433 1126 1457 se
1151 1434 1213 1458 nec
1241 1433 1396 1457 annuens
1424 1433 1487 1458 nec

102 1487 258 1533 improbe
283 1497 433 1522 renuens
461 1486 618 1528 dicebat,
658 1497 696 1521 se
723 1497 790 1520 non
816 1497 895 1522 esse
919 1498 1038 1529 suum,
1080 1488 1143 1523 sed
1168 1488 1315 1522 aliorum
1341 1489 1488 1522 servitio

101 1554 316 1598 deputatum.
364 1552 506 1587 Fratres
533 1556 646 1587 autem
675 1562 717 1586 ex
752 1553 900 1586 consilio
928 1555 992 1587 viri
1018 1553 1079 1588 Dei
1105 1554 1173 1588 sibi
1202 1553 1429 1598 providerant
1454 1559 1489 1589 et

101 1613 221 1654 summi
248 1617 421 1664 pontificis
455 1619 662 1652 auctoritate
696 1619 815 1651 muniti
849 1623 967 1661 erant,
1004 1629 1047 1654 ne
1079 1620 1157 1664 quis
1191 1620 1357 1666 gaudium
1389 1630 1488 1654 suum

101 1685 145 1719 ab
186 1685 228 1718 iis
262 1684 387 1718 tollere
421 1687 554 1729 posset.
604 1682 759 1723 Quodam
793 1688 950 1729 tempore
989 1695 1062 1719 cum
1091 1685 1217 1720 fratres
1243 1686 1487 1720 cartusienses

102 1752 286 1785 visitasset
309 1754 344 1785 et
379 1749 447 1794 ipsi
480 1747 524 1782 ab
560 1758 601 1783 eo
637 1749 669 1782 in
708 1748 867 1784 omnibus
901 1749 1082 1794 plurimum
1117 1750 1292 1785 aedificati
1326 1750 1488 1792 fuissent,

100 1828 200 1852 unum
227 1815 312 1858 suit,
339 1814 431 1861 quod
456 1813 630 1859 praedicti
656 1813 721 1848 loci
749 1816 899 1860 priorem
925 1815 1177 1862 aliquantulum
1203 1818 1329 1859 movit,
1355 1815 1488 1850 scilicet

101 1882 193 1929 quod
219 1881 320 1924 sella,
345 1882 400 1916 cui
426 1880 615 1927 equitando
644 1880 840 1923 insidebat,
874 1882 984 1916 miuus
1016 1883 1180 1928 neglecta
1211 1886 1288 1918 erat
1312 1887 1346 1917 et
1370 1892 1489 1927 parum

101 1947 306 1993 praeferens
331 1951 582 1992 paupertatem.
634 1946 732 1986 Quod
758 1957 860 1992 quum
887 1946 1001 1982 dictus
1027 1949 1125 1993 prior
1157 1950 1216 1983 uni
1252 1959 1293 1983 ex
1323 1947 1490 1982 fratribus

101 2017 137 2048 et
160 2012 220 2046 ille
254 2013 327 2046 viro
350 2011 418 2045 Dei
456 2011 657 2053 retulisset,
690 2021 758 2045 non
794 2013 905 2045 minus
942 2015 1018 2057 ipse
1050 2015 1214 2055 miratus,
1249 2014 1364 2059 qualis
1397 2016 1491 2046 esset

102 2077 214 2119 sella,
243 2075 458 2121 quaerebat,
489 2085 567 2109 nam
593 2085 614 2109 a
640 2075 837 2110 claravalle
862 2086 972 2121 usque
997 2078 1043 2112 ad
1069 2078 1265 2112 Cartusiam
1291 2080 1435 2112 venerat
1459 2080 1493 2110 et

101 2147 234 2184 tamen,
274 2140 389 2186 qualis
425 2144 520 2175 esset
554 2139 661 2182 sella,
701 2142 838 2185 penitus
871 2142 1070 2187 ignorabat.
1118 2141 1224 2177 Juxta
1257 2141 1368 2176 lacum
1393 2140 1488 2174 Lau-

102 2218 309 2244 sannensem
334 2207 441 2240 totius
467 2204 538 2239 diei
562 2206 686 2240 itinere
710 2216 862 2252 pergens
889 2208 1027 2252 penitus
1061 2217 1135 2242 eum
1162 2218 1229 2241 non
1257 2207 1343 2241 vidit
1367 2210 1425 2240 aut
1453 2215 1490 2240 so

105 2273 224 2309 videre
241 2283 310 2307 non
335 2270 433 2306 vidit.
483 2269 565 2305 Cum
592 2272 680 2305 enim
707 2281 786 2306 sero
816 2271 908 2307 sacto
934 2272 976 2307 de
1001 2272 1122 2307 eodem
1147 2273 1226 2307 lacu
1251 2273 1340 2306 socii
1365 2271 1489 2316 loque-

105 2343 242 2380 rentur,
277 2337 509 2382 interrogavit
539 2347 624 2379 eos,
661 2323 798 2372 ubinam
831 2337 929 2372 lacus
963 2338 1022 2373 ille
1062 2343 1165 2374 esset.
1217 2337 1316 2378 Quod
1349 2337 1399 2370 illi
1429 2346 1491 2371 au-

105 2405 240 2440 dientes
266 2402 446 2448 plurimum
473 2401 633 2436 admirati
661 2407 752 2438 sunt.
801 2402 969 2438 vincebat
1005 2414 1089 2438 sane
1116 2406 1150 2438 in
1176 2414 1217 2438 eo
1244 2401 1491 2437 sublimitatem

105 2470 252 2505 nominis
285 2468 462 2502 humilitas
502 2467 618 2502 cordis
660 2478 723 2502 nee
755 2471 822 2502 tam
857 2472 997 2512 poterat
1029 2470 1213 2504 universus
1253 2478 1327 2502 eum
1353 2468 1493 2513 erigere

106 2534 274 2576 mundus,
311 2543 410 2578 quam
447 2543 484 2566 se
522 2534 598 2577 ipse
633 2532 786 2578 dejicere
827 2533 937 2569 solus.
992 2534 1149 2568 Summus
1188 2532 1415 2578 reputabatur
1447 2531 1490 2566 ab

109 2599 290 2639 omnibus,
327 2597 462 2632 iniimus
498 2599 575 2642 ipse
607 2608 644 2632 se
669 2603 846 2643 reputans,
884 2602 915 2632 et
942 2610 1040 2643 (piem
1065 2599 1130 2633 sibi
1164 2609 1303 2642 omnes,
1343 2600 1418 2643 ipse
1453 2608 1491 2632 se

182 2680 208 2709 i}
229 2678 303 2705 Alii2
324 2678 358 2714 ip
371 2688 383 2703 s
395 2688 410 2706 υ
431 2678 499 2705 loco
522 2678 603 2705 vocis
624 2687 638 2704 ει
650 2688 667 2712 p
681 2678 686 2703 i
698 2687 709 2704 :³
721 2690 732 2704 η,
746 2687 816 2712 opo
836 2676 946 2708 legunt.
