1742 3005
394 89 490 138 Cap.
520 89 563 125 C.
623 88 683 125 De
721 95 852 128 sancto
884 86 1174 137 Christophoro.
1397 84 1474 124 431

89 195 204 228 iniuiio
238 195 387 236 timens,
423 203 465 227 ne
501 194 533 227 in
571 202 623 227 me
651 194 858 236 potestatem
880 191 1030 235 accipiat
1054 189 1207 235 mihique
1232 195 1366 225 noceat.
1417 192 1480 225 (lui

91 258 387 303 Christophorus:
414 260 445 291 si
472 257 674 303 dyabolum,
701 268 743 292 ne
770 255 832 290 tibi
859 259 1003 295 noceat,
1030 259 1177 299 metuis,
1211 267 1296 302 ergo
1323 257 1381 292 ille
1406 268 1478 292 ma-

86 325 147 370 jor
171 329 206 359 et
230 325 408 369 potentior
432 328 465 357 te
492 334 570 359 esse
594 324 824 364 convincitur,
851 331 949 366 quem
975 322 1158 355 intantum
1185 322 1374 357 formidare
1399 334 1480 368 pro-

90 391 198 424 baris.
247 389 450 424 Frustratus
483 390 594 436 igitur
625 399 698 422 sum
732 397 794 431 spe
827 396 904 420 mea
938 391 1086 430 putans,
1122 387 1214 432 quod
1251 389 1416 432 majorem
1449 394 1483 423 et

90 456 320 500 potentiorem
347 455 462 489 mundi
487 455 659 488 dominum
685 453 915 492 invenissem,
941 451 1004 485 sed
1024 453 1098 496 jam
1123 463 1211 486 nune
1237 453 1374 494 valeas,
1401 456 1484 498 quia

90 523 204 565 ipsum
229 520 415 565 dyabolum
441 528 610 564 quaerere
637 518 730 559 volo,
757 521 794 551 ut
818 518 929 561 ipsum
955 516 1039 551 mihi
1063 518 1097 550 in
1118 517 1290 551 dominum
1308 528 1482 553 assumam

92 592 127 622 et
158 589 234 632 ejus
269 595 393 620 servus
427 584 570 619 efficiar.
620 583 793 618 Discessit
826 583 935 628 igitur
968 584 1010 616 ab
1037 583 1098 616 illo
1129 594 1212 629 rege
1239 588 1272 618 et
1298 584 1483 629 dyabolum

93 662 262 698 quaerere
288 649 513 695 properabat.
565 649 647 683 Cum
674 653 787 682 autem
814 659 877 693 per
909 648 1080 693 quandam
1107 649 1328 684 solitudinem
1356 662 1482 697 perge-

93 723 158 760 ret,
184 718 269 752 vidit
287 726 447 761 magnam
467 715 719 749 multitudinem
741 714 896 756 militum,
924 726 1068 759 quorum
1095 715 1233 760 quidam
1262 717 1361 750 miles
1388 716 1484 751 ferus

93 789 126 819 et
160 782 329 818 terribilis
357 780 519 816 veniebat
552 780 595 814 ad
622 791 698 815 eum
724 785 769 822 et.
797 791 944 824 quonam
971 785 1147 826 pergeret,
1177 784 1371 826 requisivit.
1421 782 1484 817 Cui

94 847 370 892 christophorus
396 846 596 891 respondit:
624 846 712 881 vado
740 856 909 891 quaerere
935 846 1108 880 dominum
1135 847 1340 891 dyabolum⁷
1368 853 1405 881 ut
1433 849 1485 892 ip-

94 926 168 950 sum
202 916 237 948 in
272 913 444 947 dominum
476 912 559 946 mihi
593 922 778 946 assumam.
829 912 891 945 Cui
926 912 1003 946 ille:
1042 923 1109 958 ego
1146 923 1219 946 sum
1257 913 1336 955 ille,
1384 924 1485 958 quem

94 981 247 1027 quaeris.
297 977 444 1014 Gavisus
471 978 746 1023 Christopliorus
786 988 823 1012 se
849 978 916 1012 sibi
945 979 978 1012 in
1004 988 1140 1012 servum
1167 985 1369 1024 perpetuum
1395 980 1487 1014 obli-

92 1048 190 1093 gavit
225 1045 402 1088 et.ipsum
435 1055 498 1089 pro
531 1044 669 1078 domino
693 1044 841 1088 accepit.
891 1043 972 1077 Cum
1001 1054 1086 1088 ergo
1113 1044 1214 1078 ambo
1241 1050 1430 1091 pergerent
1455 1051 1488 1081 et

92 1114 129 1146 in
163 1110 310 1157 quadam
345 1111 400 1144 via
434 1111 603 1144 communi
627 1120 760 1144 crucem
788 1114 938 1144 erectam
965 1111 1196 1151 invenissent,
1229 1122 1308 1144 mox
1342 1116 1378 1145 ut
1403 1111 1487 1156 dya-

95 1178 197 1212 bolus
222 1179 333 1221 ipsam
358 1185 492 1210 crucem
519 1175 621 1217 vidit,
648 1176 792 1209 territus
818 1175 908 1220 sugit
934 1180 968 1210 et
992 1177 1080 1209 viam
1107 1175 1272 1211 deserens
1299 1188 1361 1221 per
1383 1187 1488 1221 aspe-

94 1254 166 1278 ram
192 1241 415 1277 solitudinem
441 1240 732 1285 Christophorum
759 1241 857 1275 duxit
882 1246 916 1275 et
940 1242 1157 1285 postmodum
1185 1243 1295 1287 ipsum
1326 1242 1368 1277 ad
1398 1244 1488 1277 viam

96 1310 246 1345 reduxit.
295 1306 396 1346 Quod
419 1306 541 1341 videns
568 1305 844 1351 Christophorus
869 1311 903 1341 et
927 1307 1104 1342 admirans
1130 1310 1364 1355 interrogavit
1380 1309 1487 1351 illum,

97 1386 158 1410 cur
182 1377 216 1409 in
239 1379 370 1409 tantum
394 1374 519 1406 timens
547 1373 635 1406 viam
662 1372 800 1417 planam
826 1373 1011 1418 reliquerit
1041 1378 1076 1408 et
1100 1377 1230 1408 tantum
1256 1374 1402 1409 devians
1427 1386 1491 1419 per

96 1446 163 1475 tam
191 1450 352 1484 asperam
378 1437 600 1475 solitudinem
635 1439 726 1478 ierit.
769 1438 867 1478 Quod
900 1449 973 1472 cum
1011 1439 1071 1473 ille
1102 1440 1299 1475 nullatenus
1333 1441 1490 1475 indicare

96 1506 221 1547 vellet,
249 1505 337 1540 dixit
362 1502 654 1547 Christophorus:
690 1504 759 1536 nisi
792 1503 875 1536 mihi
911 1503 976 1538 hoc
1003 1505 1232 1548 indicaveris,
1269 1508 1385 1540 statim
1412 1516 1433 1540 a
1457 1510 1492 1540 te

95 1571 293 1613 discedam3
328 1573 544 1615 quapropter
579 1569 778 1613 compulsus
817 1568 988 1614 dyabolus
1013 1571 1101 1605 dixit
1126 1573 1176 1606 ei:
1211 1572 1350 1617 quidam
1375 1572 1491 1615 homo,

97 1639 155 1682 qui
181 1636 308 1670 dicitur
332 1635 492 1669 Christus
510 1661 518 1677 ‚
555 1635 715 1673 incruee
742 1635 829 1669 lixus
856 1634 939 1678 suit,
973 1638 1073 1682 cujus
1107 1639 1220 1672 crucis
1254 1640 1390 1683 signum
1416 1648 1490 1672 cum

98 1702 220 1744 video,
253 1701 436 1746 plurimum
462 1701 669 1745 pertimesco
705 1705 739 1734 et
770 1702 912 1735 territus
947 1702 1057 1748 fugio.
1108 1704 1170 1738 Cui
1197 1704 1491 1749 Christophorus:

99 1779 185 1814 ergo
213 1768 271 1802 ille
296 1767 455 1801 Christus
481 1767 593 1812 major
617 1771 651 1801 et
676 1768 854 1812 potentior
878 1772 912 1801 te
939 1773 993 1802 est
1009 1796 1016 1809 ‚
1054 1770 1154 1814 cujus
1187 1771 1323 1816 signum
1357 1771 1391 1804 in
1415 1775 1492 1804 tan-

98 1838 168 1868 tum
194 1832 391 1868 formidas?
438 1832 474 1867 In
501 1843 643 1867 vacuum
670 1834 778 1878 igitur
803 1832 963 1867 laboravi
984 1834 1178 1870 necadhuc
1193 1838 1360 1882 majorem
1377 1836 1495 1870 mundi

99 1900 290 1944 principem
323 1900 452 1934 inveni.
500 1898 575 1934 Jam
609 1908 697 1932 nunc
730 1898 872 1940 valeas,
910 1901 992 1944 quia
1023 1904 1057 1935 te
1084 1901 1164 1935 volo
1191 1901 1356 1937 deserere
1383 1906 1416 1937 et
1440 1904 1494 1947 ip-

101 1974 175 1998 sum
210 1963 383 1998 Christum
416 1965 606 2009 inquirere.
656 1964 746 1998 Cum
774 1965 882 2009 igitur
922 1965 980 1999 diu
1028 1968 1287 2010 quaesivisset,
1333 1969 1392 2012 qui
1427 1968 1495 2002 sibi

103 2027 234 2062 Christi
268 2029 425 2062 notitiam
466 2029 654 2069 indicaret,
698 2028 839 2062 tandem
881 2029 925 2062 ad
961 2031 1132 2074 quendam
1173 2034 1352 2066 eremitam
1388 2032 1493 2066 deve-

102 2094 172 2135 nit,
211 2093 270 2137 qui
295 2091 364 2126 sibi
390 2091 563 2126 Christum
590 2091 809 2137 praedicavit
836 2098 871 2127 et
895 2095 929 2127 in
954 2095 1031 2139 ejus
1068 2095 1135 2130 fide
1169 2097 1280 2141 ipsum
1307 2096 1497 2142 diligenter

103 2158 279 2200 instruxit,
306 2157 460 2203 dixitque
487 2159 632 2192 eremita
659 2156 933 2202 Christophoroz
960 2170 1021 2194 rex
1047 2162 1133 2204 iste,
1159 2163 1214 2196 cui
1239 2163 1373 2197 servire
1399 2163 1493 2197 desi-

101 2223 219 2265 deras,
246 2222 339 2256 istud
364 2225 511 2268 requirit
535 2223 753 2269 obsequium,
788 2225 870 2269 quia
895 2224 1097 2269 frequenter
1114 2227 1280 2271 jejunare
1305 2229 1493 2273 oportebit.

104 2287 169 2322 Cui
193 2286 488 2332 christophorus:
513 2288 610 2323 aliud
635 2299 656 2323 a
680 2300 733 2323 me
758 2291 914 2334 requirat
938 2289 1163 2336 obsequium,
1189 2295 1272 2338 quia
1296 2296 1395 2328 istam
1423 2305 1493 2329 rem

103 2362 323 2398 nequaquam
347 2361 456 2398 agere
481 2354 594 2388 valeo.
613 2350 775 2389 'Rursus
801 2357 964 2389 eremita:
999 2356 1125 2391 multas
1151 2369 1290 2403 quoque
1314 2361 1494 2395 orationes

101 2422 138 2452 te
163 2417 234 2451 sibi
259 2417 374 2451 facere
399 2417 587 2462 oportebit.
637 2419 701 2453 Cui
728 2419 1026 2464 Christophorus:
1059 2423 1201 2465 nescio,
1236 2423 1319 2467 quid
1344 2425 1390 2458 sit
1414 2424 1493 2468 hoc,

103 2492 168 2520 nee
191 2482 391 2527 huJusmodi
417 2481 623 2527 obsequium
647 2485 815 2528 perticere
840 2495 993 2530 possum.
1042 2485 1106 2520 Cui
1131 2489 1294 2522 eremita:
1326 2491 1419 2524 nosti
1439 2495 1494 2526 ta-

104 2547 170 2582 lem
190 2547 344 2589 fluvium,
368 2548 403 2581 in
429 2558 498 2593 quo
522 2548 621 2582 multi
643 2553 865 2584 transeuntes
889 2550 1133 2595 periclitantur
1157 2556 1192 2585 et
1211 2556 1385 2598 pereunt?
1431 2556 1495 2591 Cui

106 2612 403 2658 Christophorus:
437 2614 529 2647 novi.
578 2612 622 2648 Et
647 2614 724 2648 ille:
757 2624 831 2648 cum
865 2625 1034 2660 procerae
1065 2620 1222 2653 staturae
1246 2619 1296 2654 sis
1332 2624 1367 2655 et
1390 2620 1494 2657 fortis

107 2676 258 2720 viribus,
285 2679 315 2711 si
334 2679 439 2723 Juxta
463 2678 604 2713 fluvium
633 2678 728 2714 illum
754 2679 928 2715 resideres
954 2685 988 2716 et
1012 2686 1154 2718 cunctos
1174 2684 1390 2728 traduceres,
1415 2688 1493 2733 regi
