1742 3005
247 141 327 180 64ss
414 144 508 192 Cap.
541 141 689 177 CXLV.
750 141 806 177 De
839 147 967 176 sancto
998 140 1186 178 Michaele
1221 141 1465 189 archangelo,

248 251 343 282 tione
372 246 506 280 mediae
532 252 565 281 et
591 246 731 279 ultimae
757 247 791 279 in
820 244 958 279 duobus
985 243 1186 282 ordinibus,
1221 243 1357 278 scilicet
1381 244 1578 288 principatu
1604 245 1637 277 et

252 313 389 352 virtute,
431 310 621 344 dissentire
648 309 818 345 videntur.
879 308 1071 355 Gregorius
1108 309 1195 343 enim
1231 312 1265 342 et
1297 307 1495 343 Bernardus
1533 309 1637 343 aliam

250 375 566 410 considerationem
594 375 800 417 habuerunt,
826 379 931 421 prout
959 375 1092 409 scilicet
1117 373 1231 408 media
1256 372 1445 419 gerat-chia
1469 375 1640 418 accipitur

251 451 358 486 penes
385 441 657 485 praelationem,
699 441 818 475 ultima
844 451 951 485 penes
977 441 1276 474 ministrationem.
1327 438 1502 473 Praelatio
1526 443 1637 473 autem

253 509 286 541 iu
312 508 449 553 augelis
474 507 603 551 triplex
634 511 706 541 est:
744 511 910 551 praesunt
938 508 1024 541 enim
1052 502 1169 551 angeli
1199 504 1368 550 angelicis
1395 503 1577 549 spiritibus
1607 508 1641 538 et

252 573 286 607 hi
320 573 576 607 dominationes
610 572 788 616 dicuntur,
824 577 991 618 praesunt
1025 573 1128 607 etiam
1163 570 1283 617 angeli
1317 570 1418 604 bonis
1443 569 1641 604 hominibus

253 643 286 673 et
320 638 355 672 hi
390 638 550 672 dicuntur
586 640 823 683 priucipatus;
865 642 1033 682 praesunt
1058 636 1307 678 daemonibus,
1348 639 1383 670 et
1414 635 1450 669 111
1485 634 1645 670 dicuutur

252 708 460 748 potestates,
508 702 550 737 Et
584 704 669 737 ordo
706 708 740 738 et
770 703 904 748 gradus
940 702 1122 748 dignitatis
1158 704 1192 736 in
1226 701 1280 735 his
1318 705 1424 746 patet.
1480 700 1642 736 Ministe-

254 770 340 802 rium
379 771 493 802 autem
526 769 655 812 triplex
691 772 763 809 est3
811 767 1002 812 quoddam,
1047 768 1139 812 quod
1186 768 1348 801 consistit
1381 768 1412 800 in
1447 766 1640 811 operando,

253 833 428 879 quoddam
454 834 488 867 in
514 833 672 868 docendo
698 837 757 867 aut
784 833 919 878 majora
944 836 1004 866 aut
1029 833 1174 867 minora.
1223 832 1370 866 Primum
1394 836 1447 866 est
1466 833 1641 873 virtutum⁷

253 898 443 934 secundum
476 899 787 945 archangelorum,
837 899 976 933 tertium
1021 898 1237 943 angelorum.
1297 896 1425 936 Quinta
1465 898 1642 941 apparitio

255 969 328 1006 est,
357 963 399 998 de
426 973 494 1008 qua
521 964 652 1009 legitur
680 966 712 996 in
740 963 897 1008 hystoria
922 965 1113 1008 tripartita.
1162 962 1247 997 Nam
1269 964 1371 1008 juxta
1396 961 1644 996 Constantino-

255 1029 361 1074 polim
390 1035 443 1064 est
469 1029 565 1063 locus
590 1029 757 1074 quidam,
791 1029 851 1062 ubi
884 1028 964 1062 olim
992 1029 1065 1063 Dea
1091 1028 1199 1064 Vesta
1223 1028 1428 1069 colebatur,
1467 1027 1528 1062 sed
1556 1038 1644 1062 nunc

256 1095 408 1130 eeclesia
432 1096 467 1128 iu
492 1094 625 1129 honore
652 1095 761 1128 sancti
789 1094 974 1129 Michaelis
1001 1094 1173 1128 fabricata
1208 1098 1281 1137 est,
1318 1095 1377 1139 qui
1411 1095 1512 1128 etiam
1546 1093 1644 1128 locus

255 1159 480 1194 Michaelium
518 1164 746 1203 innicupatur.
797 1159 878 1193 Cam
922 1161 1029 1205 igitur
1067 1159 1237 1204 quendam
1275 1161 1413 1194 nomine
1445 1159 1645 1204 Aquilinum

256 1225 562 1260 vehementissima
615 1224 724 1260 febris
776 1225 893 1258 rubeis
943 1224 1123 1258 coloribus
1172 1229 1264 1259 mota
1308 1225 1644 1270 comprehendisset,

257 1293 432 1326 aestuanti
458 1291 618 1336 poculum
645 1290 769 1324 medici
795 1289 987 1333 dederunt,
1022 1290 1113 1335 quod
1143 1292 1314 1333 evomuit,
1346 1291 1435 1326 adeo
1473 1295 1510 1325 ut
1544 1295 1644 1336 post—

256 1357 413 1400 modum,
451 1356 620 1402 quidquid
662 1355 863 1391 comederet
897 1356 952 1391 vel
987 1356 1142 1399 biberet,
1177 1360 1363 1391 evomeret.
1414 1356 1498 1390 Dum
1531 1360 1643 1391 autem

254 1424 326 1467 ι111111
353 1425 455 1458 morti
484 1424 616 1458 vicinus
645 1425 760 1463 esset,
793 1422 836 1456 ad
865 1421 977 1456 locum
1011 1421 1099 1456 111100
1125 1431 1162 1456 se
1191 1422 1269 1456 duci
1295 1421 1399 1464 fecit,
1433 1421 1579 1456 credens
1606 1432 1647 1457 se

258 1488 341 1522 illue
374 1493 433 1523 aut
464 1492 550 1524 mori
587 1492 646 1523 aut
680 1487 851 1533 languore
877 1489 1019 1532 privari.
1071 1486 1132 1521 Cui
1158 1487 1313 1523 Michael
1339 1497 1514 1533 apparens
1544 1486 1645 1530 dixit,

257 1557 295 1587 ut
319 1554 572 1590 confectionem
597 1555 665 1589 sibi
698 1564 740 1588 ex
773 1553 874 1588 melle
910 1559 943 1588 et
976 1556 1055 1588 vino
1091 1558 1125 1588 et
1150 1555 1271 1598 pipere
1298 1554 1432 1589 faceret
1457 1557 1491 1588 et
1517 1555 1644 1596 omnia,

260 1628 349 1664 quae
376 1620 594 1657 comederet,
631 1620 677 1653 ibi
706 1621 914 1665 intingeret,
949 1623 983 1654 et
1009 1621 1060 1653 sie
1086 1619 1222 1664 plenam
1248 1620 1433 1655 sanitatem
1458 1621 1643 1664 reciperet.

259 1683 360 1724 Quod
385 1694 459 1719 cum
488 1685 648 1726 fecisset,
677 1685 780 1729 plane
806 1685 978 1719 liberatus
1008 1689 1080 1727 est,
1119 1695 1193 1719 cum
1220 1689 1336 1720 tamen
1360 1685 1547 1720 seeundum
1573 1695 1644 1720 me-

260 1749 397 1784 dicinae
432 1751 602 1785 rationem
637 1751 847 1784 contrarium
875 1760 954 1783 esse
983 1749 1161 1792 videatur,
1189 1751 1306 1784 calida
1333 1751 1460 1796 poeula
1483 1750 1644 1786 colericis

260 1814 438 1852 exhibere.
488 1815 579 1850 llaec
617 1816 650 1848 in
690 1814 849 1859 hystoria
883 1816 1073 1859 tripartita,
1122 1815 1282 1849 Secundo
1320 1815 1449 1850 dicitur
1483 1818 1641 1850 victoria.

258 1879 443 1924 Multiplex
470 1885 582 1915 autem
609 1881 758 1915 victoria
782 1880 893 1924 ipsius
920 1879 1122 1925 archangeli
1147 1879 1336 1914 Michaelis
1371 1885 1405 1915 et
1438 1881 1642 1926 angelorum

257 1945 439 1979 invenitur.
488 1945 602 1980 Prima
627 1949 700 1987 est,
727 1954 828 1990 quam
855 1944 1090 1989 archangelus
1115 1944 1267 1980 Michael
1294 1945 1482 1990 praedietis
1509 1946 1643 1991 811100-

257 2010 349 2043 tanis
383 2010 451 2044 hoc
484 2011 585 2045 modo
621 2012 808 2055 praestitit.
858 2009 943 2043 Post
977 2009 1121 2054 aliquod
1155 2012 1243 2044 enim
1269 2014 1404 2055 tempus
1430 2011 1473 2044 ab
1501 2013 1643 2046 invento

257 2076 334 2109 loco
359 2075 567 2120 Neapolitae
593 2076 707 2110 adhuc
732 2075 883 2121 gentiles
911 2079 1033 2108 contra
1060 2074 1282 2120 Sypontauos
1310 2079 1343 2110 et
1360 2075 1642 2119 Beneventanus,

256 2142 316 2186 qui
350 2143 604 2187 quinquaginta
639 2140 849 2174 milliaribus
884 2150 903 2174 a
930 2140 1084 2184 Syponto
1124 2140 1267 2182 distant,
1295 2140 1458 2175 ordinato
1489 2143 1644 2177 exercitu

256 2206 392 2242 bellare
413 2211 615 2251 coeperunt.
654 2206 720 2246 Qui
738 2205 781 2240 de
799 2207 956 2251 episcopi
973 2206 1121 2240 consilio
1142 2206 1258 2240 triduo
1279 2206 1437 2242 inducias
1455 2209 1641 2252 petierunt,

256 2276 293 2307 ut
313 2273 450 2318 jejunio
482 2273 646 2306 triduano
676 2276 841 2306 vacarent
869 2275 903 2306 et
937 2275 1120 2316 patronum
1154 2282 1250 2306 suum
1278 2271 1485 2308 Michaelem
1519 2274 1554 2307 in
1589 2275 1642 2309 sui

255 2337 421 2372 auxilium
447 2338 684 2382 implorarent.
735 2337 859 2371 Tertia
885 2340 998 2372 autem
1023 2340 1125 2371 00010
1149 2336 1303 2372 Michael
1336 2340 1504 2383 episeopo
1529 2348 1641 2384 appa-

255 2408 326 2443 ret,
361 2413 486 2448 preces
513 2402 597 2437 dicit
621 2401 819 2445 exauditas,
846 2403 1025 2436 victoriam
1052 2404 1221 2447 promittit
1246 2403 1430 2438 affuturam
1463 2409 1496 2438 et
1518 2408 1642 2449 quarta

255 2469 327 2504 diei
353 2469 441 2503 hora
460 2469 563 2514 jubet
587 2467 749 2502 hostibus
776 2467 1037 2502 occurrendum.
1088 2467 1221 2507 Quibus
1254 2469 1518 2504 occurrentibus
1541 2478 1638 2503 mons

256 2534 440 2581 Garganus
474 2535 639 2569 immenso
667 2537 817 2568 tremore
845 2534 1061 2575 concutitur,
1097 2533 1239 2579 fulgura
1263 2545 1402 2580 quoque
1426 2534 1549 2568 crebra
1577 2543 1638 2568 vo-

255 2599 327 2632 lant
359 2604 392 2633 et
425 2600 542 2645 caligo
576 2598 766 2633 tenebrosa
800 2602 907 2632 totum
946 2601 1072 2633 montis
1114 2609 1275 2634 cacumen
1311 2599 1473 2639 obduxit,
1512 2599 1561 2632 ita
1601 2604 1638 2633 111

258 2663 312 2697 nt:
347 2665 411 2697 viri
443 2664 486 2699 de
518 2665 733 2699 adversariis
768 2669 836 2698 tam
875 2674 915 2698 ex
945 2664 1037 2699 ferro
1072 2664 1238 2706 hostium,
1282 2673 1382 2708 quam
1419 2673 1461 2698 ex
1497 2665 1637 2709 sagittis

258 2728 357 2768 gneis
398 2730 579 2762 interirent
641 2729 778 2774 Reliqui
818 2740 897 2763 xero
938 2731 1062 2764 virtute
1089 2728 1292 2773 archangeli
1319 2733 1492 2772 compertu
1517 2729 1637 2771 ydolo<
