1742 3005
259 108 341 148 778
543 109 638 157 Cap.
672 107 823 145 CLXX.
891 108 950 145 De
980 115 1112 146 sancto
1144 109 1357 148 Clemente.

257 215 408 249 micitias
428 214 629 255 suscitaret,
654 214 826 258 cogitavit
852 224 914 259 per
937 214 1081 260 aliquod
1107 219 1244 260 tempus
1270 226 1309 250 se
1333 225 1354 249 a
1379 217 1493 260 patria
1518 215 1645 251 absen-

256 284 352 319 tare,
380 277 491 312 donec
517 277 659 313 illicitus
686 289 784 314 amor
807 281 1086 326 conquiesceret,
1117 291 1216 326 quem
1235 280 1424 325 adspectus
1447 283 1647 325 presentiae

256 344 496 378 inflammaret.
545 343 588 379 Ut
619 349 732 380 autem
764 345 830 380 hoc
866 356 887 380 a
918 347 993 380 viro
1021 357 1085 381 suo
1111 346 1271 381 obtinere
1303 350 1444 391 posset,
1481 349 1648 381 somnium

256 409 359 444 valde
383 409 549 444 confinxit
573 411 722 453 callide,
759 411 852 456 quod
889 414 922 446 in
959 411 1048 447 huuc
1081 413 1218 447 modum
1254 414 1329 446 viro
1364 412 1486 447 retulit
1511 412 1649 447 dicens:

255 484 339 510 ecce
366 475 504 521 quidam
527 477 608 511 mihi
636 488 699 522 per
724 479 831 511 visum
860 477 998 512 adstitit
1024 478 1104 512 mihi
1132 480 1374 524 praecipiens,
1403 482 1441 512 ut
1464 478 1649 512 confestim

254 551 329 575 cum
356 541 493 576 duobus
519 544 691 588 geminis,
730 544 868 578 scilicet
891 543 1059 578 Faustino
1083 549 1117 579 et
1141 544 1291 586 Fausto,
1329 555 1372 579 ex
1405 543 1492 578 urbe
1535 543 1651 578 disce-

255 606 372 641 derem
407 611 441 641 et
473 608 604 643 tamdiu
639 608 821 652 abessem,
866 609 979 644 donec
1022 611 1099 655 ipse
1139 610 1223 644 mihi
1261 610 1408 645 reditum
1447 611 1650 654 imperaret,

255 672 405 716 quodsi
438 684 506 707 non
532 674 706 716 facerem,
739 675 840 708 simul
875 686 949 710 cum
983 676 1120 710 duobus
1153 676 1276 712 liberis
1310 678 1501 711 interirem.
1551 675 1650 715 Quod

255 739 307 772 vir
347 738 494 773 audiens
533 739 757 774 vehementer
794 742 935 785 expavit
970 750 1011 775 ae
1045 752 1187 775 uxorem
1234 752 1308 775 cum
1347 741 1483 776 duobus
1526 741 1651 775 liberis

254 808 289 839 et
314 804 449 839 familia
474 805 580 839 multa
603 805 762 840 Athenas
789 807 901 847 misit,
935 810 974 840 ut
1008 810 1041 841 et
1073 806 1122 840 ibi
1150 811 1307 842 maneret
1339 811 1374 841 et
1399 806 1491 840 lilios
1520 807 1652 842 faceret

255 871 408 912 erudiri,
453 873 620 906 minorem
661 876 774 906 autem
823 870 948 914 silium,
990 872 1126 908 scilicet
1161 873 1397 911 Clementem,
1441 882 1515 905 cum
1558 876 1652 907 essct

254 947 422 971 annorum
465 939 655 983 quinque„
682 937 750 972 sibi
793 941 895 982 pater
937 938 970 971 in
1010 938 1173 973 solatium
1213 940 1365 974 retinuit.
1417 937 1500 972 Cum
1534 941 1649 972 autem

253 1007 365 1038 mater
389 1013 462 1037 cum
490 1002 570 1037 tiliis
598 1004 793 1048 navigaret,
821 1007 922 1038 nocte
953 1004 1101 1049 quadam
1129 1007 1229 1040 navis
1256 1005 1477 1050 naufragium
1507 1003 1650 1048 pertulit

254 1073 288 1103 et
314 1073 425 1104 mater
449 1070 525 1103 sine
550 1069 631 1103 filiis
658 1079 678 1103 a
705 1069 865 1104 fluctibus
893 1071 1006 1115 ejecta
1032 1081 1138 1116 super
1162 1071 1337 1116 quoddam
1372 1081 1492 1104 saxum
1523 1071 1647 1111 evasit,

254 1145 344 1180 quae
371 1135 458 1169 duos
485 1139 587 1169 natos
613 1136 763 1180 periisse
794 1135 1024 1171 considerans
1060 1147 1145 1181 prae
1177 1138 1283 1171 nimio
1316 1136 1440 1171 dolore
1475 1138 1509 1170 in
1542 1137 1648 1169 maris

255 1200 395 1235 fundum
432 1212 469 1236 se
503 1202 796 1251 praecipitasset,
834 1202 903 1235 nisi
935 1203 1019 1247 quia
1053 1213 1170 1237 eorum
1203 1202 1379 1237 cadavera
1412 1213 1451 1237 se
1486 1206 1647 1247 repertu—

253 1278 325 1301 ram
363 1268 541 1313 sperabat.
591 1267 637 1302 At
671 1278 767 1311 vero,
801 1267 859 1302 ubi
894 1278 957 1303 nec
992 1269 1091 1303 vivos
1123 1279 1186 1303 nec
1222 1273 1378 1302 mortuos
1416 1278 1453 1303 se
1491 1269 1647 1313 reperire

252 1345 359 1378 posse
383 1336 570 1381 cognovit,
607 1334 777 1369 clamores
812 1337 846 1369 et
879 1334 1032 1381 ululatus
1058 1336 1227 1369 maximos
1254 1334 1383 1376 dabat,
1419 1344 1540 1368 manus
1565 1343 1648 1367 suas

253 1400 428 1434 morsibus
454 1400 635 1435 lacerabat
658 1411 723 1435 nec
747 1400 851 1435 ullam
880 1388 1156 1436 consolationem
1183 1400 1227 1435 ab
1254 1400 1374 1445 aliquo
1402 1401 1560 1444 recipere
1587 1410 1647 1433 vo-

250 1466 359 1501 lebat.
409 1467 561 1512 Cumque
596 1467 734 1502 multae'
767 1467 930 1502 mulieres
967 1467 1167 1509 adstarent,
1212 1477 1302 1513 quae
1351 1476 1417 1501 sua
1458 1465 1649 1500 infortunia

253 1533 364 1567 eidem
390 1538 575 1568 narrarent
603 1538 638 1568 et
662 1533 723 1568 illa
748 1544 789 1568 ex
816 1532 880 1567 hoc
905 1534 1179 1569 consolationem
1214 1545 1282 1568 non
1317 1534 1511 1577 reciperet,
1547 1531 1648 1566 atl'uit

254 1599 424 1644 quaedam
452 1599 575 1634 mulier
601 1601 693 1633 inter
719 1603 899 1641 caeteras,
937 1610 1026 1645 quae
1062 1601 1171 1634 virum
1203 1610 1301 1634 suum
1327 1599 1586 1634 adolescentem
1613 1602 1648 1633 et

250 1670 390 1699 nautam
416 1667 450 1699 in
474 1667 559 1699 mari
586 1666 737 1710 periisse
763 1666 919 1699 asseruit
945 1669 979 1700 et
1004 1665 1048 1699 ob
1075 1665 1142 1700 hoc
1168 1667 1221 1700 sui
1248 1676 1402 1700 amorem
1428 1664 1646 1710 postmodum

251 1731 382 1767 nubere
418 1733 604 1766 recusavit.
653 1730 811 1775 Recepta
844 1732 954 1777 igitur
987 1731 1229 1777 qualicumque
1264 1731 1511 1766 consolatione
1550 1729 1645 1775 apud

251 1799 362 1842 ipsam
390 1797 552 1832 manebat
577 1802 611 1832 et
637 1797 875 1842 quotidianum
903 1799 1027 1831 victum
1055 1799 1127 1832 suis
1153 1797 1311 1831 manibus
1337 1796 1554 1842 acquirebat,
1581 1795 1644 1830 scd

252 1875 320 1897 non
348 1864 454 1897 multo
482 1867 562 1908 post
588 1873 708 1897 manus
739 1864 829 1907 ejus,
853 1873 940 1907 quas
961 1863 1096 1897 crebris
1114 1863 1287 1896 morsibus
1308 1863 1540 1903 laceraverat,
1567 1863 1643 1896 sine

251 1941 356 1965 sensu
384 1934 417 1964 et
448 1931 579 1973 ¹)motu
606 1928 695 1963 adeo
724 1932 804 1962 sunt
828 1928 987 1969 effectae,
1015 1932 1053 1962 ut
1071 1939 1145 1962 cum
1172 1929 1259 1973 ipsis
1280 1928 1478 1962 nullatenus
1503 1928 1644 1971 operari

252 1999 387 2041 posset.
446 1995 510 2029 llla
543 1999 678 2036 autem,
723 2004 812 2039 quae
847 2005 921 2028 eam
957 1998 1183 2038 susceperat,
1221 1994 1390 2038 paralisin
1426 1995 1573 2027 incurrit
1610 1997 1644 2028 et

253 2062 295 2097 de
328 2062 418 2096 lecto
454 2071 602 2106 surgere
636 2071 703 2093 non
738 2060 880 2095 valebat
914 2061 1036 2105 sicque
1072 2060 1276 2095 Macidiana
1318 2060 1516 2094 mendicare
1550 2070 1643 2094 com-

252 2129 394 2174 pellitur
417 2132 451 2162 et
476 2129 552 2172 ipsa
578 2137 651 2160 cum
679 2126 821 2170 hospita
847 2137 888 2160 ex
915 2126 990 2168 his,
1023 2136 1114 2171 quae
1141 2127 1296 2160 invenire
1324 2129 1485 2171 poterat,
1519 2136 1643 2170 pasce-

251 2195 365 2229 batur.
415 2193 596 2237 Completo
624 2194 732 2238 igitur
758 2202 870 2233 anno,
899 2203 967 2237 quo
995 2191 1198 2226 Macidiana
1226 2203 1300 2226 cum
1329 2192 1451 2226 liberis
1479 2192 1644 2227 discessit

251 2272 270 2295 c
296 2261 432 2306 patria,
470 2261 563 2293 misit
600 2258 757 2293 Athenas
785 2260 924 2293 nuntios
953 2259 1004 2292 vir
1030 2259 1126 2303 ejus,
1162 2262 1199 2292 ut
1225 2260 1322 2303 ipsos
1351 2260 1569 2304 requirerent
1597 2262 1642 2299 et,

251 2326 333 2372 quid
360 2329 529 2372 agerent,
564 2326 774 2360 intimarent.
824 2324 894 2359 Sed
921 2324 992 2365 illi,
1029 2325 1086 2369 qui
1122 2326 1218 2358 missi
1250 2324 1409 2367 fuerant,
1445 2325 1643 2359 nullatcnus

252 2391 440 2427 redierunt.
491 2391 647 2437 Denique
672 2402 745 2425 cum
772 2391 859 2425 alios
886 2391 1041 2424 misisset
1067 2394 1102 2424 et
1128 2390 1177 2424 illi
1208 2395 1423 2425 revertentes
1451 2401 1489 2426 se
1514 2391 1641 2424 nullum

252 2458 331 2493 inde
366 2459 551 2503 vestigium
593 2459 771 2502 reperisse
808 2461 1014 2499 narrarent,
1059 2457 1269 2491 Clementem
1304 2456 1408 2490 fitium
1446 2467 1544 2491 suum
1576 2455 1640 2489 sub

252 2525 425 2559 tutoribus
460 2525 648 2570 dereliquit
682 2528 716 2558 et
756 2525 876 2568 ¹)ipse
909 2523 952 2558 ad
988 2522 1226 2568 (ptaercndum
1262 2533 1402 2557 uxorem
1446 2532 1518 2556 cum
1561 2521 1642 2554 liliis

251 2601 369 2624 μανι-ιη
402 2591 627 2633 conscendit,
673 2589 735 2625 sed
773 2592 910 2626 minime
941 2590 1056 2625 rediit.
1115 2589 1250 2635 Viginti
1284 2590 1392 2635 igitur
1424 2588 1524 2622 annis
1562 2587 1639 2622 (ile-

320 2690 344 2722 Ι)
367 2689 439 2715 Atii:
465 2695 558 2715 murt
573 2700 652 2720 11:111,
707 2691 735 2723 ¹2)
757 2690 808 2717 Ed.
830 2693 871 2716 l'r.
893 2689 964 2715 luamv
985 2688 1114 2723 pessime
1135 2689 1172 2715 ita
1194 2686 1330 2714 invni-tit:
1352 2685 1430 2720 ipsi
1454 2702 1458 2703 ν
1477 2701 1483 2703 -
1503 2695 1545 2711 na
1561 2696 1638 2712 veni

252 2733 379 2762 rediit.
418 2734 570 2765 Viginti
599 2735 721 2767 igitur
748 2734 859 2762 annis
888 2733 1138 2765 conscendit,
1165 2730 1555 2763 sed111111i11w‚cte111.
1582 2735 1637 2758 vie.

1631 2828 1648 2839 a
