1742 3005
438 37 534 83 (lap.
568 35 701 71 LYlll.
760 35 816 71 De
847 41 976 71 sancto
1006 34 1186 82 Georgio.
1423 32 1501 71 263

108 139 260 184 taginem
294 136 433 182 plumbo
462 137 655 183 liquefacto
690 138 827 183 plenam
851 138 997 183 proJici,
1031 138 1092 182 qui
1120 136 1214 171 sacto
1246 138 1350 182 signo
1382 137 1496 170 crucis

106 205 141 237 in
166 213 241 237 eam
266 204 427 245 intravit⁷
463 203 528 237 scd
563 204 690 238 virtute
727 202 792 238 Dei
830 204 947 247 coepit
980 203 1015 236 in
1039 212 1082 237 ea
1105 203 1207 248 quasi
1227 204 1262 236 in
1285 201 1412 236 balneo
1434 212 1490 236 rc-

106 268 227 303 foveri.
276 267 377 307 Quod
419 268 540 302 videns
572 268 747 303 Dacianus
782 270 953 314 cogitavit
992 279 1069 303 eum
1104 268 1260 303 emollire
1294 267 1490 309 blanditiis,

105 344 204 379 quem
228 334 330 367 minis
355 343 524 378 superare
548 344 616 367 non
642 338 781 378 poterat
806 334 861 368 vel
885 335 1078 375 tormentiS,
1108 333 1264 378 dixitque
1285 333 1356 367 illi:
1381 333 1491 372 vides,

106 397 154 431 fili
179 397 332 443 Georgi,
359 403 510 443 quantae
537 398 811 433 mansuetudinis
835 403 916 432 sunt
940 398 997 431 Dii
1020 399 1152 439 nostri,
1179 400 1238 442 qui
1262 403 1297 434 te
1323 399 1491 444 blasphe-

104 474 192 497 mum
217 468 286 497 tam
311 465 486 508 patienter
502 464 685 501 sustinent,
712 464 826 507 parati
841 462 1076 504 nihilominus,
1106 463 1137 496 si
1153 466 1308 499 converti
1324 466 1490 507 volueris,

104 528 297 574 indulgere.
345 529 423 573 Age
449 539 547 573 crgo,
574 527 800 562 dilectissime
818 527 878 570 fili,
905 527 997 573 quod
1018 527 1152 569 hortor⁷
1179 533 1216 562 ut
1240 532 1491 573 superstitione

103 594 227 628 relicta
250 594 325 627 Diis
352 595 481 627 nostris
509 592 707 634 sacrificeS,
741 596 778 626 ut
812 603 958 638 magnos
991 595 1035 628 ab
1062 595 1149 639 ipsis
1176 599 1210 628 ct
1233 604 1254 627 a
1279 595 1380 629 nobis
1407 606 1488 630 eon-

102 660 260 703 sequaris
287 657 451 693 honores.
501 659 565 693 Cui
592 657 765 704 Georgius
793 659 980 693 subridens
1009 661 1075 694 ait:
1112 659 1203 703 ¹)ad
1237 660 1320 706 quid
1346 670 1367 694 a
1392 663 1488 706 prin-

102 725 193 769 cipio
220 735 289 758 non
312 727 424 771 magis
453 723 537 758 mihi
560 725 772 769 persuasisti
797 724 936 759 blandis
963 725 1181 760 sermonibus
1213 736 1314 771 quam
1336 731 1489 761 tormen-

100 792 176 826 tis?
212 801 293 826 ecce
320 796 465 836 paratus
501 800 575 824 sum
610 790 747 832 facere,
783 790 875 835 quod
906 790 1068 825 hortaris,
1118 790 1188 825 Hac
1212 790 1386 825 Dacianus
1406 802 1487 837 per-

99 856 267 891 missione
301 856 444 891 delusus
475 856 590 890 laetus
624 855 776 890 efficitur
803 856 982 901 jussitque
1008 856 1071 890 sub
1100 867 1184 891 voce
1209 858 1417 900 praeconis,
1453 864 1488 893 ut

101 934 219 957 omnes
253 922 298 956 ad
332 932 370 957 se
404 922 629 956 convenirent
662 925 697 955 et
726 919 913 965 Georgium
936 921 1069 955 tamdiu
1097 921 1323 956 reluctantem
1349 922 1488 957 tandem

101 988 226 1023 cedere
253 992 287 1023 et
310 987 510 1022 sacrificare
534 986 705 1021 viderent.
757 985 891 1021 Ornata
915 987 1023 1032 igitur
1046 991 1121 1021 tota
1142 988 1282 1022 civitate
1299 997 1384 1033 prae
1399 999 1487 1034 gau-

100 1053 158 1088 dio
189 1064 263 1088 cum
289 1052 461 1098 Georgius
488 1051 670 1097 ydolorum
694 1052 858 1096 templum
883 1051 1141 1086 sacrificaturus
1169 1054 1315 1087 intraret
1349 1058 1383 1088 et
1416 1065 1488 1088 om-

99 1130 161 1154 nes
187 1119 315 1154 ibidem
337 1118 533 1164 gaudentes
562 1117 765 1160 adstarent,
799 1118 900 1152 flexis
933 1117 1083 1162 genibus
1115 1117 1288 1152 dominum
1313 1122 1485 1163 exoravit,

99 1190 135 1220 ut
157 1185 321 1230 templum
345 1194 418 1218 cum
440 1183 556 1228 ydolis
583 1185 634 1218 sic
661 1185 798 1217 omnino
827 1183 1037 1223 destrueret,
1065 1188 1234 1228 quatenus
1262 1183 1305 1217 ad
1333 1186 1387 1219 sui
1410 1184 1487 1219 lau-

99 1249 177 1285 dem
203 1255 237 1284 et
257 1249 380 1295 populi
404 1250 666 1283 conversionem
689 1248 774 1282 nihil
801 1248 844 1282 dc
871 1259 912 1283 eo
940 1250 1078 1293 penitus
1104 1254 1318 1291 remaneret,
1351 1251 1487 1284 statim-

98 1326 165 1360 que
198 1316 290 1361 ignis
328 1315 370 1349 de
406 1314 505 1348 coelo
542 1313 760 1348 descendens
786 1314 950 1357 templum
981 1324 1055 1348 cum
1081 1313 1156 1348 Diis
1183 1321 1216 1349 et
1243 1315 1487 1350 sacerdotibus

96 1381 331 1415 concremavit
353 1383 518 1424 terraque
546 1389 583 1413 se
609 1380 771 1423 aperiens
798 1389 916 1414 omnes
952 1390 1068 1413 corum
1092 1380 1260 1424 reliquias
1289 1379 1488 1425 deglutivit.

97 1445 160 1479 Hic
185 1445 357 1480 exclamat
380 1444 586 1479 Ambrosius
623 1446 655 1478 in
690 1445 910 1489 praefatione
937 1445 1076 1478 dicens:
1112 1444 1285 1490 Georgius
1319 1444 1487 1478 fidelissi-

96 1521 170 1545 mus
196 1510 296 1545 miles
323 1510 474 1552 Christi,
509 1509 587 1544 dum
623 1509 892 1543 christianitatis
921 1510 1098 1554 professio
1125 1510 1266 1544 silentio
1293 1514 1485 1556 tegeretur,

97 1577 194 1611 solus
224 1577 315 1610 inter
339 1575 560 1610 christicolas
596 1575 790 1619 intrepidus
815 1574 880 1608 Dei
906 1575 1009 1608 tilium
1036 1579 1090 1609 est
1117 1575 1312 1610 confessus.
1363 1576 1425 1610 Cui
1453 1581 1487 1610 ct

94 1646 226 1676 tantam
259 1643 489 1676 constantiam
523 1642 640 1687 gratia
673 1641 790 1674 divina
822 1642 1018 1682 concessit,
1058 1644 1096 1674 ut
1129 1645 1163 1675 et
1195 1642 1397 1686 tyrannicae
1422 1653 1484 1686 po-

96 1709 237 1742 testatis
273 1712 463 1752 praccepta
498 1708 734 1741 contemneret
768 1711 802 1740 et
837 1706 1137 1741 innumerabilium
1173 1717 1242 1740 non
1281 1706 1486 1741 formidaret

94 1777 266 1808 tormenta
298 1783 499 1817 poenarum.
549 1772 577 1807 Ο
612 1772 697 1807 felix
727 1777 762 1806 et
792 1772 932 1806 inclitus
958 1771 1089 1806 domini
1113 1772 1326 1816 proeliator!
1377 1772 1484 1812 Quem

94 1850 163 1873 non
194 1838 306 1873 solum
337 1837 541 1883 temporalis
575 1832 675 1884 regni
707 1838 838 1872 blanda
873 1848 942 1872 non
976 1839 1152 1882 persuasit
1174 1838 1381 1882 promissio,
1421 1838 1482 1872 sed

94 1909 321 1949 persecutore
358 1904 480 1939 deluso
505 1905 769 1938 simulacrorum
797 1905 874 1949 ejus
905 1908 1069 1948 portenta
1092 1905 1126 1937 in
1153 1903 1316 1948 abyssum
1343 1903 1480 1947 dejecit.

94 1970 188 2005 Haec
219 1970 438 2004 Ambrosius.
484 1970 556 2004 Hoc
590 1969 736 2004 audiens
771 1969 947 2004 Dacianus
983 1968 1170 2014 Georgimn
1207 1968 1253 2002 ad
1288 1979 1326 2003 sc
1356 1968 1481 2002 adduci

94 2036 178 2071 fecit
201 2036 303 2081 eique
329 2034 434 2068 dixit:
457 2045 546 2080 quae
573 2036 750 2078 ²)malitia
775 2039 855 2078 tua,
880 2035 1032 2079 pessime
1056 2033 1249 2074 hominum,
1283 2032 1377 2077 quod
1401 2036 1482 2066 tan—-

91 2105 162 2135 tum
187 2101 322 2135 facinus
348 2101 578 2135 commisisti?
627 2100 691 2133 Cui
716 2099 911 2145 Georgius:
944 2110 987 2134 nc
1013 2098 1160 2140 credaS,
1193 2108 1275 2139 rex,
1310 2098 1360 2131 sic
1387 2107 1479 2139 esse,

94 2166 156 2201 sed
178 2176 310 2201 mecum
336 2176 445 2211 perge
473 2169 506 2200 ct
529 2167 653 2200 iterum
675 2176 728 2199 me
758 2165 934 2199 immolare
967 2164 1056 2198 vide.
1107 2163 1170 2198 Cui
1204 2162 1281 2197 ille:
1316 2162 1477 2207 intelligo

94 2231 251 2266 fraudem
285 2235 401 2274 tuam,
438 2233 521 2277 quia
554 2232 606 2265 vis
641 2241 694 2265 me
727 2230 843 2266 facere
876 2229 1099 2277 absorberi,
1119 2230 1210 2263 sicut
1244 2228 1407 2271 templum
1444 2232 1477 2261 et

93 2296 187 2331 Deos
212 2307 307 2330 meos
341 2296 526 2332 absorberi
559 2297 686 2331 fecisti.
736 2296 799 2331 Cui
832 2295 1024 2341 Georgius:
1056 2295 1111 2328 dic
1143 2293 1227 2327 mihi
1260 2295 1385 2334 miser,
1421 2292 1476 2325 Dii

93 2363 165 2404 tui,
208 2362 267 2406 qui
298 2371 336 2396 se
362 2362 487 2406 juvare
514 2373 583 2396 non
609 2367 819 2407 potuerunt,
848 2361 1019 2406 quomodo
1054 2364 1088 2394 te
1118 2357 1318 2405 juvabunt?
1364 2356 1478 2390 Iratus

94 2437 156 2462 rex
182 2427 284 2460 nimis
312 2425 401 2460 dixit
423 2426 659 2462 Alexandriae
686 2428 787 2461 uxori
816 2436 919 2460 suae:
956 2424 1121 2459 deficiens
1146 2423 1294 2463 moriar,
1326 2423 1408 2467 quia
1434 2422 1476 2455 ab

95 2492 162 2527 hoc
177 2491 316 2527 homine
335 2502 387 2526 ine
415 2495 614 2536 superatum
640 2502 756 2525 cerno.
806 2490 869 2524 Cui
895 2490 972 2523 illa:
996 2493 1140 2534 tyranne
1167 2486 1317 2521 crudelis
1343 2491 1377 2522 et
1402 2496 1477 2521 car-

163 2638 191 2671 1)
208 2637 322 2670 Vulgo:
343 2642 378 2663 nt
400 2636 497 2671 quid.
602 2637 630 2667 2)
650 2639 757 2661 necent
784 2634 898 2666 legunt:
919 2636 1007 2659 sunt
1027 2629 1238 2658 maleficia.
