1742 3005
382 101 476 152 Cap.
510 101 674 140 CCXVI.
734 102 792 139 De
827 107 956 139 sancta
986 102 1199 141 Genovesa.
1402 103 1482 142 923

97 204 239 232 dominus
258 204 466 234 fortitudinem
486 211 514 234 et
541 207 683 235 virtutem
706 207 808 235 decori
827 212 887 236 tuo.
924 211 1055 243 Cumque
1074 208 1211 243 sequenti
1231 207 1280 236 die
1299 208 1483 237 Genovesam

95 248 203 276 iterum
222 250 281 277 sibi
297 252 482 285 praesentari
500 251 638 284 fecisset,
665 251 741 278 dixit
760 252 799 278 ei:
819 262 875 279 are
894 252 956 280 filia
975 253 1147 286 Genovefa,
1165 253 1380 286 reminisceris,
1408 254 1482 287 quid

95 293 234 320 hesterna
252 294 301 322 die
320 295 357 322 de
377 296 510 331 corporis
531 296 573 323 tui
591 296 761 329 integritate
780 296 854 323 milii
873 297 913 324 sis
937 297 1090 332 pollicita?
1128 297 1177 325 Cui
1203 298 1270 325 illa:
1297 298 1481 330 reminiscor,

94 342 190 372 pater.
226 342 311 367 Tunc
335 340 388 367 ille
413 351 567 368 nummum
589 351 709 368 aereum
734 341 790 368 Dei
814 346 887 368 nutu
911 341 1036 368 allatum
1061 342 1222 369 habentem
1246 342 1361 375 signum
1387 343 1481 370 crucis

94 392 112 409 a
130 387 208 410 terra
226 384 370 417 colligens
389 385 486 419 inquit
504 385 543 411 ad
562 395 641 412 eam:
665 386 743 412 hunc
768 385 981 413 transforatum
1000 396 1054 421 pro
1074 387 1217 414 memoria
1236 386 1295 413 mei
1313 387 1352 413 ad
1370 386 1482 414 collum

95 436 274 463 suspensum
292 439 411 465 semper
428 430 539 457 habeto
557 430 728 463 nulliusque
744 430 859 457 metalli
873 435 923 457 aut
940 431 1165 463 margaritarum
1179 436 1354 458 ornamento
1371 431 1483 459 collum

94 471 265 506 digitosque
290 478 357 501 tuos
385 474 483 501 ornari
508 474 641 509 patiaris.
676 478 712 501 Et
738 475 912 502 valedicens
939 480 1088 510 caputque
1115 477 1177 509 ejus
1198 476 1377 504 deosculans
1397 477 1482 506 abiit.

94 520 166 543 Cum
184 522 279 545 mater
297 521 360 553 ejus
379 519 428 546 die
447 518 587 546 sollemni
605 519 645 545 ad
663 518 821 545 ecclesiam
839 524 975 553 pergeret
1001 525 1031 546 et
1057 519 1243 547 Genovesam
1268 521 1481 548 reclamantem

93 562 176 589 domi
193 573 346 591 remanere
372 564 575 599 praeciperet,
602 562 775 595 confestim,
801 567 834 589 ut
860 563 919 590 sibi
944 569 1039 591 mater
1063 565 1182 599 alapam
1206 564 1235 590 in
1255 563 1362 591 faciem
1388 565 1482 598 dedit,

92 607 194 634 lumen
220 608 319 635 amisit
342 609 444 642 sicque
469 608 534 635 sere
560 617 614 642 per
639 607 794 634 biennium
821 607 956 635 divinam
981 609 1056 636 iram
1080 619 1223 644 perpessa
1242 609 1383 644 precibus
1402 610 1482 637 filiae

91 652 215 679 tandem
240 652 384 687 pristinae
408 653 531 680 sanitati
553 656 599 679 est
621 651 769 680 restituta.
813 652 880 679 Alia
906 653 972 680 vice
1000 654 1071 680 dum
1098 653 1253 680 Ganos-esa
1279 664 1345 681 cum
1364 654 1481 682 duabus

91 696 215 724 sacratis
245 696 412 729 virginibus
438 701 536 724 aetate
561 696 804 732 provectioribus
838 698 905 724 loco
940 698 1106 725 novissimo
1137 698 1303 731 incederet,
1338 699 1482 727 obviante

92 740 267 773 Carnutensi
286 741 431 776 episcopo
455 743 583 776 ¹)Julito
603 742 704 769 statim
723 742 886 769 incedendi
905 752 1027 770 eversus
1047 748 1092 770 est
1111 743 1202 775 ordo,
1221 753 1305 770 nam:
1325 743 1385 776 illa,
1406 753 1481 777 quae

89 786 240 819 sequitur,
265 785 307 813 ait
325 785 505 821 episcopus,
532 791 748 822 anteponatur,
775 787 915 820 quoniam
935 789 1000 823 ipsa
1025 788 1151 815 coelitus
1171 790 1230 821 jam
1249 793 1292 815 est
1313 789 1481 815 sanctitica-

88 831 203 858 tionem
216 831 337 866 adepta.
372 831 548 859 Parentibus
564 834 627 867 ejus
642 832 769 859 sublatis
788 832 826 858 de
845 831 945 859 medio
965 843 1029 859 cum
1047 833 1081 861 in
1100 833 1243 860 l'arisimn
1261 833 1366 859 urbem
1384 838 1481 860 trans-

88 875 189 908 iisset,
216 880 299 902 tanta
318 876 478 910 paralisis,
511 881 544 904 ut
566 877 745 909 videbatur,
778 876 953 903 infirmitate
979 877 1102 904 detenta
1126 883 1189 910 est,
1223 883 1255 904 ut
1282 887 1391 913 corpus
1416 880 1480 912 ejus

88 921 196 948 laxatis
222 920 355 954 undique
381 922 505 948 artubus
531 931 564 948 ac
591 921 747 948 dissolutis
771 921 967 955 compagibus
994 921 1094 947 triduo
1128 922 1264 948 exanime
1299 923 1478 951 crederetur.

88 969 172 1000 Quae
198 975 265 992 cum
289 965 388 992 denuo
417 969 497 993 esset
523 965 681 993 sanitatem
705 970 858 997 assecuta,
887 966 987 998 ajebat
1014 974 1046 991 se
1073 965 1103 991 in
1130 965 1238 999 spiritu
1263 968 1300 992 ab
1321 967 1426 999 angelo
1447 967 1477 993 in

87 1010 214 1043 gloriam
239 1015 408 1038 sanctorum
434 1015 464 1037 et
488 1010 669 1045 supplicium
696 1009 857 1044 impiorum
882 1009 976 1036 [uisse
1003 1009 1163 1036 deductam
1182 1019 1216 1036 ac
1235 1015 1344 1037 extunc
1363 1016 1478 1038 secreta

87 1055 339 1083 conscientiarum
366 1055 397 1082 in
422 1063 484 1082 non
506 1055 656 1082 modicam
683 1054 913 1081 admirationem
941 1054 1041 1088 coepit
1068 1054 1203 1080 revelare
1222 1064 1256 1081 ac
1275 1055 1478 1086 manifestare,

86 1104 196 1128 Sancto
215 1104 315 1127 autem
334 1102 480 1127 Germano
498 1100 659 1133 redeunte,
686 1109 752 1126 cum
779 1098 923 1125 l’arisium
950 1098 1105 1130 intrasset,
1133 1098 1292 1126 confestim
1312 1100 1476 1133 Genoveta,

85 1144 208 1172 ubinam
234 1149 313 1172 esset
337 1149 367 1171 et
389 1143 537 1178 quidquid
564 1148 681 1176 ageret,
715 1142 880 1176 inquirens,
917 1143 947 1169 in
975 1145 1038 1176 ejus
1066 1143 1232 1178 hospitium
1258 1144 1415 1171 descendit
1442 1154 1478 1171 ac

84 1189 163 1216 male
191 1189 229 1216 de
255 1198 290 1216 ea
314 1189 574 1223 colloquentibus,
593 1189 807 1223 (deridebatur
831 1189 912 1215 enim
938 1193 1022 1221 tunc,
1055 1193 1087 1215 ut
1121 1188 1296 1223 plerumque
1329 1190 1377 1222 sit,
1406 1189 1478 1224 justi

87 1234 286 1270 simplicitas)
311 1238 421 1262 terrain
448 1234 509 1262 suis
535 1233 673 1267 lacrymis
692 1232 842 1265 irrigatam
861 1233 994 1260 ostendit
1013 1233 1114 1266 sicque
1134 1243 1200 1260 eam
1219 1233 1349 1260 adstanti
1362 1233 1477 1268 populo

83 1279 299 1307 commendans
324 1279 465 1306 discessit
491 1283 522 1306 et
548 1279 587 1305 ad
611 1283 730 1314 tempus
756 1287 790 1306 os
816 1278 1003 1311 loquentium
1037 1278 1139 1311 iniqua
1171 1279 1330 1307 obstruxit.
1366 1282 1477 1306 Verum

82 1329 154 1360 post
179 1324 295 1352 obitum
322 1324 404 1351 beati
431 1323 587 1356 Germani,
620 1333 687 1350 cmn
722 1322 815 1350 Attila
841 1327 1015 1350 Hunnorum
1040 1333 1091 1350 rex
1118 1322 1230 1350 Gallias
1255 1334 1289 1351 ac
1314 1324 1476 1359 praecipue

82 1370 188 1396 urbem
208 1368 384 1396 Parisiorum
404 1369 562 1396 invaderet
589 1378 623 1395 ac
642 1377 713 1395 suae
732 1368 841 1396 ditioni
862 1368 1025 1395 minaretur
1049 1369 1213 1402 subjicere,
1238 1369 1361 1401 singulis
1380 1378 1477 1404 paene

84 1414 124 1440 ad
141 1413 285 1446 tutiores,
308 1417 341 1440 ut
359 1413 419 1440 sibi
437 1413 615 1446 videbatur,
642 1413 732 1440 urbes
755 1412 915 1440 facultates
944 1413 1166 1447 deferentibus,
1192 1413 1346 1442 Genovesa
1370 1422 1476 1448 opera-

82 1458 216 1485 tionibus
240 1462 269 1485 et
287 1457 402 1490 vigiliis
427 1458 603 1491 insistebat,
630 1458 752 1492 hisque,
779 1468 843 1485 cuni
872 1458 982 1491 quibus
1006 1458 1150 1492 degebat,
1177 1459 1218 1486 ita
1243 1459 1341 1486 facere
1368 1457 1474 1485 exhor-

82 1509 166 1536 tans,
184 1511 245 1530 non
263 1512 329 1531 esse
348 1502 606 1538 pertimescendos
626 1503 728 1530 hostes
747 1503 884 1536 dicebat,
912 1503 985 1537 quin
1002 1503 1062 1531 imo
1082 1504 1235 1531 civitatem
1254 1503 1391 1530 illaesam
1410 1502 1474 1529 sore

81 1548 287 1584 praedicabat.
335 1549 538 1583 Quamobrem
561 1548 698 1575 nonnulli
725 1549 788 1582 ejus
820 1549 902 1575 cives
936 1548 1122 1581 insurgentes
1153 1549 1311 1581 dicebant,
1342 1548 1474 1582 pseudo—

81 1593 305 1629 prophetissam
323 1593 385 1621 suis
406 1593 593 1628 temporibus
613 1593 774 1620 advenisse
793 1604 827 1620 ac
846 1594 874 1620 in
894 1595 956 1628 ejus
971 1599 1095 1621 mortem
1115 1598 1279 1629 coeperunt
1291 1593 1474 1628 conspirare.

81 1639 195 1666 Eodem
214 1642 349 1673 tempore
368 1638 453 1665 venit
470 1638 508 1665 ab
527 1638 792 1665 Autissiodorense
810 1640 884 1666 urbe
903 1639 1154 1673 archidyaconus,
1180 1639 1230 1673 qui
1254 1639 1328 1665 haec
1348 1637 1473 1664 audiens

80 1684 122 1711 ita
141 1683 223 1710 cives
249 1682 376 1710 adorsus
403 1687 465 1710 est:
489 1682 599 1716 nolite,
625 1691 642 1710 o
670 1682 768 1716 cives,
796 1684 852 1711 hoc
879 1684 1037 1711 admittere
1064 1684 1198 1716 facinus,
1222 1683 1291 1717 quia
1315 1683 1408 1714 hanc,
1434 1681 1473 1708 de

80 1730 164 1763 cujus
183 1728 306 1755 interitu
324 1727 476 1760 tractatis,
503 1727 663 1755 didicimus
690 1733 828 1756 narrante
855 1734 959 1756 sancto
985 1733 1132 1757 Germano
1161 1727 1296 1755 antistite
1315 1731 1417 1754 nostro
1435 1735 1474 1753 ex

80 1778 166 1801 utero
185 1772 288 1800 matris
308 1782 325 1799 a
342 1775 406 1800 Deo
425 1780 568 1808 sponsam
586 1772 726 1805 electam,
754 1778 782 1800 et
809 1783 877 1801 ecce
897 1775 1032 1807 eulogias
1051 1775 1088 1801 ab
1108 1782 1144 1801 eo
1164 1773 1223 1800 sibi
1242 1771 1402 1799 derelictas
1422 1780 1474 1797 ex-

80 1818 183 1846 hibeo.
219 1821 299 1854 Quas
324 1817 409 1845 illico
434 1817 624 1852 perlegentes
650 1818 688 1844 ab
715 1818 845 1854 inceptis
865 1819 1061 1853 destiterunt,
1087 1819 1187 1846 Hunni
1210 1822 1311 1845 autem
1334 1815 1472 1852 protinus

81 1863 229 1891 abierunt.
263 1865 289 1890 A
312 1862 498 1890 Bituricense
523 1862 598 1889 urbe
621 1862 705 1889 venit
730 1864 838 1891 mulier
857 1865 1004 1898 quaedam
1023 1864 1168 1896 Parisios,
1200 1872 1277 1896 quae
1304 1865 1373 1896 post
1400 1869 1470 1887 con-

80 1908 278 1936 secrationem
295 1907 411 1935 violata
427 1906 542 1940 suerat,
568 1911 602 1934 ut
627 1908 813 1936 Genovesam
840 1909 1052 1944 alloqueretur.
1090 1912 1172 1945 Quae
1198 1916 1270 1935 mox
1290 1906 1471 1938 interrogata

79 1963 97 1980 a
115 1952 286 1986 Genovesa,
311 1962 350 1979 an
368 1951 605 1980 sanctimonialis
624 1957 674 1980 aut
692 1952 786 1981 vidua
805 1959 901 1987 esset,
929 1954 1089 1982 confestim
1114 1958 1146 1980 ut
1173 1962 1204 1980 se
1222 1951 1369 1985 virginem
1389 1959 1471 1978 asse-

79 1998 154 2030 ruit,
172 1998 288 2030 virum,
318 1997 371 2030 qui
389 2006 455 2024 eam
471 1996 656 2029 violaverat,
683 2002 713 2024 et
731 1997 831 2025 locum
851 2004 879 2026 et
898 2004 1016 2034 tempus
1036 1998 1185 2034 exposuit.
1222 1996 1307 2025 Unde
1327 1995 1366 2022 ad
1384 2004 1471 2023 vere-

80 2041 222 2069 cundiam
240 2045 404 2075 provocata
421 2041 552 2076 supplex
578 2041 752 2069 Genovesae
777 2043 899 2070 veniam
924 2043 1100 2078 postulavit.
1136 2046 1290 2069 Matronae
1317 2040 1472 2074 cujusdam

79 2086 159 2114 fitius
179 2084 286 2112 aetatis
312 2093 457 2112 annorum
483 2089 627 2118 quatuor,
655 2094 721 2112 cum
746 2085 778 2112 in
803 2091 927 2120 puteum
953 2087 1111 2114 cecidisset
1139 2096 1173 2113 ac
1198 2089 1268 2120 post
1294 2088 1356 2111 tres
1382 2084 1471 2110 horas

79 2134 214 2159 mortuus
232 2129 304 2156 inde
323 2129 510 2161 subtractus,
536 2133 631 2157 matre
657 2129 688 2156 in
713 2130 858 2164 lacrymas
878 2135 1091 2165 prorumpente
1110 2140 1144 2157 ac
1162 2129 1258 2156 crines
1277 2128 1470 2160 dilacerante,

81 2173 254 2203 Genovefae
273 2173 393 2201 oblatus
411 2172 534 2206 fuisset,
561 2173 600 2200 ad
626 2174 792 2201 orationem
810 2184 964 2203 recurrens
983 2175 1077 2210 pallio
1097 2184 1151 2202 suo
1170 2183 1260 2209 snper
1279 2182 1387 2208 corpus
1406 2174 1470 2205 eius

79 2220 222 2255 apposito
240 2228 367 2255 puerum
384 2217 490 2246 vivum
508 2217 667 2246 confestim
686 2219 774 2246 matri
792 2219 936 2250 reddidit.
973 2223 1044 2248 Cum
1064 2220 1102 2247 ob
1118 2218 1265 2246 diutinam
1279 2217 1471 2246 obsidionem

80 2265 189 2294 civitas
213 2263 390 2292 l’arisiensis
415 2263 516 2290 inedia
540 2263 735 2298 affligeretur,
768 2264 922 2292 Genovesa
953 2264 1136 2300 pauperibus
1170 2263 1334 2291 condolens
1367 2262 1470 2289 navim

79 2318 175 2345 super
199 2311 367 2343 Sequanam
390 2308 430 2335 ad
455 2308 612 2336 emendam
637 2318 787 2337 annonam
812 2309 985 2342 ingreditur.
1028 2313 1106 2336 Dum
1131 2314 1230 2336 autem
1256 2308 1295 2335 ad
1320 2307 1470 2341 quendam

83 2355 202 2386 lecum,
220 2353 252 2380 in
270 2361 330 2387 quo
349 2358 412 2380 erat
430 2354 535 2386 arbor,
553 2355 636 2387 juxta
654 2364 743 2388 quem
760 2363 854 2382 naves
874 2354 994 2390 saepius
1012 2354 1267 2389 periclitarentur,
1287 2353 1470 2384 advenisset,

85 2398 246 2427 confestim
272 2398 410 2426 arborem
433 2398 526 2426 incidi
551 2399 740 2434 praecipiens
766 2400 805 2427 ad
831 2400 997 2427 orationem
1030 2408 1190 2431 conversa,
1224 2398 1284 2425 duo
1315 2396 1472 2425 horribilia

81 2447 218 2472 monstra
236 2452 272 2470 ex
291 2442 345 2472 illo
363 2443 432 2471 loco
451 2443 554 2476 egredi·
572 2448 640 2471 sunt
658 2445 733 2473 visa.
768 2445 815 2472 Ab
839 2445 893 2472 illo
920 2450 1019 2472 autem
1038 2444 1087 2471 die
1105 2443 1168 2471 illic
1187 2443 1274 2470 navis
1293 2451 1353 2469 non
1371 2442 1471 2478 periit,

81 2489 136 2516 sed
166 2496 313 2523 prospero
345 2497 433 2516 cursu
459 2493 599 2523 coeptum
631 2489 687 2516 iter
718 2489 934 2517 transfretavit.
970 2489 1100 2517 Rediens
1129 2493 1229 2528 autem
1258 2488 1343 2520 virgo
1374 2496 1469 2523 panes

79 2533 265 2570 pauperibus
283 2533 366 2567 juxta
385 2533 581 2561 necessitates
600 2542 669 2561 suas
689 2533 853 2563 distribuit.
888 2537 966 2561 Dum
985 2533 1115 2568 quadam
1133 2532 1200 2560 vice
1224 2532 1378 2559 civitatem
1397 2536 1471 2559 Tre-

80 2578 194 2606 casium
219 2577 358 2611 adiisset,
383 2579 521 2613 protinus
547 2587 705 2606 occurrens
731 2579 760 2607 ei
785 2579 947 2607 multitudo
978 2578 1086 2614 populi
1116 2578 1290 2605 innumeros
1317 2577 1480 2611 utriusque-

81 2632 170 2650 sexus
194 2621 324 2650 diversis
350 2621 575 2650 infirmitatibus
599 2622 728 2651 afflictos
756 2624 881 2657 obtulit,
908 2624 985 2652 inter
1011 2632 1086 2657 quos
1113 2623 1203 2650 etiam
1230 2621 1349 2650 oblatus
1376 2627 1420 2650 est
1444 2623 1471 2649 ei

148 2711 177 2744 l)
195 2710 268 2738 Attia
291 2710 400 2738 Vilio
409 2718 426 2738 o
445 2709 559 2742 legunt.
