1742 3005
189 114 195 119 '
226 107 307 147 398
531 108 624 158 Cap.
659 106 773 143 Xon.
838 106 895 143 De
926 113 1056 143 sancta
1087 105 1309 143 Theodora.

227 224 299 247 rum
326 210 538 255 nuncupari3
574 207 634 241 illa
666 217 748 242 vero
783 206 901 242 officia
938 210 1053 242 omnia
1086 209 1260 244 humiliter
1294 207 1447 243 faciebat
1478 210 1511 242 et
1543 207 1619 252 ejus

227 278 404 312 servitium
429 273 587 309 omnibus
614 277 751 317 gratum
777 273 852 307 suit.
900 273 985 307 Post
1009 274 1143 318 aliquot
1169 285 1254 319 ergo
1280 284 1387 308 annos
1412 273 1522 308 abbas
1547 274 1618 306 sra-

227 349 312 378 trem
337 340 561 376 Theodorum
588 340 727 373 vocavit
757 342 803 381 et,
829 343 867 373 ut
891 338 1000 373 boves
1022 342 1189 384 jungeret
1215 343 1249 373 ct
1273 339 1385 373 oleum
1411 339 1453 373 de
1478 340 1620 373 civitate

227 409 395 448 afferret,
429 406 621 452 praecepit.
672 404 734 439 Vir
771 409 887 439 autem
922 406 998 450 ejus
1037 405 1218 450 plurimum
1256 404 1363 438 flebat
1392 405 1536 445 timens,
1577 414 1620 438 ne

224 485 298 509 cum
332 475 408 508 viro
441 472 552 506 altero
588 472 805 505 recessisset,
851 469 895 505 Et
934 481 1013 505 eece
1051 471 1200 516 angelus
1241 470 1368 504 domini
1405 469 1472 504 sibi
1514 469 1621 503 dixit:

227 550 333 585 surge
373 548 472 573 mane
507 541 540 572 et
577 541 632 571 sta
666 538 700 570 in
736 538 795 570 via
821 537 966 570 martirii
993 536 1087 571 Petri
1113 536 1266 581 apostoli
1292 540 1326 570 et
1353 546 1443 581 quae
1470 534 1533 569 tibi
1559 535 1622 569 ob-

228 607 395 647 viaverit,
427 606 506 649 ipsa
531 607 592 637 tua
617 613 705 636 uxor
730 603 808 637 erit.
858 602 932 642 Quo
961 603 1053 637 facto
1080 602 1269 636 Theodora
1295 612 1367 636 cum
1394 602 1536 637 camelis
1564 612 1622 636 ve-

227 674 276 706 nit
309 675 343 706 et
380 672 488 704 virum
515 679 612 703 suum
643 668 763 702 videns
799 673 833 702 et
859 678 1115 713 recognoscens
1143 669 1233 701 intra
1260 678 1297 702 se
1321 667 1427 701 dixit:
1464 667 1530 702 heu
1557 678 1621 710 me,

228 740 280 771 vir
314 737 403 770 hone
441 745 556 774 meus,
593 737 756 778 quantum
784 733 927 775 laboro,
963 738 999 767 ut
1035 735 1166 777 eripiar
1191 744 1212 767 a
1237 738 1401 778 peccate,
1436 734 1528 779 quod
1558 734 1623 769 feci

228 806 261 837 iu
287 807 332 837 te.
383 802 465 835 Cum
492 804 605 833 autem
634 799 978 843 appropinquasset,
1005 799 1174 832 salutavit
1201 810 1275 833 eum
1304 799 1444 833 dicens:
1469 799 1624 845 gaudeat

228 869 385 903 dominus
412 877 517 901 meus.
567 865 628 899 Ille
657 868 770 898 autem
797 874 872 898 eam
899 865 1035 908 penitus
1062 874 1129 897 non
1156 866 1332 910 cognovit,
1358 864 1419 899 sed
1445 874 1520 898 cum
1547 865 1622 899 diu-

227 936 361 968 tissime
387 936 609 977 exspectaret
635 935 668 966 et
693 942 730 966 se
758 930 937 974 deceptum
964 930 1151 971 clamaret,
1192 930 1284 964 sacta
1310 934 1363 965 est
1388 941 1453 964 vox
1479 930 1522 964 ad
1549 941 1623 965 eum

228 1000 366 1034 dicens:
393 999 472 1040 ille,
501 999 557 1043 qui
585 1002 617 1032 te
644 996 719 1031 lieri
744 1006 843 1030 mane
869 995 1049 1036 salutavit,
1075 1000 1244 1031 uxortua
1268 1001 1354 1032 erat.
1404 996 1539 1031 Tantae
1563 1008 1625 1032 au-

228 1072 294 1100 tem
321 1065 518 1099 sanctitatis
546 1064 609 1097 suit
634 1062 740 1097 beata
765 1061 969 1102 Theodora,
999 1066 1034 1096 ut
1052 1062 1159 1096 malta
1182 1063 1351 1096 miracula
1377 1063 1520 1105 faceret,
1548 1074 1624 1098 nam

228 1136 262 1166 et
289 1130 458 1165 hominem
487 1138 508 1162 a
532 1128 647 1163 bestia
673 1128 861 1161 laceratum
891 1129 1019 1172 eripuit
1053 1132 1087 1162 et
1122 1130 1194 1163 suis
1229 1128 1390 1173 precibus
1428 1131 1624 1171 suscitavit,

228 1199 339 1242 ipsam
362 1206 502 1241 quoque
518 1194 665 1229 bestiam
688 1194 846 1228 insecuta
866 1193 1057 1236 maledixit,
1085 1204 1174 1239 quae
1198 1194 1313 1229 subito
1334 1199 1469 1228 mortua
1481 1196 1623 1229 corruit.

229 1262 408 1307 llyabolus
446 1265 560 1295 autem
596 1270 693 1294 suam
721 1261 940 1294 sanctitatem
969 1259 1060 1294 serre
1086 1271 1153 1294 non
1181 1260 1300 1297 volens
1325 1260 1435 1295 eidem
1461 1262 1626 1305 apparuit

228 1329 367 1363 dicens:
404 1327 569 1362 meretrix
607 1336 691 1371 prae
727 1325 885 1359 omnibns
924 1330 958 1360 et
990 1325 1152 1360 adultera
1185 1326 1359 1371 reliquisti
1385 1328 1492 1360 virum
1516 1330 1623 1366 tuum,

228 1399 265 1429 ut
289 1394 354 1428 huc
380 1394 517 1428 venires
543 1396 577 1427 et
603 1403 656 1426 me
685 1396 944 1426 contemneres:
978 1403 1041 1436 per
1075 1393 1221 1426 virtutes
1248 1401 1344 1426 meas
1368 1391 1564 1426 tremendas
1591 1393 1624 1426 in

228 1466 261 1496 te
295 1459 476 1495 suscitabo
510 1458 679 1504 proelium
706 1443 751 1496 et,
787 1459 817 1492 si
842 1468 911 1491 non
937 1462 971 1493 te
998 1457 1115 1492 secero
1141 1457 1339 1491 crucifixum
1367 1468 1520 1504 negare,
1556 1469 1624 1492 non

228 1527 347 1567 dicas,
376 1527 459 1570 quia
484 1536 551 1571 ego
578 1535 664 1561 sum.
711 1523 793 1569 Ipsa
819 1528 932 1558 autem
958 1525 1093 1569 signnm
1122 1525 1233 1558 crucis
1258 1523 1324 1557 sibi
1350 1523 1460 1558 edidit
1485 1528 1518 1558 et
1543 1535 1625 1569 pro-

227 1594 320 1626 tinus
354 1591 502 1625 daemon
538 1592 691 1625 evannit.
741 1590 898 1630 Quadam
933 1594 1047 1625 autem
1083 1591 1156 1624 vice
1191 1590 1269 1624 dum
1301 1589 1343 1624 de
1373 1591 1515 1624 civitate
1550 1600 1626 1624 cum

227 1658 370 1695 camelis
397 1657 528 1693 rediret
555 1660 588 1691 et
612 1658 644 1689 in
672 1656 820 1701 quodam
847 1657 924 1691 loco
950 1655 1130 1701 hospitata
1156 1656 1302 1698 fnisset,
1333 1655 1452 1702 puella
1477 1656 1625 1701 quadam

228 1730 328 1761 nocte
363 1725 409 1759 ad
445 1734 519 1758 eam
554 1725 649 1758 venit
686 1722 827 1757 dicens:
868 1722 978 1756 dormi
1014 1733 1156 1757 mecum.
1207 1722 1303 1762 Quae
1329 1733 1403 1757 cum
1429 1727 1625 1767 respueret,

228 1794 292 1826 ivit
318 1791 362 1825 ad
387 1791 546 1831 alterum,
574 1790 631 1834 qui
659 1790 693 1822 in
721 1787 842 1823 eodem
871 1788 948 1821 loco
970 1787 1135 1833 jacehat3
1162 1798 1235 1821 cum
1261 1792 1376 1821 autem
1402 1789 1478 1832 ejus
1506 1792 1627 1822 venter

229 1858 450 1892 intumuisset
475 1859 531 1896 et,
572 1855 613 1888 de
640 1864 707 1900 quo
733 1855 974 1898 concepisset,
1009 1854 1229 1898 interrogata
1266 1853 1410 1894 suisset,
1447 1854 1514 1886 ait:
1552 1863 1625 1886 mo-

229 1923 359 1958 nachus
395 1922 452 1956 ille
492 1920 702 1955 Theodorus
737 1920 899 1954 dormivit
933 1929 1072 1953 mecum.
1120 1918 1245 1952 Natum
1279 1919 1389 1963 igitur
1414 1928 1554 1962 puerum
1582 1918 1625 1952 ad

228 1989 390 2024 abbatem
416 1988 619 2021 monasterii
646 1987 934 2028 transmiserunt,
971 1987 1029 2030 qui
1063 1996 1137 2018 cum
1163 1983 1388 2018 Theodorum
1415 1985 1625 2028 increparet,

229 2060 263 2090 et
290 2055 349 2089 ille
375 2053 442 2087 sibi
468 2052 643 2097 indulgeri
670 2055 824 2096 peteret,
862 2052 1016 2096 scapulis
1051 2052 1124 2084 suis
1157 2060 1300 2094 puerum
1336 2050 1501 2094 imposuit
1525 2054 1559 2085 et
1584 2049 1626 2085 de

229 2121 441 2155 monasterio
477 2119 636 2163 projecit.
685 2116 749 2151 llla
785 2121 897 2152 autem
932 2117 1072 2163 abjecta
1110 2127 1172 2161 per
1205 2120 1337 2160 septem
1380 2125 1490 2150 annos
1527 2121 1627 2150 extra

229 2187 477 2220 monasterium
513 2185 640 2217 mansit
681 2186 716 2217 et
748 2183 791 2217 de
825 2183 915 2217 lacte
950 2193 1113 2227 pecorum
1141 2182 1305 2216 infantem
1333 2182 1485 2216 nutrivit.
1533 2181 1626 2225 llya-

230 2252 331 2287 bolus
356 2255 470 2285 autem
496 2253 615 2283 tantae
640 2250 717 2294 ejus
743 2249 934 2293 patientiae
963 2248 1121 2283 invidens
1154 2249 1187 2281 in
1214 2249 1365 2292 speciem
1403 2249 1466 2281 viri
1500 2248 1554 2281 sni
1587 2257 1626 2281 se

229 2317 495 2362 transfiguravit
520 2316 620 2359 eique
648 2314 754 2348 dixit:
781 2314 864 2359 quid
890 2314 944 2348 hic
970 2315 1062 2359 agis,
1090 2313 1229 2346 domina
1248 2323 1323 2347 mea
1336 2314 1352 2348 ?
1379 2323 1458 2348 ecce
1475 2313 1626 2359 langueo

231 2393 294 2428 pro
327 2386 361 2416 te
396 2390 461 2415 nec
495 2380 645 2425 aliquam
682 2380 956 2414 consolationem
992 2380 1134 2423 recipio.
1184 2379 1272 2414 Veni
1307 2390 1417 2426 ergo,
1455 2379 1512 2413 lux
1538 2387 1625 2419 mea,

231 2449 334 2492 quia,
370 2448 400 2480 si
436 2457 510 2480 cum
548 2447 620 2480 tiro
648 2446 766 2491 aliquo
789 2446 954 2490 Jacuisti,
989 2445 1054 2479 hoc
1081 2445 1144 2479 tibi
1169 2445 1345 2490 indulgeo.
1394 2445 1440 2479 At
1467 2444 1526 2478 illa
1550 2452 1624 2476 ere-

232 2513 316 2547 dens
346 2515 452 2547 virum
477 2523 573 2546 suum
601 2522 692 2553 esse,
722 2511 810 2545 dixit
836 2510 880 2544 ad
904 2511 1017 2545 illum:
1046 2521 1219 2556 nunqnam
1245 2510 1394 2555 amplius
1419 2514 1528 2544 tecum
1553 2515 1625 2540 ma-

232 2577 342 2619 nebo,
368 2579 450 2622 quia
477 2577 568 2612 tilius
592 2577 761 2614 johannis
788 2577 906 2610 militis
928 2578 1043 2622 jacuit
1071 2587 1199 2610 mecum
1233 2580 1268 2611 et
1304 2576 1381 2609 volo
1406 2582 1512 2618 agere
1540 2582 1624 2616 poe-

233 2643 410 2675 nitentiam
439 2643 480 2676 de
509 2654 571 2683 eo,
600 2642 691 2688 qnod
720 2643 752 2676 in
780 2647 814 2677 te
842 2643 994 2687 peccari.
1043 2641 1087 2676 Et
1111 2652 1183 2675 eum
1213 2643 1368 2680 orasset,
1400 2639 1515 2671 statim
1542 2647 1624 2672 eva-

234 2707 306 2740 nuit
331 2710 364 2741 et
390 2705 589 2741 daemonem
620 2708 728 2742 fuisse
755 2709 930 2754 cognovit.
979 2707 1099 2742 Altera
1127 2707 1247 2741 iterum
1274 2705 1347 2738 vice
1367 2703 1536 2748 dyabolus
1565 2713 1624 2737 vo-
