<?xml version="1.0" encoding="UTF-8"?>
<!DOCTYPE html PUBLIC "-//W3C//DTD XHTML 1.0 Transitional//EN"
    "http://www.w3.org/TR/xhtml1/DTD/xhtml1-transitional.dtd">
<html xmlns="http://www.w3.org/1999/xhtml" xml:lang="en" lang="en">
 <head>
  <title>
</title>
<meta http-equiv="Content-Type" content="text/html;charset=utf-8" />
  <meta name='ocr-system' content='tesseract 3.04.00' />
  <meta name='ocr-capabilities' content='ocr_page ocr_carea ocr_par ocr_line ocrx_word'/>
</head>
<body>
  <div class='ocr_page' id='page_1' title='image "./legendaaureavulg00jacouoft_0531.png"; bbox 0 0 1742 3005; ppageno 0'>
   <div class='ocr_carea' id='block_1_1' title="bbox 218 83 1424 139">
    <p class='ocr_par' dir='ltr' id='par_1_1' title="bbox 218 83 1424 139">
     <span class='ocr_line' id='line_1_1' title="bbox 218 83 1424 139; baseline 0.001 -13"><span class='ocrx_word' id='word_1_1' title='bbox 218 90 314 139; x_wconf 86' lang='lat' dir='ltr'>Cap.</span> <span class='ocrx_word' id='word_1_2' title='bbox 350 83 506 126; x_wconf 68' lang='lat' dir='ltr'>CXVII.</span> <span class='ocrx_word' id='word_1_3' title='bbox 565 88 622 125; x_wconf 83' lang='lat' dir='ltr'>De</span> <span class='ocrx_word' id='word_1_4' title='bbox 660 93 791 124; x_wconf 84' lang='lat' dir='ltr'>saneto</span> <span class='ocrx_word' id='word_1_5' title='bbox 823 87 1032 125; x_wconf 80' lang='lat' dir='ltr'>Laurentio</span> <span class='ocrx_word' id='word_1_6' title='bbox 1064 87 1229 124; x_wconf 85' lang='lat' dir='ltr'>martire.</span> <span class='ocrx_word' id='word_1_7' title='bbox 1342 86 1424 127; x_wconf 70' lang='lat'>495</span> 
     </span>
    </p>
   </div>
   <div class='ocr_carea' id='block_1_2' title="bbox 29 189 1425 2541">
    <p class='ocr_par' dir='ltr' id='par_1_2' title="bbox 29 189 1425 2541">
     <span class='ocr_line' id='line_1_2' title="bbox 45 189 1423 242; baseline 0 -15"><span class='ocrx_word' id='word_1_8' title='bbox 45 193 218 242; x_wconf 53' lang='lat' dir='ltr'>[roditoris</span> <span class='ocrx_word' id='word_1_9' title='bbox 244 192 415 228; x_wconf 87' lang='lat' dir='ltr'>tradatur.</span> <span class='ocrx_word' id='word_1_10' title='bbox 465 193 616 227; x_wconf 79' lang='lat' dir='ltr'>Sanctus</span> <span class='ocrx_word' id='word_1_11' title='bbox 642 195 755 227; x_wconf 87' lang='lat' dir='ltr'>autem</span> <span class='ocrx_word' id='word_1_12' title='bbox 781 191 987 237; x_wconf 89' lang='lat' dir='ltr'>Projectus,</span> <span class='ocrx_word' id='word_1_13' title='bbox 1023 201 1124 236; x_wconf 86' lang='lat' dir='ltr'>quem</span> <span class='ocrx_word' id='word_1_14' title='bbox 1153 189 1243 225; x_wconf 87' lang='lat' dir='ltr'>idem</span> <span class='ocrx_word' id='word_1_15' title='bbox 1269 190 1423 238; x_wconf 87' lang='lat' dir='ltr'>Stepha-</span> 
     </span>
     <span class='ocr_line' id='line_1_3' title="bbox 44 256 1422 300; baseline -0.001 -6"><span class='ocrx_word' id='word_1_16' title='bbox 44 263 94 299; x_wconf 74' lang='lat' dir='ltr'>ms</span> <span class='ocrx_word' id='word_1_17' title='bbox 118 260 151 294; x_wconf 90' lang='lat' dir='ltr'>in</span> <span class='ocrx_word' id='word_1_18' title='bbox 180 260 252 294; x_wconf 83' lang='lat' dir='ltr'>vita</span> <span class='ocrx_word' id='word_1_19' title='bbox 276 269 341 294; x_wconf 87' lang='lat' dir='ltr'>sua</span> <span class='ocrx_word' id='word_1_20' title='bbox 368 258 470 293; x_wconf 86' lang='lat' dir='ltr'>valde</span> <span class='ocrx_word' id='word_1_21' title='bbox 497 258 689 300; x_wconf 80' lang='lat' dir='ltr'>dilexerat,</span> <span class='ocrx_word' id='word_1_22' title='bbox 717 257 762 292; x_wconf 88' lang='lat' dir='ltr'>ad</span> <span class='ocrx_word' id='word_1_23' title='bbox 786 256 925 292; x_wconf 87' lang='lat' dir='ltr'>beatum</span> <span class='ocrx_word' id='word_1_24' title='bbox 953 257 1178 291; x_wconf 82' lang='lat' dir='ltr'>Laurentium</span> <span class='ocrx_word' id='word_1_25' title='bbox 1207 260 1242 291; x_wconf 88' lang='lat' dir='ltr'>et</span> <span class='ocrx_word' id='word_1_26' title='bbox 1266 257 1310 291; x_wconf 91' lang='lat' dir='ltr'>ad</span> <span class='ocrx_word' id='word_1_27' title='bbox 1336 257 1422 293; x_wconf 86' lang='lat' dir='ltr'>bea-</span> 
     </span>
     <span class='ocr_line' id='line_1_4' title="bbox 41 322 1425 371; baseline 0 -11"><span class='ocrx_word' id='word_1_28' title='bbox 41 330 100 361; x_wconf 81' lang='lat' dir='ltr'>tam</span> <span class='ocrx_word' id='word_1_29' title='bbox 130 324 303 371; x_wconf 83' lang='lat' dir='ltr'>Agnetem</span> <span class='ocrx_word' id='word_1_30' title='bbox 338 324 508 360; x_wconf 80' lang='lat' dir='ltr'>accedens</span> <span class='ocrx_word' id='word_1_31' title='bbox 544 334 608 369; x_wconf 89' lang='lat' dir='ltr'>pro</span> <span class='ocrx_word' id='word_1_32' title='bbox 645 334 686 357; x_wconf 88' lang='lat' dir='ltr'>eo</span> <span class='ocrx_word' id='word_1_33' title='bbox 723 325 857 358; x_wconf 75' lang='lat' dir='ltr'>veniam</span> <span class='ocrx_word' id='word_1_34' title='bbox 890 322 1112 368; x_wconf 71' lang='lat' dir='ltr'><strong>precabatur.</strong></span> <span class='ocrx_word' id='word_1_35' title='bbox 1166 322 1241 357; x_wconf 90' lang='lat' dir='ltr'>Illis</span> <span class='ocrx_word' id='word_1_36' title='bbox 1273 334 1357 358; x_wconf 74' lang='lat' dir='ltr'>vero</span> <span class='ocrx_word' id='word_1_37' title='bbox 1390 329 1425 360; x_wconf 86' lang='lat' dir='ltr'>et</span> 
     </span>
     <span class='ocr_line' id='line_1_5' title="bbox 30 389 1424 437; baseline 0.001 -13"><span class='ocrx_word' id='word_1_38' title='bbox 30 395 137 426; x_wconf 76' lang='lat' dir='ltr'>beata</span> <span class='ocrx_word' id='word_1_39' title='bbox 162 392 298 437; x_wconf 83' lang='lat' dir='ltr'>virgine</span> <span class='ocrx_word' id='word_1_40' title='bbox 326 401 388 436; x_wconf 88' lang='lat' dir='ltr'>pro</span> <span class='ocrx_word' id='word_1_41' title='bbox 421 400 462 425; x_wconf 87' lang='lat' dir='ltr'>eo</span> <span class='ocrx_word' id='word_1_42' title='bbox 497 389 679 423; x_wconf 87' lang='lat' dir='ltr'>orantibus</span> <span class='ocrx_word' id='word_1_43' title='bbox 717 399 919 423; x_wconf 89' lang='lat' dir='ltr'>concessum</span> <span class='ocrx_word' id='word_1_44' title='bbox 948 392 1021 429; x_wconf 89' lang='lat' dir='ltr'>est,</span> <span class='ocrx_word' id='word_1_45' title='bbox 1054 392 1091 421; x_wconf 90' lang='lat' dir='ltr'>ut</span> <span class='ocrx_word' id='word_1_46' title='bbox 1124 389 1199 432; x_wconf 89' lang='lat' dir='ltr'>ejus</span> <span class='ocrx_word' id='word_1_47' title='bbox 1231 391 1346 424; x_wconf 85' lang='lat' dir='ltr'>anima</span> <span class='ocrx_word' id='word_1_48' title='bbox 1378 391 1424 425; x_wconf 87' lang='lat' dir='ltr'>ad</span> 
     </span>
     <span class='ocr_line' id='line_1_6' title="bbox 34 453 1424 502; baseline -0.001 -11"><span class='ocrx_word' id='word_1_49' title='bbox 34 467 159 502; x_wconf 87' lang='lat' dir='ltr'>corpus</span> <span class='ocrx_word' id='word_1_50' title='bbox 184 456 317 492; x_wconf 80' lang='lat' dir='ltr'><strong>rediret</strong></span> <span class='ocrx_word' id='word_1_51' title='bbox 342 460 376 491; x_wconf 88' lang='lat' dir='ltr'>et</span> <span class='ocrx_word' id='word_1_52' title='bbox 393 454 518 489; x_wconf 84' lang='lat' dir='ltr'>ibidem</span> <span class='ocrx_word' id='word_1_53' title='bbox 552 454 742 499; x_wconf 83' lang='lat' dir='ltr'>¹)triginta</span> <span class='ocrx_word' id='word_1_54' title='bbox 761 453 885 488; x_wconf 86' lang='lat' dir='ltr'>diebus</span> <span class='ocrx_word' id='word_1_55' title='bbox 904 453 1152 497; x_wconf 84' lang='lat' dir='ltr'>poenitentiam</span> <span class='ocrx_word' id='word_1_56' title='bbox 1171 459 1306 498; x_wconf 81' lang='lat' dir='ltr'>ageret.</span> <span class='ocrx_word' id='word_1_57' title='bbox 1355 456 1424 490; x_wconf 82' lang='lat' dir='ltr'>Ae-</span> 
     </span>
     <span class='ocr_line' id='line_1_7' title="bbox 32 518 1421 567; baseline 0 -12"><span class='ocrx_word' id='word_1_58' title='bbox 32 524 125 566; x_wconf 77' lang='lat' dir='ltr'>eepit</span> <span class='ocrx_word' id='word_1_59' title='bbox 148 524 291 567; x_wconf 82' lang='lat' dir='ltr'>insuper</span> <span class='ocrx_word' id='word_1_60' title='bbox 315 532 336 556; x_wconf 86' lang='lat' dir='ltr'>a</span> <span class='ocrx_word' id='word_1_61' title='bbox 366 522 472 556; x_wconf 86' lang='lat' dir='ltr'>beata</span> <span class='ocrx_word' id='word_1_62' title='bbox 496 520 632 565; x_wconf 81' lang='lat' dir='ltr'>virgine</span> <span class='ocrx_word' id='word_1_63' title='bbox 661 520 694 552; x_wconf 89' lang='lat' dir='ltr'>in</span> <span class='ocrx_word' id='word_1_64' title='bbox 718 518 912 559; x_wconf 86' lang='lat' dir='ltr'>mandatis,</span> <span class='ocrx_word' id='word_1_65' title='bbox 947 521 985 551; x_wconf 90' lang='lat' dir='ltr'>ut</span> <span class='ocrx_word' id='word_1_66' title='bbox 1020 518 1189 562; x_wconf 87' lang='lat' dir='ltr'>psalmum</span> <span class='ocrx_word' id='word_1_67' title='bbox 1221 518 1323 554; x_wconf 86' lang='lat' dir='ltr'>Beati</span> <span class='ocrx_word' id='word_1_68' title='bbox 1357 522 1421 555; x_wconf 86' lang='lat' dir='ltr'>im-</span> 
     </span>
     <span class='ocr_line' id='line_1_8' title="bbox 33 583 1423 632; baseline -0.001 -9"><span class='ocrx_word' id='word_1_69' title='bbox 33 588 197 622; x_wconf 87' lang='lat' dir='ltr'>maculati</span> <span class='ocrx_word' id='word_1_70' title='bbox 220 590 255 622; x_wconf 92' lang='lat' dir='ltr'>in</span> <span class='ocrx_word' id='word_1_71' title='bbox 278 588 336 621; x_wconf 80' lang='lat' dir='ltr'>via</span> <span class='ocrx_word' id='word_1_72' title='bbox 360 585 510 632; x_wconf 82' lang='lat' dir='ltr'>singulis</span> <span class='ocrx_word' id='word_1_73' title='bbox 539 583 663 618; x_wconf 86' lang='lat' dir='ltr'>diebus</span> <span class='ocrx_word' id='word_1_74' title='bbox 691 585 783 618; x_wconf 82' lang='lat' dir='ltr'>vitae</span> <span class='ocrx_word' id='word_1_75' title='bbox 809 594 894 618; x_wconf 88' lang='lat' dir='ltr'>suae</span> <span class='ocrx_word' id='word_1_76' title='bbox 923 583 1074 626; x_wconf 88' lang='lat' dir='ltr'>diceret,</span> <span class='ocrx_word' id='word_1_77' title='bbox 1104 593 1249 630; x_wconf 78' lang='lat' dir='ltr'>euinque</span> <span class='ocrx_word' id='word_1_78' title='bbox 1273 586 1318 620; x_wconf 90' lang='lat' dir='ltr'>ad</span> <span class='ocrx_word' id='word_1_79' title='bbox 1345 598 1423 622; x_wconf 87' lang='lat' dir='ltr'>eor-</span> 
     </span>
     <span class='ocr_line' id='line_1_9' title="bbox 33 650 1423 698; baseline 0 -10"><span class='ocrx_word' id='word_1_80' title='bbox 33 664 97 698; x_wconf 85' lang='lat' dir='ltr'>pus</span> <span class='ocrx_word' id='word_1_81' title='bbox 123 653 307 694; x_wconf 81' lang='lat' dir='ltr'>rediisset,</span> <span class='ocrx_word' id='word_1_82' title='bbox 341 650 524 686; x_wconf 84' lang='lat' dir='ltr'>brachium</span> <span class='ocrx_word' id='word_1_83' title='bbox 548 650 626 695; x_wconf 78' lang='lat' dir='ltr'>ejus</span> <span class='ocrx_word' id='word_1_84' title='bbox 654 651 702 684; x_wconf 85' lang='lat' dir='ltr'>ita</span> <span class='ocrx_word' id='word_1_85' title='bbox 728 655 804 684; x_wconf 90' lang='lat' dir='ltr'>erat</span> <span class='ocrx_word' id='word_1_86' title='bbox 831 651 1014 696; x_wconf 78' lang='lat' dir='ltr'>²)nigrum</span> <span class='ocrx_word' id='word_1_87' title='bbox 1042 654 1076 685; x_wconf 89' lang='lat' dir='ltr'>et</span> <span class='ocrx_word' id='word_1_88' title='bbox 1104 650 1285 694; x_wconf 86' lang='lat' dir='ltr'>adustum,</span> <span class='ocrx_word' id='word_1_89' title='bbox 1319 664 1359 687; x_wconf 87' lang='lat' dir='ltr'>ac</span> <span class='ocrx_word' id='word_1_90' title='bbox 1393 656 1423 688; x_wconf 88' lang='lat' dir='ltr'>si</span> 
     </span>
     <span class='ocr_line' id='line_1_10' title="bbox 33 715 1420 764; baseline 0.001 -12"><span class='ocrx_word' id='word_1_91' title='bbox 33 719 150 753; x_wconf 88' lang='lat' dir='ltr'>hocin</span> <span class='ocrx_word' id='word_1_92' title='bbox 169 728 318 764; x_wconf 88' lang='lat' dir='ltr'>corpore</span> <span class='ocrx_word' id='word_1_93' title='bbox 339 727 465 762; x_wconf 87' lang='lat' dir='ltr'>passus</span> <span class='ocrx_word' id='word_1_94' title='bbox 491 719 598 752; x_wconf 83' lang='lat' dir='ltr'>esset.</span> <span class='ocrx_word' id='word_1_95' title='bbox 618 715 723 755; x_wconf 80' lang='lat' dir='ltr'>Quod</span> <span class='ocrx_word' id='word_1_96' title='bbox 742 717 877 761; x_wconf 78' lang='lat' dir='ltr'>signum</span> <span class='ocrx_word' id='word_1_97' title='bbox 895 718 928 749; x_wconf 93' lang='lat' dir='ltr'>in</span> <span class='ocrx_word' id='word_1_98' title='bbox 950 727 990 750; x_wconf 89' lang='lat' dir='ltr'>eo</span> <span class='ocrx_word' id='word_1_99' title='bbox 1011 718 1156 759; x_wconf 81' lang='lat' dir='ltr'>exstitit,</span> <span class='ocrx_word' id='word_1_100' title='bbox 1186 718 1302 762; x_wconf 88' lang='lat' dir='ltr'>quoad</span> <span class='ocrx_word' id='word_1_101' title='bbox 1325 720 1420 754; x_wconf 73' lang='lat' dir='ltr'>vixit.</span> 
     </span>
     <span class='ocr_line' id='line_1_11' title="bbox 30 782 1422 831; baseline -0.001 -11"><span class='ocrx_word' id='word_1_102' title='bbox 30 785 129 821; x_wconf 83' lang='lat' dir='ltr'>Mala</span> <span class='ocrx_word' id='word_1_103' title='bbox 160 786 270 831; x_wconf 83' lang='lat' dir='ltr'>igitur</span> <span class='ocrx_word' id='word_1_104' title='bbox 301 783 422 818; x_wconf 82' lang='lat' dir='ltr'>ablata</span> <span class='ocrx_word' id='word_1_105' title='bbox 457 783 644 817; x_wconf 86' lang='lat' dir='ltr'>restituens</span> <span class='ocrx_word' id='word_1_106' title='bbox 679 786 713 816; x_wconf 88' lang='lat' dir='ltr'>et</span> <span class='ocrx_word' id='word_1_107' title='bbox 737 783 987 827; x_wconf 83' lang='lat' dir='ltr'>poenitentiam</span> <span class='ocrx_word' id='word_1_108' title='bbox 1013 792 1124 828; x_wconf 80' lang='lat' dir='ltr'>agens</span> <span class='ocrx_word' id='word_1_109' title='bbox 1152 782 1208 817; x_wconf 88' lang='lat' dir='ltr'>die</span> <span class='ocrx_word' id='word_1_110' title='bbox 1232 783 1333 818; x_wconf 80' lang='lat' dir='ltr'>XXX</span> <span class='ocrx_word' id='word_1_111' title='bbox 1359 787 1422 819; x_wconf 90' lang='lat' dir='ltr'>mi-</span> 
     </span>
     <span class='ocr_line' id='line_1_12' title="bbox 31 847 1422 897; baseline 0 -12"><span class='ocrx_word' id='word_1_112' title='bbox 31 852 150 897; x_wconf 83' lang='lat' dir='ltr'>gravit</span> <span class='ocrx_word' id='word_1_113' title='bbox 172 851 217 885; x_wconf 88' lang='lat' dir='ltr'>ad</span> <span class='ocrx_word' id='word_1_114' title='bbox 245 850 430 884; x_wconf 87' lang='lat' dir='ltr'>dominum.</span> <span class='ocrx_word' id='word_1_115' title='bbox 455 868 500 874; x_wconf 90' lang='lat'>—-</span> <span class='ocrx_word' id='word_1_116' title='bbox 522 867 567 872; x_wconf 87' lang='lat'>——</span> <span class='ocrx_word' id='word_1_117' title='bbox 593 868 632 872; x_wconf 93' lang='lat'><em>-</em></span> <span class='ocrx_word' id='word_1_118' title='bbox 668 850 704 884; x_wconf 63' lang='grc'>2.</span> <span class='ocrx_word' id='word_1_119' title='bbox 739 847 888 893; x_wconf 77' lang='lat' dir='ltr'>Legitur</span> <span class='ocrx_word' id='word_1_120' title='bbox 914 850 948 882; x_wconf 91' lang='lat' dir='ltr'>in</span> <span class='ocrx_word' id='word_1_121' title='bbox 973 850 1044 883; x_wconf 77' lang='lat' dir='ltr'>vita</span> <span class='ocrx_word' id='word_1_122' title='bbox 1069 849 1291 893; x_wconf 85' lang='lat' dir='ltr'>imperatoris</span> <span class='ocrx_word' id='word_1_123' title='bbox 1317 849 1422 885; x_wconf 83' lang='lat' dir='ltr'>Hein-</span> 
     </span>
     <span class='ocr_line' id='line_1_13' title="bbox 30 913 1422 963; baseline 0 -12"><span class='ocrx_word' id='word_1_124' title='bbox 30 918 111 960; x_wconf 88' lang='lat' dir='ltr'>rici,</span> <span class='ocrx_word' id='word_1_125' title='bbox 138 917 231 963; x_wconf 85' lang='lat' dir='ltr'>quod</span> <span class='ocrx_word' id='word_1_126' title='bbox 257 916 336 951; x_wconf 87' lang='lat' dir='ltr'>dum</span> <span class='ocrx_word' id='word_1_127' title='bbox 360 918 438 961; x_wconf 91' lang='lat' dir='ltr'>ipse</span> <span class='ocrx_word' id='word_1_128' title='bbox 463 919 497 950; x_wconf 86' lang='lat' dir='ltr'>et</span> <span class='ocrx_word' id='word_1_129' title='bbox 521 913 751 959; x_wconf 79' lang='lat' dir='ltr'>Konegondis</span> <span class='ocrx_word' id='word_1_130' title='bbox 776 924 865 947; x_wconf 78' lang='lat' dir='ltr'>uxor</span> <span class='ocrx_word' id='word_1_131' title='bbox 890 914 966 959; x_wconf 84' lang='lat' dir='ltr'>ejus</span> <span class='ocrx_word' id='word_1_132' title='bbox 993 915 1149 959; x_wconf 73' lang='lat' dir='ltr'>virgines</span> <span class='ocrx_word' id='word_1_133' title='bbox 1178 916 1315 950; x_wconf 86' lang='lat' dir='ltr'>insimul</span> <span class='ocrx_word' id='word_1_134' title='bbox 1341 927 1422 961; x_wconf 87' lang='lat' dir='ltr'>per—</span> 
     </span>
     <span class='ocr_line' id='line_1_14' title="bbox 32 979 1423 1028; baseline 0 -11"><span class='ocrx_word' id='word_1_135' title='bbox 32 987 231 1027; x_wconf 80' lang='lat' dir='ltr'>manerent,</span> <span class='ocrx_word' id='word_1_136' title='bbox 271 982 422 1028; x_wconf 64' lang='lat' dir='ltr'>dyaholo</span> <span class='ocrx_word' id='word_1_137' title='bbox 450 982 643 1027; x_wconf 73' lang='lat' dir='ltr'>instigante</span> <span class='ocrx_word' id='word_1_138' title='bbox 669 980 711 1014; x_wconf 89' lang='lat' dir='ltr'>de</span> <span class='ocrx_word' id='word_1_139' title='bbox 741 979 890 1025; x_wconf 84' lang='lat' dir='ltr'>quodam</span> <span class='ocrx_word' id='word_1_140' title='bbox 924 980 1033 1015; x_wconf 89' lang='lat' dir='ltr'>milite</span> <span class='ocrx_word' id='word_1_141' title='bbox 1058 991 1199 1015; x_wconf 77' lang='lat' dir='ltr'>uxorem</span> <span class='ocrx_word' id='word_1_142' title='bbox 1225 987 1423 1027; x_wconf 78' lang='lat' dir='ltr'>suspectam</span> 
     </span>
     <span class='ocr_line' id='line_1_15' title="bbox 31 1045 1424 1094; baseline -0.001 -11"><span class='ocrx_word' id='word_1_143' title='bbox 31 1049 165 1084; x_wconf 88' lang='lat' dir='ltr'>habens</span> <span class='ocrx_word' id='word_1_144' title='bbox 195 1059 301 1094; x_wconf 87' lang='lat' dir='ltr'>super</span> <span class='ocrx_word' id='word_1_145' title='bbox 325 1047 516 1083; x_wconf 88' lang='lat' dir='ltr'>candentes</span> <span class='ocrx_word' id='word_1_146' title='bbox 542 1056 701 1081; x_wconf 84' lang='lat' dir='ltr'>vomeres</span> <span class='ocrx_word' id='word_1_147' title='bbox 728 1045 792 1080; x_wconf 81' lang='lat' dir='ltr'>XV</span> <span class='ocrx_word' id='word_1_148' title='bbox 820 1046 944 1091; x_wconf 87' lang='lat' dir='ltr'>pedum</span> <span class='ocrx_word' id='word_1_149' title='bbox 970 1047 1071 1081; x_wconf 89' lang='lat' dir='ltr'>nudis</span> <span class='ocrx_word' id='word_1_150' title='bbox 1090 1047 1239 1091; x_wconf 87' lang='lat' dir='ltr'>pedihus</span> <span class='ocrx_word' id='word_1_151' title='bbox 1258 1048 1424 1083; x_wconf 81' lang='lat' dir='ltr'>incedere</span> 
     </span>
     <span class='ocr_line' id='line_1_16' title="bbox 33 1112 1423 1161; baseline -0.001 -11"><span class='ocrx_word' id='word_1_152' title='bbox 33 1115 136 1158; x_wconf 87' lang='lat' dir='ltr'>feeit,</span> <span class='ocrx_word' id='word_1_153' title='bbox 177 1125 247 1161; x_wconf 87' lang='lat' dir='ltr'>qua</span> <span class='ocrx_word' id='word_1_154' title='bbox 278 1113 512 1150; x_wconf 84' lang='lat' dir='ltr'>adscendente</span> <span class='ocrx_word' id='word_1_155' title='bbox 547 1113 655 1147; x_wconf 76' lang='lat' dir='ltr'>dixit:</span> <span class='ocrx_word' id='word_1_156' title='bbox 687 1114 778 1147; x_wconf 86' lang='lat' dir='ltr'>sicut</span> <span class='ocrx_word' id='word_1_157' title='bbox 813 1123 866 1147; x_wconf 87' lang='lat' dir='ltr'>mc</span> <span class='ocrx_word' id='word_1_158' title='bbox 903 1113 946 1147; x_wconf 88' lang='lat' dir='ltr'>ab</span> <span class='ocrx_word' id='word_1_159' title='bbox 982 1112 1143 1147; x_wconf 85' lang='lat' dir='ltr'>Heinrico</span> <span class='ocrx_word' id='word_1_160' title='bbox 1186 1117 1220 1147; x_wconf 88' lang='lat' dir='ltr'>et</span> <span class='ocrx_word' id='word_1_161' title='bbox 1263 1114 1423 1148; x_wconf 89' lang='lat' dir='ltr'>omnibus</span> 
     </span>
     <span class='ocr_line' id='line_1_17' title="bbox 32 1178 1424 1226; baseline -0.001 -10"><span class='ocrx_word' id='word_1_162' title='bbox 32 1182 195 1216; x_wconf 81' lang='lat' dir='ltr'>intactam</span> <span class='ocrx_word' id='word_1_163' title='bbox 219 1182 368 1223; x_wconf 86' lang='lat' dir='ltr'>novisti,</span> <span class='ocrx_word' id='word_1_164' title='bbox 395 1182 446 1214; x_wconf 87' lang='lat' dir='ltr'>ita</span> <span class='ocrx_word' id='word_1_165' title='bbox 470 1179 599 1226; x_wconf 79' lang='lat' dir='ltr'>adJuva</span> <span class='ocrx_word' id='word_1_166' title='bbox 624 1189 697 1221; x_wconf 83' lang='lat' dir='ltr'>nie,</span> <span class='ocrx_word' id='word_1_167' title='bbox 731 1178 883 1214; x_wconf 78' lang='lat' dir='ltr'>Christe.</span> <span class='ocrx_word' id='word_1_168' title='bbox 931 1178 1113 1213; x_wconf 84' lang='lat' dir='ltr'>Heinricus</span> <span class='ocrx_word' id='word_1_169' title='bbox 1148 1189 1229 1214; x_wconf 88' lang='lat' dir='ltr'>vero</span> <span class='ocrx_word' id='word_1_170' title='bbox 1255 1190 1424 1215; x_wconf 84' lang='lat' dir='ltr'>verecun-</span> 
     </span>
     <span class='ocr_line' id='line_1_18' title="bbox 32 1245 1425 1292; baseline -0.001 -10"><span class='ocrx_word' id='word_1_171' title='bbox 32 1247 92 1282; x_wconf 88' lang='lat' dir='ltr'>dia.</span> <span class='ocrx_word' id='word_1_172' title='bbox 116 1247 238 1282; x_wconf 82' lang='lat' dir='ltr'>ductus</span> <span class='ocrx_word' id='word_1_173' title='bbox 265 1257 340 1282; x_wconf 82' lang='lat' dir='ltr'>eam</span> <span class='ocrx_word' id='word_1_174' title='bbox 367 1249 401 1281; x_wconf 93' lang='lat' dir='ltr'>in</span> <span class='ocrx_word' id='word_1_175' title='bbox 427 1246 602 1281; x_wconf 79' lang='lat' dir='ltr'>maxillam</span> <span class='ocrx_word' id='word_1_176' title='bbox 633 1247 828 1291; x_wconf 82' lang='lat' dir='ltr'>percussit,</span> <span class='ocrx_word' id='word_1_177' title='bbox 863 1246 918 1279; x_wconf 87' lang='lat' dir='ltr'>cni</span> <span class='ocrx_word' id='word_1_178' title='bbox 946 1256 1012 1279; x_wconf 79' lang='lat' dir='ltr'>vox</span> <span class='ocrx_word' id='word_1_179' title='bbox 1037 1245 1143 1279; x_wconf 81' lang='lat' dir='ltr'>dixit:</span> <span class='ocrx_word' id='word_1_180' title='bbox 1178 1246 1279 1292; x_wconf 73' lang='lat' dir='ltr'>virgo</span> <span class='ocrx_word' id='word_1_181' title='bbox 1307 1246 1425 1281; x_wconf 86' lang='lat' dir='ltr'>Maria</span> 
     </span>
     <span class='ocr_line' id='line_1_19' title="bbox 30 1311 1422 1360; baseline -0.002 -11"><span class='ocrx_word' id='word_1_182' title='bbox 30 1318 65 1349; x_wconf 85' lang='lat' dir='ltr'>te</span> <span class='ocrx_word' id='word_1_183' title='bbox 89 1315 261 1360; x_wconf 82' lang='lat' dir='ltr'>virginem</span> <span class='ocrx_word' id='word_1_184' title='bbox 286 1313 462 1348; x_wconf 81' lang='lat' dir='ltr'>liberavit.</span> <span class='ocrx_word' id='word_1_185' title='bbox 512 1312 638 1346; x_wconf 87' lang='lat' dir='ltr'>Totam</span> <span class='ocrx_word' id='word_1_186' title='bbox 664 1313 773 1357; x_wconf 85' lang='lat' dir='ltr'>igitur</span> <span class='ocrx_word' id='word_1_187' title='bbox 798 1311 1002 1347; x_wconf 88' lang='lat' dir='ltr'>candentem</span> <span class='ocrx_word' id='word_1_188' title='bbox 1028 1322 1175 1346; x_wconf 85' lang='lat' dir='ltr'>massam</span> <span class='ocrx_word' id='word_1_189' title='bbox 1193 1312 1321 1347; x_wconf 85' lang='lat' dir='ltr'>illaesa</span> <span class='ocrx_word' id='word_1_190' title='bbox 1340 1323 1422 1357; x_wconf 88' lang='lat' dir='ltr'>per-</span> 
     </span>
     <span class='ocr_line' id='line_1_20' title="bbox 35 1377 1423 1425; baseline -0.001 -12"><span class='ocrx_word' id='word_1_191' title='bbox 35 1380 156 1413; x_wconf 80' lang='lat' dir='ltr'>currit.</span> <span class='ocrx_word' id='word_1_192' title='bbox 205 1378 287 1413; x_wconf 88' lang='lat' dir='ltr'>Cum</span> <span class='ocrx_word' id='word_1_193' title='bbox 324 1389 411 1425; x_wconf 83' lang='lat' dir='ltr'>crgo</span> <span class='ocrx_word' id='word_1_194' title='bbox 447 1378 581 1413; x_wconf 85' lang='lat' dir='ltr'>Caesar</span> <span class='ocrx_word' id='word_1_195' title='bbox 613 1377 775 1419; x_wconf 86' lang='lat' dir='ltr'>obiisset,</span> <span class='ocrx_word' id='word_1_196' title='bbox 815 1377 1000 1412; x_wconf 89' lang='lat' dir='ltr'>multitudo</span> <span class='ocrx_word' id='word_1_197' title='bbox 1034 1380 1183 1413; x_wconf 72' lang='lat' dir='ltr'>maxima</span> <span class='ocrx_word' id='word_1_198' title='bbox 1217 1378 1423 1413; x_wconf 87' lang='lat' dir='ltr'>daemonum</span> 
     </span>
     <span class='ocr_line' id='line_1_21' title="bbox 30 1443 1422 1490; baseline 0.001 -12"><span class='ocrx_word' id='word_1_199' title='bbox 30 1448 112 1479; x_wconf 90' lang='lat' dir='ltr'>ante</span> <span class='ocrx_word' id='word_1_200' title='bbox 140 1444 263 1479; x_wconf 85' lang='lat' dir='ltr'>cellam</span> <span class='ocrx_word' id='word_1_201' title='bbox 288 1444 467 1490; x_wconf 85' lang='lat' dir='ltr'>cujusdam</span> <span class='ocrx_word' id='word_1_202' title='bbox 495 1445 661 1479; x_wconf 84' lang='lat' dir='ltr'>eremitae</span> <span class='ocrx_word' id='word_1_203' title='bbox 685 1443 872 1485; x_wconf 82' lang='lat' dir='ltr'>transibat,</span> <span class='ocrx_word' id='word_1_204' title='bbox 902 1446 959 1489; x_wconf 84' lang='lat' dir='ltr'>qui</span> <span class='ocrx_word' id='word_1_205' title='bbox 988 1448 1112 1489; x_wconf 87' lang='lat' dir='ltr'>aperta</span> <span class='ocrx_word' id='word_1_206' title='bbox 1137 1445 1292 1480; x_wconf 83' lang='lat' dir='ltr'>fenestra</span> <span class='ocrx_word' id='word_1_207' title='bbox 1313 1446 1422 1479; x_wconf 88' lang='lat' dir='ltr'>inter-</span> 
     </span>
     <span class='ocr_line' id='line_1_22' title="bbox 32 1508 1422 1556; baseline 0 -12"><span class='ocrx_word' id='word_1_208' title='bbox 32 1511 173 1556; x_wconf 81' lang='lat' dir='ltr'>rogavit</span> <span class='ocrx_word' id='word_1_209' title='bbox 203 1509 379 1551; x_wconf 88' lang='lat' dir='ltr'>ultimum,</span> <span class='ocrx_word' id='word_1_210' title='bbox 416 1512 553 1555; x_wconf 87' lang='lat' dir='ltr'>quinam</span> <span class='ocrx_word' id='word_1_211' title='bbox 591 1513 721 1544; x_wconf 86' lang='lat' dir='ltr'>essent.</span> <span class='ocrx_word' id='word_1_212' title='bbox 767 1508 810 1543; x_wconf 89' lang='lat' dir='ltr'>Et</span> <span class='ocrx_word' id='word_1_213' title='bbox 837 1510 912 1544; x_wconf 88' lang='lat' dir='ltr'>ille:</span> <span class='ocrx_word' id='word_1_214' title='bbox 940 1510 1035 1555; x_wconf 76' lang='lat' dir='ltr'>legio</span> <span class='ocrx_word' id='word_1_215' title='bbox 1061 1510 1264 1544; x_wconf 89' lang='lat' dir='ltr'>daemonum</span> <span class='ocrx_word' id='word_1_216' title='bbox 1292 1521 1422 1553; x_wconf 84' lang='lat' dir='ltr'>sumus,</span> 
     </span>
     <span class='ocr_line' id='line_1_23' title="bbox 33 1575 1424 1621; baseline 0.001 -11"><span class='ocrx_word' id='word_1_217' title='bbox 33 1577 92 1621; x_wconf 87' lang='lat' dir='ltr'>qui</span> <span class='ocrx_word' id='word_1_218' title='bbox 115 1575 160 1610; x_wconf 87' lang='lat' dir='ltr'>ad</span> <span class='ocrx_word' id='word_1_219' title='bbox 182 1580 324 1611; x_wconf 86' lang='lat' dir='ltr'>mortem</span> <span class='ocrx_word' id='word_1_220' title='bbox 352 1575 516 1611; x_wconf 84' lang='lat' dir='ltr'>Caesaris</span> <span class='ocrx_word' id='word_1_221' title='bbox 544 1585 796 1620; x_wconf 81' lang='lat' dir='ltr'>properamus,</span> <span class='ocrx_word' id='word_1_222' title='bbox 830 1577 861 1610; x_wconf 91' lang='lat' dir='ltr'>si</span> <span class='ocrx_word' id='word_1_223' title='bbox 897 1575 986 1610; x_wconf 89' lang='lat' dir='ltr'>forte</span> <span class='ocrx_word' id='word_1_224' title='bbox 1014 1575 1148 1620; x_wconf 89' lang='lat' dir='ltr'>aliquid</span> <span class='ocrx_word' id='word_1_225' title='bbox 1185 1578 1363 1621; x_wconf 89' lang='lat' dir='ltr'>proprium</span> <span class='ocrx_word' id='word_1_226' title='bbox 1389 1578 1424 1612; x_wconf 91' lang='lat' dir='ltr'>in</span> 
     </span>
     <span class='ocr_line' id='line_1_24' title="bbox 33 1641 1423 1687; baseline 0.001 -10"><span class='ocrx_word' id='word_1_227' title='bbox 33 1652 74 1677; x_wconf 90' lang='lat' dir='ltr'>eo</span> <span class='ocrx_word' id='word_1_228' title='bbox 100 1644 256 1687; x_wconf 88' lang='lat' dir='ltr'>reperire</span> <span class='ocrx_word' id='word_1_229' title='bbox 288 1643 474 1687; x_wconf 87' lang='lat' dir='ltr'>possimus.</span> <span class='ocrx_word' id='word_1_230' title='bbox 523 1641 716 1686; x_wconf 85' lang='lat' dir='ltr'>Adjuratus</span> <span class='ocrx_word' id='word_1_231' title='bbox 743 1646 879 1684; x_wconf 87' lang='lat' dir='ltr'>autem,</span> <span class='ocrx_word' id='word_1_232' title='bbox 916 1646 954 1675; x_wconf 92' lang='lat' dir='ltr'>ut</span> <span class='ocrx_word' id='word_1_233' title='bbox 977 1641 1023 1676; x_wconf 89' lang='lat' dir='ltr'>ad</span> <span class='ocrx_word' id='word_1_234' title='bbox 1049 1652 1086 1676; x_wconf 90' lang='lat' dir='ltr'>se</span> <span class='ocrx_word' id='word_1_235' title='bbox 1115 1642 1254 1685; x_wconf 87' lang='lat' dir='ltr'>redeat,</span> <span class='ocrx_word' id='word_1_236' title='bbox 1283 1643 1423 1678; x_wconf 83' lang='lat' dir='ltr'>rediens</span> 
     </span>
     <span class='ocr_line' id='line_1_25' title="bbox 33 1706 1424 1753; baseline 0.001 -12"><span class='ocrx_word' id='word_1_237' title='bbox 33 1707 141 1742; x_wconf 84' lang='lat' dir='ltr'>dixit:</span> <span class='ocrx_word' id='word_1_238' title='bbox 165 1707 252 1742; x_wconf 90' lang='lat' dir='ltr'>nihil</span> <span class='ocrx_word' id='word_1_239' title='bbox 278 1707 502 1753; x_wconf 80' lang='lat' dir='ltr'>profecimus,</span> <span class='ocrx_word' id='word_1_240' title='bbox 529 1709 611 1752; x_wconf 86' lang='lat' dir='ltr'>quia</span> <span class='ocrx_word' id='word_1_241' title='bbox 637 1706 715 1741; x_wconf 86' lang='lat' dir='ltr'>dum</span> <span class='ocrx_word' id='word_1_242' title='bbox 744 1708 836 1742; x_wconf 87' lang='lat' dir='ltr'>falsa</span> <span class='ocrx_word' id='word_1_243' title='bbox 858 1709 978 1742; x_wconf 75' lang='lat' dir='ltr'>uxoris</span> <span class='ocrx_word' id='word_1_244' title='bbox 997 1709 1151 1752; x_wconf 86' lang='lat' dir='ltr'>suspicio</span> <span class='ocrx_word' id='word_1_245' title='bbox 1178 1713 1212 1743; x_wconf 89' lang='lat' dir='ltr'>et</span> <span class='ocrx_word' id='word_1_246' title='bbox 1239 1709 1309 1743; x_wconf 87' lang='lat' dir='ltr'>alia</span> <span class='ocrx_word' id='word_1_247' title='bbox 1332 1709 1424 1744; x_wconf 86' lang='lat' dir='ltr'>mala</span> 
     </span>
     <span class='ocr_line' id='line_1_26' title="bbox 32 1773 1423 1818; baseline 0.001 -11"><span class='ocrx_word' id='word_1_248' title='bbox 32 1777 67 1808; x_wconf 91' lang='lat' dir='ltr'>et</span> <span class='ocrx_word' id='word_1_249' title='bbox 98 1775 200 1807; x_wconf 87' lang='lat' dir='ltr'>etiam</span> <span class='ocrx_word' id='word_1_250' title='bbox 236 1773 330 1807; x_wconf 89' lang='lat' dir='ltr'>bona</span> <span class='ocrx_word' id='word_1_251' title='bbox 363 1775 398 1806; x_wconf 88' lang='lat' dir='ltr'>in</span> <span class='ocrx_word' id='word_1_252' title='bbox 433 1777 567 1808; x_wconf 87' lang='lat' dir='ltr'>statera</span> <span class='ocrx_word' id='word_1_253' title='bbox 601 1773 750 1810; x_wconf 86' lang='lat' dir='ltr'>fuissent</span> <span class='ocrx_word' id='word_1_254' title='bbox 775 1775 914 1818; x_wconf 87' lang='lat' dir='ltr'>posita,</span> <span class='ocrx_word' id='word_1_255' title='bbox 951 1773 1097 1809; x_wconf 86' lang='lat' dir='ltr'>adustus</span> <span class='ocrx_word' id='word_1_256' title='bbox 1124 1775 1184 1810; x_wconf 90' lang='lat' dir='ltr'>ille</span> <span class='ocrx_word' id='word_1_257' title='bbox 1209 1775 1423 1809; x_wconf 89' lang='lat' dir='ltr'>Laurentius</span> 
     </span>
     <span class='ocr_line' id='line_1_27' title="bbox 31 1837 1422 1885; baseline 0.002 -13"><span class='ocrx_word' id='word_1_258' title='bbox 31 1837 136 1872; x_wconf 88' lang='lat' dir='ltr'>ollam</span> <span class='ocrx_word' id='word_1_259' title='bbox 160 1847 300 1874; x_wconf 87' lang='lat' dir='ltr'>auream</span> <span class='ocrx_word' id='word_1_260' title='bbox 328 1840 486 1874; x_wconf 88' lang='lat' dir='ltr'>immensi</span> <span class='ocrx_word' id='word_1_261' title='bbox 511 1839 677 1884; x_wconf 88' lang='lat' dir='ltr'>ponderis</span> <span class='ocrx_word' id='word_1_262' title='bbox 704 1839 821 1874; x_wconf 87' lang='lat' dir='ltr'>attulit</span> <span class='ocrx_word' id='word_1_263' title='bbox 854 1844 905 1881; x_wconf 92' lang='lat' dir='ltr'>et,</span> <span class='ocrx_word' id='word_1_264' title='bbox 941 1838 1019 1874; x_wconf 87' lang='lat' dir='ltr'>dum</span> <span class='ocrx_word' id='word_1_265' title='bbox 1054 1850 1244 1885; x_wconf 86' lang='lat' dir='ltr'>superasse</span> <span class='ocrx_word' id='word_1_266' title='bbox 1274 1840 1422 1876; x_wconf 86' lang='lat' dir='ltr'>videba-</span> 
     </span>
     <span class='ocr_line' id='line_1_28' title="bbox 32 1904 1422 1953; baseline 0.003 -16"><span class='ocrx_word' id='word_1_267' title='bbox 32 1914 119 1947; x_wconf 88' lang='lat' dir='ltr'>mur,</span> <span class='ocrx_word' id='word_1_268' title='bbox 144 1904 206 1939; x_wconf 92' lang='lat' dir='ltr'>illa</span> <span class='ocrx_word' id='word_1_269' title='bbox 225 1905 362 1950; x_wconf 83' lang='lat' dir='ltr'>jac-tata</span> <span class='ocrx_word' id='word_1_270' title='bbox 393 1915 476 1953; x_wconf 68' lang='lat' dir='ltr'>pars</span> <span class='ocrx_word' id='word_1_271' title='bbox 502 1905 574 1939; x_wconf 87' lang='lat' dir='ltr'>alia</span> <span class='ocrx_word' id='word_1_272' title='bbox 603 1909 758 1940; x_wconf 87' lang='lat' dir='ltr'>staterae</span> <span class='ocrx_word' id='word_1_273' title='bbox 798 1905 933 1939; x_wconf 89' lang='lat' dir='ltr'>scilicet</span> <span class='ocrx_word' id='word_1_274' title='bbox 980 1906 1161 1951; x_wconf 89' lang='lat' dir='ltr'>plurimum</span> <span class='ocrx_word' id='word_1_275' title='bbox 1195 1906 1422 1952; x_wconf 87' lang='lat' dir='ltr'>ponderavit:</span> 
     </span>
     <span class='ocr_line' id='line_1_29' title="bbox 29 1971 1421 2017; baseline 0.004 -15"><span class='ocrx_word' id='word_1_276' title='bbox 29 1972 111 2003; x_wconf 85' lang='lat' dir='ltr'>tune</span> <span class='ocrx_word' id='word_1_277' title='bbox 146 1979 213 2015; x_wconf 85' lang='lat' dir='ltr'>ego</span> <span class='ocrx_word' id='word_1_278' title='bbox 251 1971 361 2005; x_wconf 86' lang='lat' dir='ltr'>iratus</span> <span class='ocrx_word' id='word_1_279' title='bbox 388 1981 488 2004; x_wconf 86' lang='lat' dir='ltr'>unam</span> <span class='ocrx_word' id='word_1_280' title='bbox 513 1975 647 2016; x_wconf 84' lang='lat' dir='ltr'>partem</span> <span class='ocrx_word' id='word_1_281' title='bbox 673 1981 804 2006; x_wconf 84' lang='lat' dir='ltr'>aureae</span> <span class='ocrx_word' id='word_1_282' title='bbox 838 1971 932 2005; x_wconf 86' lang='lat' dir='ltr'>ollae</span> <span class='ocrx_word' id='word_1_283' title='bbox 968 1974 1146 2017; x_wconf 76' lang='lat' dir='ltr'>praerupi.</span> <span class='ocrx_word' id='word_1_284' title='bbox 1196 1972 1308 2008; x_wconf 88' lang='lat' dir='ltr'>Ollam</span> <span class='ocrx_word' id='word_1_285' title='bbox 1334 1974 1421 2008; x_wconf 85' lang='lat' dir='ltr'>cali-</span> 
     </span>
     <span class='ocr_line' id='line_1_30' title="bbox 30 2033 1422 2081; baseline 0.004 -14"><span class='ocrx_word' id='word_1_286' title='bbox 30 2043 104 2068; x_wconf 87' lang='lat' dir='ltr'>cem</span> <span class='ocrx_word' id='word_1_287' title='bbox 129 2033 301 2076; x_wconf 84' lang='lat' dir='ltr'>vocabat,</span> <span class='ocrx_word' id='word_1_288' title='bbox 336 2045 435 2080; x_wconf 84' lang='lat' dir='ltr'>quem</span> <span class='ocrx_word' id='word_1_289' title='bbox 463 2035 575 2070; x_wconf 82' lang='lat' dir='ltr'>dictus</span> <span class='ocrx_word' id='word_1_290' title='bbox 602 2036 735 2070; x_wconf 86' lang='lat' dir='ltr'>Caesar</span> <span class='ocrx_word' id='word_1_291' title='bbox 757 2036 928 2070; x_wconf 86' lang='lat' dir='ltr'>ecclcsiae</span> <span class='ocrx_word' id='word_1_292' title='bbox 956 2037 1200 2081; x_wconf 63' lang='lat' dir='ltr'>³)Aystetensi</span> <span class='ocrx_word' id='word_1_293' title='bbox 1227 2040 1262 2072; x_wconf 88' lang='lat' dir='ltr'>in</span> <span class='ocrx_word' id='word_1_294' title='bbox 1287 2038 1422 2074; x_wconf 90' lang='lat' dir='ltr'>honore</span> 
     </span>
     <span class='ocr_line' id='line_1_31' title="bbox 32 2099 1420 2145; baseline 0.003 -12"><span class='ocrx_word' id='word_1_295' title='bbox 32 2100 145 2133; x_wconf 84' lang='lat' dir='ltr'>sancti</span> <span class='ocrx_word' id='word_1_296' title='bbox 169 2099 355 2134; x_wconf 87' lang='lat' dir='ltr'>Laurentii</span> <span class='ocrx_word' id='word_1_297' title='bbox 379 2099 454 2134; x_wconf 83' lang='lat' dir='ltr'>fieri</span> <span class='ocrx_word' id='word_1_298' title='bbox 480 2100 630 2142; x_wconf 83' lang='lat' dir='ltr'>fecerat,</span> <span class='ocrx_word' id='word_1_299' title='bbox 658 2111 758 2145; x_wconf 81' lang='lat' dir='ltr'>quein</span> <span class='ocrx_word' id='word_1_300' title='bbox 783 2102 816 2134; x_wconf 92' lang='lat' dir='ltr'>in</span> <span class='ocrx_word' id='word_1_301' title='bbox 843 2101 989 2145; x_wconf 85' lang='lat' dir='ltr'>speciali</span> <span class='ocrx_word' id='word_1_302' title='bbox 1015 2101 1202 2136; x_wconf 85' lang='lat' dir='ltr'>devotione</span> <span class='ocrx_word' id='word_1_303' title='bbox 1227 2102 1420 2138; x_wconf 83' lang='lat' dir='ltr'>habuerat:</span> 
     </span>
     <span class='ocr_line' id='line_1_32' title="bbox 30 2165 1422 2213; baseline 0.003 -13"><span class='ocrx_word' id='word_1_304' title='bbox 30 2166 86 2200; x_wconf 90' lang='lat' dir='ltr'>cui</span> <span class='ocrx_word' id='word_1_305' title='bbox 124 2170 269 2210; x_wconf 85' lang='lat' dir='ltr'>propter</span> <span class='ocrx_word' id='word_1_306' title='bbox 300 2166 572 2212; x_wconf 81' lang='lat' dir='ltr'>magnitudinem</span> <span class='ocrx_word' id='word_1_307' title='bbox 608 2165 698 2200; x_wconf 85' lang='lat' dir='ltr'>duae</span> <span class='ocrx_word' id='word_1_308' title='bbox 737 2176 841 2201; x_wconf 89' lang='lat' dir='ltr'>aures</span> <span class='ocrx_word' id='word_1_309' title='bbox 883 2167 1030 2201; x_wconf 86' lang='lat' dir='ltr'>inerant.</span> <span class='ocrx_word' id='word_1_310' title='bbox 1078 2166 1334 2213; x_wconf 86' lang='lat' dir='ltr'>Repertumque</span> <span class='ocrx_word' id='word_1_311' title='bbox 1368 2173 1422 2204; x_wconf 88' lang='lat' dir='ltr'>est</span> 
     </span>
     <span class='ocr_line' id='line_1_33' title="bbox 31 2230 1419 2275; baseline 0.002 -9"><span class='ocrx_word' id='word_1_312' title='bbox 31 2235 66 2266; x_wconf 83' lang='lat' dir='ltr'>et</span> <span class='ocrx_word' id='word_1_313' title='bbox 89 2232 334 2275; x_wconf 87' lang='lat' dir='ltr'>imperatorem</span> <span class='ocrx_word' id='word_1_314' title='bbox 358 2235 439 2265; x_wconf 84' lang='lat' dir='ltr'>tunc</span> <span class='ocrx_word' id='word_1_315' title='bbox 467 2230 600 2266; x_wconf 81' lang='lat' dir='ltr'>obiisse</span> <span class='ocrx_word' id='word_1_316' title='bbox 633 2236 667 2266; x_wconf 89' lang='lat' dir='ltr'>et</span> <span class='ocrx_word' id='word_1_317' title='bbox 697 2242 799 2266; x_wconf 89' lang='lat' dir='ltr'>unam</span> <span class='ocrx_word' id='word_1_318' title='bbox 833 2242 950 2267; x_wconf 81' lang='lat' dir='ltr'>aurem</span> <span class='ocrx_word' id='word_1_319' title='bbox 977 2232 1098 2266; x_wconf 83' lang='lat' dir='ltr'>calicis</span> <span class='ocrx_word' id='word_1_320' title='bbox 1125 2232 1272 2267; x_wconf 85' lang='lat' dir='ltr'>fractam</span> <span class='ocrx_word' id='word_1_321' title='bbox 1297 2233 1419 2270; x_wconf 88' lang='lat' dir='ltr'>fuisse.</span> 
     </span>
     <span class='ocr_line' id='line_1_34' title="bbox 33 2294 1418 2345; baseline 0.003 -15"><span class='ocrx_word' id='word_1_322' title='bbox 33 2297 71 2340; x_wconf 72' lang='lat'>⁴)</span> <span class='ocrx_word' id='word_1_323' title='bbox 82 2295 203 2332; x_wconf 80' lang='lat' dir='ltr'>Refert</span> <span class='ocrx_word' id='word_1_324' title='bbox 229 2294 421 2342; x_wconf 85' lang='lat' dir='ltr'>Gregorius</span> <span class='ocrx_word' id='word_1_325' title='bbox 446 2298 481 2330; x_wconf 86' lang='lat' dir='ltr'>in</span> <span class='ocrx_word' id='word_1_326' title='bbox 508 2298 673 2342; x_wconf 83' lang='lat' dir='ltr'>registro,</span> <span class='ocrx_word' id='word_1_327' title='bbox 695 2297 794 2343; x_wconf 67' lang='lat' dir='ltr'>quod</span> <span class='ocrx_word' id='word_1_328' title='bbox 820 2297 896 2331; x_wconf 87' lang='lat' dir='ltr'>dum</span> <span class='ocrx_word' id='word_1_329' title='bbox 915 2298 1173 2342; x_wconf 87' lang='lat' dir='ltr'>praedecessor</span> <span class='ocrx_word' id='word_1_330' title='bbox 1197 2309 1281 2333; x_wconf 89' lang='lat' dir='ltr'>suus</span> <span class='ocrx_word' id='word_1_331' title='bbox 1309 2311 1418 2345; x_wconf 82' lang='lat' dir='ltr'>quen-</span> 
     </span>
     <span class='ocr_line' id='line_1_35' title="bbox 30 2361 1417 2409; baseline 0.002 -13"><span class='ocrx_word' id='word_1_332' title='bbox 30 2361 109 2396; x_wconf 85' lang='lat' dir='ltr'>dam</span> <span class='ocrx_word' id='word_1_333' title='bbox 136 2361 181 2396; x_wconf 87' lang='lat' dir='ltr'>ad</span> <span class='ocrx_word' id='word_1_334' title='bbox 207 2372 333 2406; x_wconf 90' lang='lat' dir='ltr'>corpus</span> <span class='ocrx_word' id='word_1_335' title='bbox 359 2364 472 2396; x_wconf 87' lang='lat' dir='ltr'>sancti</span> <span class='ocrx_word' id='word_1_336' title='bbox 497 2361 679 2397; x_wconf 86' lang='lat' dir='ltr'>Laurentii</span> <span class='ocrx_word' id='word_1_337' title='bbox 704 2368 847 2409; x_wconf 88' lang='lat' dir='ltr'>cuperet</span> <span class='ocrx_word' id='word_1_338' title='bbox 871 2364 1056 2399; x_wconf 83' lang='lat' dir='ltr'>meliorare</span> <span class='ocrx_word' id='word_1_339' title='bbox 1083 2368 1137 2406; x_wconf 84' lang='lat' dir='ltr'>et,</span> <span class='ocrx_word' id='word_1_340' title='bbox 1174 2364 1314 2398; x_wconf 80' lang='lat' dir='ltr'>ubinam</span> <span class='ocrx_word' id='word_1_341' title='bbox 1339 2375 1417 2399; x_wconf 88' lang='lat' dir='ltr'>cor-</span> 
     </span>
     <span class='ocr_line' id='line_1_36' title="bbox 30 2427 1418 2475; baseline 0.004 -15"><span class='ocrx_word' id='word_1_342' title='bbox 30 2436 96 2472; x_wconf 89' lang='lat' dir='ltr'>pus</span> <span class='ocrx_word' id='word_1_343' title='bbox 122 2430 235 2469; x_wconf 80' lang='lat' dir='ltr'>esset,</span> <span class='ocrx_word' id='word_1_344' title='bbox 260 2429 432 2470; x_wconf 86' lang='lat' dir='ltr'>nesciret,</span> <span class='ocrx_word' id='word_1_345' title='bbox 468 2427 585 2462; x_wconf 84' lang='lat' dir='ltr'>subito</span> <span class='ocrx_word' id='word_1_346' title='bbox 610 2439 736 2474; x_wconf 86' lang='lat' dir='ltr'>corpus</span> <span class='ocrx_word' id='word_1_347' title='bbox 765 2431 842 2474; x_wconf 85' lang='lat' dir='ltr'>ejus</span> <span class='ocrx_word' id='word_1_348' title='bbox 869 2430 1074 2475; x_wconf 81' lang='lat' dir='ltr'>ignoranter</span> <span class='ocrx_word' id='word_1_349' title='bbox 1098 2428 1255 2473; x_wconf 82' lang='lat' dir='ltr'>aperitur</span> <span class='ocrx_word' id='word_1_350' title='bbox 1279 2441 1418 2465; x_wconf 87' lang='lat' dir='ltr'>omnes-</span> 
     </span>
     <span class='ocr_line' id='line_1_37' title="bbox 30 2492 1418 2541; baseline 0.002 -14"><span class='ocrx_word' id='word_1_351' title='bbox 30 2502 112 2538; x_wconf 87' lang='lat' dir='ltr'>que,</span> <span class='ocrx_word' id='word_1_352' title='bbox 145 2493 205 2538; x_wconf 88' lang='lat' dir='ltr'>qui</span> <span class='ocrx_word' id='word_1_353' title='bbox 238 2492 405 2536; x_wconf 83' lang='lat' dir='ltr'>aderant,</span> <span class='ocrx_word' id='word_1_354' title='bbox 445 2497 515 2527; x_wconf 87' lang='lat' dir='ltr'>tam</span> <span class='ocrx_word' id='word_1_355' title='bbox 558 2494 720 2529; x_wconf 87' lang='lat' dir='ltr'>monachi</span> <span class='ocrx_word' id='word_1_356' title='bbox 758 2505 859 2541; x_wconf 85' lang='lat' dir='ltr'>qnam</span> <span class='ocrx_word' id='word_1_357' title='bbox 898 2496 1148 2537; x_wconf 89' lang='lat' dir='ltr'>mansionarii,</span> <span class='ocrx_word' id='word_1_358' title='bbox 1191 2496 1251 2540; x_wconf 82' lang='lat' dir='ltr'>qui</span> <span class='ocrx_word' id='word_1_359' title='bbox 1289 2505 1418 2541; x_wconf 87' lang='lat' dir='ltr'>corpus</span> 
     </span>
    </p>
   </div>
   <div class='ocr_carea' id='block_1_3' title="bbox 24 2624 1417 2743">
    <p class='ocr_par' dir='ltr' id='par_1_3' title="bbox 24 2624 1417 2743">
     <span class='ocr_line' id='line_1_38' title="bbox 94 2624 1417 2660; baseline 0.002 -8"><span class='ocrx_word' id='word_1_360' title='bbox 94 2626 122 2659; x_wconf 86' lang='lat'>1)</span> <span class='ocrx_word' id='word_1_361' title='bbox 139 2624 193 2654; x_wconf 78' lang='lat' dir='ltr'>Ed.</span> <span class='ocrx_word' id='word_1_362' title='bbox 211 2629 254 2652; x_wconf 88' lang='lat' dir='ltr'>Pr.</span> <span class='ocrx_word' id='word_1_363' title='bbox 274 2626 323 2652; x_wconf 79' lang='lat' dir='ltr'>hic</span> <span class='ocrx_word' id='word_1_364' title='bbox 340 2628 502 2652; x_wconf 82' lang='lat' dir='ltr'>XXXIII</span> <span class='ocrx_word' id='word_1_365' title='bbox 520 2624 600 2657; x_wconf 73' lang='lat' dir='ltr'>legit,</span> <span class='ocrx_word' id='word_1_366' title='bbox 620 2624 698 2651; x_wconf 71' lang='lat' dir='ltr'>infra</span> <span class='ocrx_word' id='word_1_367' title='bbox 716 2633 788 2651; x_wconf 66' lang='lat' dir='ltr'>vero</span> <span class='ocrx_word' id='word_1_368' title='bbox 808 2629 923 2653; x_wconf 82' lang='lat' dir='ltr'>tantum</span> <span class='ocrx_word' id='word_1_369' title='bbox 941 2628 1048 2653; x_wconf 84' lang='lat' dir='ltr'>XXX.</span> <span class='ocrx_word' id='word_1_370' title='bbox 1152 2629 1181 2660; x_wconf 84' lang='lat'>2)</span> <span class='ocrx_word' id='word_1_371' title='bbox 1207 2627 1285 2655; x_wconf 74' lang='lat' dir='ltr'>Alii:</span> <span class='ocrx_word' id='word_1_372' title='bbox 1319 2628 1417 2655; x_wconf 81' lang='lat' dir='ltr'>livi-</span> 
     </span>
     <span class='ocr_line' id='line_1_39' title="bbox 24 2668 1417 2704; baseline 0.004 -10"><span class='ocrx_word' id='word_1_373' title='bbox 24 2668 119 2698; x_wconf 83' lang='lat' dir='ltr'>dum,</span> <span class='ocrx_word' id='word_1_374' title='bbox 220 2671 249 2704; x_wconf 82' lang='lat'>3)</span> <span class='ocrx_word' id='word_1_375' title='bbox 275 2671 328 2698; x_wconf 79' lang='lat' dir='ltr'>Ed.</span> <span class='ocrx_word' id='word_1_376' title='bbox 358 2674 402 2699; x_wconf 76' lang='lat' dir='ltr'>Pr.</span> <span class='ocrx_word' id='word_1_377' title='bbox 428 2670 499 2703; x_wconf 60' lang='lat' dir='ltr'>legit</span> <span class='ocrx_word' id='word_1_378' title='bbox 531 2669 792 2698; x_wconf 59' lang='lat' dir='ltr'>Einstensaensi.</span> <span class='ocrx_word' id='word_1_379' title='bbox 908 2672 936 2704; x_wconf 75' lang='lat'>4)</span> <span class='ocrx_word' id='word_1_380' title='bbox 961 2671 1074 2699; x_wconf 65' lang='lat' dir='ltr'>Verhzu</span> <span class='ocrx_word' id='word_1_381' title='bbox 1109 2671 1241 2700; x_wconf 69' lang='lat' dir='ltr'>Refert</span> <span class='ocrx_word' id='word_1_382' title='bbox 1269 2688 1298 2693; x_wconf 98' lang='lat'><strong>—</strong></span> <span class='ocrx_word' id='word_1_383' title='bbox 1327 2678 1417 2700; x_wconf 77' lang='lat' dir='ltr'>snut</span> 
     </span>
     <span class='ocr_line' id='line_1_40' title="bbox 25 2713 271 2743; baseline 0.004 -3"><span class='ocrx_word' id='word_1_384' title='bbox 25 2713 135 2741; x_wconf 72' lang='lat' dir='ltr'>omittit</span> <span class='ocrx_word' id='word_1_385' title='bbox 154 2714 207 2741; x_wconf 68' lang='lat' dir='ltr'>m.</span> <span class='ocrx_word' id='word_1_386' title='bbox 229 2718 271 2743; x_wconf 75' lang='lat' dir='ltr'>I‘r.</span> 
     </span>
    </p>
   </div>
  </div>
 </body>
</html>
