1742 3005
261 92 358 140 Cap.
391 89 524 127 CXLl.
591 91 650 127 De
681 99 811 128 saneto
841 91 1022 129 Mam-itio
1054 100 1091 130 et
1120 94 1232 131 sociis
1263 95 1353 130 suis.
1420 96 1495 132 (5:31

112 194 272 239 quoniam
297 192 510 230 christianus
534 200 651 239 esset,
686 198 719 230 in
745 208 820 231 eum
847 199 1009 242 impetum
1035 198 1192 234 fecerunt
1218 204 1252 234 et
1277 201 1387 244 ipsum
1417 211 1499 245 pro-

110 259 203 293 tinus
227 259 454 295 trucidarunt.
502 260 587 296 Post
612 261 700 296 haec
726 266 839 296 autem
866 262 1100 299 Maximianus
1127 264 1220 309 apud
1245 264 1497 305 Mediolanum.

109 324 355 370 Dyocletiauus
383 336 466 360 vero
495 326 589 371 apud
614 326 849 362 Nicomediam
875 339 942 362 una
963 328 1020 363 die
1039 339 1226 374 purpuram
1246 330 1497 375 deposuerunt,

108 394 145 424 ut
178 392 347 435 privatam
382 392 487 426 vitam
513 398 660 439 agerent
685 398 719 428 et
745 394 1068 435 adolescentiores,
1104 395 1239 429 scilicet
1272 396 1498 431 Constantius

108 460 143 491 ct
166 456 341 492 Maximus
368 461 403 492 et
428 456 610 500 Galerius,
643 469 730 504 quos
757 458 929 493 Caesares
957 458 1125 500 fecerant,
1153 461 1375 504 imperarent.
1427 461 1497 497 Sed

106 532 181 556 cum
217 521 451 556 Maximianus
483 524 606 557 iterum
642 524 821 567 tyrannice
860 524 1031 567 imperare
1066 523 1193 565 vellet,
1230 533 1251 557 a
1288 526 1495 561 Constantio

106 597 238 632 genero
279 597 343 621 suo
382 591 586 632 persecutus
628 588 819 632 suspendio
866 589 969 623 vitam
1005 587 1128 622 finivit.
1179 587 1336 624 Tandem
1369 600 1495 635 corpus

106 654 220 687 sancti
247 652 440 686 Iunocentii
474 651 516 687 de
549 652 667 687 eadem
703 653 843 700 legione
880 655 913 688 in
947 653 1041 688 unda
1065 653 1226 689 Rhodani
1255 655 1448 690 immersum
1475 667 1496 690 a

105 718 300 753 Domitiano
329 716 525 752 Genanensi
561 722 595 752 et
623 717 731 752 Grato
758 719 967 765 Augustano
996 723 1030 754 et
1055 719 1217 754 Protasio
1244 720 1401 765 eJusdem
1426 721 1495 756 loci

104 785 281 829 episcopis
308 793 382 818 cum
407 783 488 818 aliis
514 785 549 817 in
575 784 730 818 ecclesia
755 789 807 819 est
826 786 1012 830 sepultum.
1059 784 1096 818 Iu
1117 786 1216 830 quns
1234 788 1494 822 constructione

104 849 242 895 quidam
269 849 413 895 gentilis
438 849 566 884 artifex
593 853 681 892 erat,
708 851 765 894 qui
792 850 872 884 aliis
899 850 956 885 die
976 850 1147 884 dominico
1170 850 1493 886 sollemnizantibus

103 915 200 950 solus
233 924 322 960 opus
353 925 451 949 suuni
483 914 683 950 exercebat.
733 914 845 949 Adest
878 919 1076 949 sanctorum
1112 917 1306 957 exer-cium,
1344 918 1491 961 rapitur,

103 980 265 1016 caeditur
289 984 324 1015 et
347 982 531 1026 arguitur,
565 980 658 1026 quod
693 990 781 1024 opus
806 990 903 1014 suum
929 980 1111 1025 prosarium
1138 983 1346 1015 assumserit
1374 986 1408 1016 et
1437 982 1492 1017 dic

102 1046 294 1089 dominica,
327 1055 402 1080 cum
438 1046 500 1080 alii
535 1045 662 1079 divinis
697 1045 939 1089 intenderent,
978 1048 1054 1091 ipse
1086 1046 1254 1091 operibus
1282 1046 1491 1082 mechanicis

102 1111 265 1146 inhiaret.
314 1110 499 1146 Coi-rectus
523 1110 569 1145 ad
600 1111 783 1146 ecclesiam
819 1113 971 1146 cucurrit
1001 1116 1035 1147 et
1067 1123 1104 1147 se
1146 1112 1220 1146 sieri
1264 1111 1490 1146 christianum

101 1176 306 1222 postulavit.
352 1176 561 1212 Ambrosius
595 1178 628 1210 in
661 1177 885 1222 praefatione
918 1177 960 1211 de
996 1176 1049 1211 his
1088 1177 1289 1212 martiribus
1333 1179 1384 1212 sic
1423 1179 1489 1212 ait:

100 1247 242 1278 caterva
274 1242 426 1278 fidelium
460 1243 578 1277 divino
612 1242 761 1276 lustrata
793 1242 921 1277 lumine
957 1242 1000 1276 ab
1033 1244 1197 1277 extremis
1223 1248 1338 1278 terrae
1365 1243 1490 1278 tinibus

102 1310 243 1344 veniens
271 1308 376 1353 ¹)tibi
402 1309 552 1344 feliciter
570 1308 782 1353 supplicavit
806 1312 839 1342 et
863 1312 931 1342 tam
960 1310 1141 1353 corporeis
1166 1308 1375 1343 bellatorum
1394 1309 1490 1355 legio

100 1373 322 1409 mucronibus
348 1375 580 1418 circumsepta
618 1383 790 1418 quamque
825 1373 1067 1418 spiritualibus
1099 1376 1201 1408 etiam
1229 1376 1333 1408 armis
1362 1375 1489 1408 vallata

100 1439 145 1474 ad
183 1441 373 1473 martirium
407 1439 509 1485 vigili
542 1440 739 1473 constantia
765 1440 987 1483 properavit,
1021 1450 1108 1484 quos
1136 1440 1285 1484 pestifer
1309 1444 1487 1484 tyrannus,

100 1510 137 1540 ut
161 1515 223 1540 eos
249 1508 340 1539 metu
365 1508 598 1549 perterreret,
633 1503 677 1538 ad
703 1505 971 1539 internecionem
999 1504 1162 1548 supplicii
1187 1505 1308 1550 gladio
1336 1505 1489 1539 decima-

99 1572 148 1605 vit
179 1574 284 1616 atque
314 1569 533 1615 postmodum
565 1573 767 1603 constanter
801 1579 862 1603 eos
889 1569 1119 1613 perdurantes
1146 1571 1179 1603 iu
1208 1568 1274 1603 fule
1303 1572 1488 1604 universos

100 1637 234 1681 pariter
258 1636 373 1680 capite
400 1635 507 1680 plecti
534 1636 726 1679 praecepit.
775 1633 843 1668 Sed
870 1633 904 1667 bi
929 1638 1026 1668 tanto
1061 1636 1219 1669 caritatis
1253 1635 1381 1670 ardore
1417 1636 1486 1670 ser-

99 1701 248 1744 vebant,
273 1705 310 1735 ut
335 1702 458 1746 ejectis
483 1702 588 1734 armis
615 1700 705 1735 flexo
733 1699 866 1745 poplite
893 1701 1023 1744 passim
1056 1701 1300 1745 geniculantes
1333 1702 1486 1746 spicula-

98 1772 211 1802 torum
243 1766 316 1802 tela
347 1765 454 1800 hilari
492 1764 598 1800 eorde
632 1767 873 1810 susciperent,
911 1766 1002 1799 inter
1035 1776 1122 1810 quos
1149 1765 1273 1800 beatus
1301 1766 1488 1801 Mauritius

96 1836 178 1867 tuae
203 1831 284 1867 fidei
308 1841 426 1866 amore
451 1841 640 1868 succensus
667 1830 879 1866 decertando
901 1832 1046 1864 martirii
1067 1835 1121 1865 est
1137 1841 1300 1865 coronam
1327 1831 1486 1876 adeptus.

98 1898 190 1933 Haec
216 1897 437 1933 Ambrosius,
463 1918 506 1922 —-
536 1917 578 1922 —-
603 1917 646 1922 —
683 1900 724 1934 2.
751 1895 881 1931 Mulier
915 1896 1085 1941 quaedam
1113 1895 1217 1930 lilium
1243 1907 1340 1930 suum
1367 1896 1487 1931 abbati

98 1965 324 2006 monasterii,
361 1964 396 1997 in
429 1973 497 2008 quo
525 1966 721 1997 sanctorum
747 1963 924 1996 martirum
951 1971 1102 2006 corpora
1129 1963 1374 2007 requiescunt,
1410 1973 1487 1996 eru-

100 2026 263 2062 diendum
299 2027 467 2070 tradidit,
515 2038 615 2073 quem
658 2029 693 2061 in
735 2027 834 2061 brevi
877 2026 1074 2061 defunctum
1112 2027 1364 2062 irremediabili
1395 2027 1487 2060 luctu

100 2091 305 2138 plangebat.
359 2091 422 2126 Cui
456 2101 632 2136 apparens
664 2090 876 2132 Mauritius,
918 2100 979 2124 cur
1019 2090 1124 2123 fluum
1159 2101 1257 2124 suum
1292 2092 1343 2124 sic
1375 2091 1486 2129 tieret,

100 2157 294 2203 quaesivit;
330 2165 419 2202 quac
444 2156 514 2190 sibi
539 2154 741 2200 respondit,
767 2154 877 2200 quod,
906 2154 1069 2199 quamdiu
1095 2156 1247 2196 viveret,
1281 2164 1303 2188 a
1326 2154 1487 2200 lacrymis

98 2234 168 2258 non
196 2226 366 2258 cessaret.
416 2221 480 2255 Cui
506 2220 582 2255 ille:
607 2220 679 2254 noli
706 2230 780 2255 eum
807 2219 892 2254 flere
917 2224 953 2254 ut
980 2225 1169 2262 mortuum,
1202 2219 1264 2254 sed
1291 2220 1383 2254 scias
1413 2230 1487 2254 eum

100 2288 261 2323 habitare
286 2287 485 2329 nobiscum3
512 2285 603 2331 quod
633 2288 662 2320 si
690 2285 842 2330 probare.
869 2285 1073 2328 desideras,
1103 2295 1182 2320 eras
1210 2288 1244 2319 et
1270 2286 1302 2319 in
1329 2284 1487 2319 omuibus

101 2353 224 2389 diebus
261 2354 355 2388 §itae
381 2357 462 2386 tuae
481 2380 489 2394 ,
509 2353 555 2386 -si
589 2351 633 2385 ad
667 2352 853 2386 matutinas
892 2352 1121 2393 surrexeris,
1141 2360 1260 2385 vocem
1297 2352 1373 2394 ejus
1400 2352 1488 2384 iuter

99 2417 578 2462 monachorumpsallentium
592 2427 695 2452 voces
707 2416 828 2451 audire
840 2415 986 2451 valebis.
1015 2416 1185 2456 Quodilla
1197 2426 1335 2460 semper
1354 2414 1435 2449 fecit
1455 2418 1489 2448 et

100 2494 217 2520 vocem
229 2484 375 2518 tiliicum
397 2482 576 2517 monachis
596 2485 789 2517 cantantem
808 2491 946 2526 semper
963 2481 1202 2523 ²)‹liscernens
1220 2479 1367 2515 audivit.
1387 2499 1424 2504 —-—
1445 2499 1488 2505 —-

100 2554 148 2588 3.
173 2549 247 2584 Rex
275 2548 531 2590 Gaturanicus,
568 2558 642 2582 cum
677 2546 864 2583 thesauros
903 2547 1036 2580 relictis
1069 2545 1200 2581 saeculi
1238 2546 1375 2590 pompis
1402 2553 1488 2590 pau-

168 2648 196 2681 1)
214 2647 382 2675 ΑΙίἰι-ιιί)ἰ.
421 2646 474 2675 Ed.
494 2650 536 2673 Pr.
556 2645 702 2680 praefert:
731 2649 764 2671 ot
794 2643 986 2671 fideliter
1015 2644 1141 2679 suppl.
1262 2643 1291 2675 2)
1310 2645 1384 2670 Part.
1406 2641 1484 2668 dis-

103 2703 115 2719 c
129 2701 266 2720 eruens
287 2690 397 2720 omittit
416 2690 467 2717 Ed.
490 2694 532 2717 Pr.
