1742 3005
193 145 293 195 Cap.
326 143 514 181 CCXXX.
572 142 630 179 De
661 147 790 178 sancto
814 141 923 178 Justo
953 140 1238 191 archiepiscopo
1269 148 1342 180 etc.
1399 142 1480 181 943

97 248 162 275 dira
183 248 212 274 in
232 246 286 274 tali
306 246 455 281 supplicio
474 245 659 273 intolerabili
677 245 792 272 crucior
808 251 922 279 poena!
958 247 1058 277 anue
1075 244 1134 278 die,
1159 254 1216 278 qua
1238 244 1378 273 decollati
1404 250 1482 279 sunt,

95 293 200 325 iugens
227 291 326 323 fulgor
353 299 443 325 super
468 300 570 317 eorum
597 299 721 325 corpora
747 290 902 325 apparuit,
940 290 1087 316 exstincta
1118 299 1237 323 quoque
1264 300 1331 317 cum
1352 292 1481 327 jacerent

94 340 229 364 truncata
250 335 417 370 capitibus,
444 335 502 370 ipsi
522 345 612 370 super
630 335 723 371 pedes
743 335 833 361 erecti
852 339 919 361 sunt
939 339 967 361 et
987 334 1143 361 animabus
1162 335 1340 369 recipientes
1360 335 1481 370 propria

95 383 194 416 capita
214 380 299 407 firmo
319 385 460 413 rectoque
479 379 571 412 gradu
593 380 631 406 ad
650 379 815 414 hospitium
838 378 920 405 beati
948 378 1103 410 Gentiani,
1142 379 1179 406 de
1206 388 1264 413 quo
1292 380 1391 407 educti
1416 380 1480 407 sue<

96 430 178 458 rant,
201 424 369 457 redierunt,
394 429 426 451 ut
446 434 512 452 cuin
532 424 639 451 eodem
657 424 687 450 in
708 423 829 450 domino
849 423 936 450 simul
956 423 1128 449 dormirent.

512 761 639 827 cAP.
673 761 876 823 CCXXX.
919 761 1070 824 (201.)

95 861 198 907 De
230 859 451 907 sancto
473 861 664 906 ‚Iusto
695 859 1172 916 archiepiscopo
1202 860 1482 917 inclytae

391 936 673 982 civitatis
703 939 1185 994 Lugdunensis

191 1051 302 1076 Beatus
321 1051 422 1076 Justus
440 1047 648 1080 Lugdunensis
666 1048 748 1074 urbis
769 1048 865 1082 primo
891 1046 1031 1074 sacerdos
1054 1046 1168 1078 sactus,
1196 1055 1274 1072 nunc
1299 1054 1372 1073 vero
1399 1046 1480 1081 apud

91 1092 245 1120 dominum
264 1097 400 1120 nostrum
418 1095 520 1119 Jesum
540 1092 688 1119 Christum
707 1092 833 1119 eximius
851 1096 995 1127 patronus
1024 1096 1054 1118 et
1080 1091 1274 1118 intercessor:
1301 1092 1385 1125 cujus
1412 1101 1479 1118 cum

90 1137 191 1165 recolo
211 1136 476 1173 inexpugnabilem
494 1136 524 1163 in
544 1137 686 1172 operibus
705 1136 813 1169 fidem,
831 1136 1026 1171 praecipuum
1044 1136 1075 1162 in
1093 1135 1176 1162 victu
1195 1135 1337 1167 rigorem,
1362 1135 1480 1167 longin-

90 1192 180 1216 quam
205 1182 237 1209 in
259 1182 423 1210 solitudine
452 1182 735 1213 commorationem,
768 1181 975 1208 incunctanter
998 1180 1130 1213 affirmo,
1164 1181 1242 1207 hunc
1268 1189 1328 1207 non
1354 1179 1479 1214 impleta

89 1227 231 1262 passione
257 1227 389 1262 palmam
415 1226 541 1253 martirii
567 1235 627 1253 non
651 1226 797 1255 amisisse,
833 1226 901 1252 Fuit
935 1226 1013 1253 enim
1046 1225 1170 1252 antistes
1195 1224 1438 1256 Lugdunensium
1463 1235 1480 1252 a

89 1275 153 1298 Deo
172 1276 202 1298 et
221 1271 300 1298 clero
320 1275 436 1298 creatus
456 1275 485 1298 et
505 1270 618 1297 electus
638 1280 704 1297 cum
723 1275 806 1297 tanta
825 1270 972 1306 puritate,
992 1270 1156 1302 modestia,
1176 1270 1305 1304 pietate,
1325 1270 1480 1304 patientia,

89 1325 256 1351 pauperum
275 1325 361 1349 cura,
388 1315 561 1342 divinorum
586 1316 796 1342 mandatorum
823 1316 1032 1348 observantia,
1058 1320 1090 1342 ut
1117 1315 1206 1342 etiam
1231 1314 1404 1347 magnificos
1424 1315 1481 1342 do-

89 1360 165 1388 mini
183 1360 355 1388 sacerdotes
374 1360 456 1387 omni
474 1360 604 1395 praeiret
624 1360 716 1392 gratia
734 1361 889 1387 virtutum.
926 1363 1028 1387 Justus
1056 1365 1155 1387 autem
1174 1360 1294 1387 nomine
1313 1365 1342 1386 et
1361 1369 1391 1386 re
1411 1359 1480 1387 offi-

90 1406 169 1432 cium
188 1404 343 1437 dignitatis
362 1405 501 1432 deserere
521 1409 550 1431 et
568 1406 740 1439 peregrina,
768 1414 825 1438 quo
852 1405 974 1437 lateret,
999 1410 1140 1440 expetere
1163 1405 1261 1432 voluit
1289 1410 1318 1432 et
1344 1405 1480 1432 decrevit

92 1454 121 1477 et
140 1450 280 1477 comitem
299 1449 345 1476 sui
363 1449 479 1476 itineris
499 1450 634 1482 egregiae
652 1450 764 1477 indolis
784 1452 933 1484 juvenem,
953 1450 1002 1484 qui
1018 1450 1047 1476 iu
1062 1450 1188 1477 ecclesia
1208 1449 1339 1477 osticium
1359 1450 1481 1478 lectoris

92 1495 230 1527 gerebat,
261 1494 403 1521 assumsit
426 1503 579 1529 pueroque
606 1500 727 1530 recepto
753 1495 784 1522 in
811 1495 952 1522 solatium
978 1504 1048 1522 suae
1074 1494 1322 1530 peregrinationis
1348 1504 1480 1523 eremum

91 1544 197 1575 petens
216 1539 246 1567 in
263 1542 431 1573 Aegyptum
450 1538 614 1571 navigavit.
653 1542 768 1567 Jactata
787 1539 816 1566 in
837 1540 958 1567 domino
978 1539 1059 1567 omni
1085 1540 1265 1572 cogitatione
1291 1539 1348 1567 soli
1368 1540 1482 1567 adhae-

91 1593 159 1612 rens
178 1583 293 1618 animo,
321 1583 372 1617 qui
398 1587 443 1610 est
470 1592 539 1618 spes
565 1584 697 1611 omnium
720 1584 824 1611 finium
850 1590 946 1612 terrae
972 1590 1001 1612 et
1028 1585 1058 1611 in
1082 1594 1162 1612 mare
1189 1584 1293 1617 louge,
1321 1595 1387 1612 cum
1404 1594 1480 1612 vero

91 1629 418 1664 111111t0ja1n1e1np0re
436 1629 599 1656 moramini
626 1638 725 1657 eremo
752 1639 786 1656 ac
809 1630 970 1657 multorum
997 1630 1151 1664 exemplar
1174 1629 1331 1662 traxisset,
1359 1634 1480 1657 sanctus

91 1673 257 1701 Antiochus
275 1677 346 1700 tunc
364 1674 514 1708 presbiter
532 1674 739 1707 Lugdunensis
766 1674 817 1709 pio
843 1674 985 1702 incitatus
1012 1674 1113 1702 officio
1140 1683 1234 1707 usque
1261 1675 1300 1701 ad
1317 1675 1480 1704 visendum

91 1718 269 1754 episcopum
286 1727 372 1745 suum
390 1718 512 1745 beatum
531 1722 648 1746 Justum
667 1728 790 1754 peregre
816 1719 915 1746 animo
941 1720 1088 1752 intendit,
1114 1719 1162 1746 vir
1187 1718 1368 1747 discretione
1392 1730 1481 1755 prae-

92 1763 198 1798 cipuus
218 1768 246 1790 et
266 1762 316 1797 qui
335 1771 394 1790 non
412 1762 561 1790 immerito
581 1769 716 1801 tempore
734 1764 890 1799 interjecto
916 1764 955 1791 ad
979 1764 1112 1799 ejusdem
1132 1764 1279 1799 pontificii
1298 1765 1415 1792 cuhneu
1434 1770 1480 1794 est

92 1812 251 1836 assumtus.
287 1808 342 1834 Hic
360 1816 429 1840 ergo
449 1817 515 1835 cum
534 1808 686 1836 desiderio
705 1809 780 1836 tanti
799 1809 942 1836 antistitis
961 1814 1055 1836 terras
1074 1812 1104 1835 et
1122 1809 1214 1845 maria
1228 1814 1480 1844 transvagaretur,

91 1852 319 1888 praenuntiasse
339 1855 402 1887 ejus
421 1853 586 1880 adventum
606 1858 633 1880 et
654 1853 767 1881 dixisse
786 1854 828 1881 ita
846 1854 955 1881 fertur:
981 1863 1066 1881 carus
1085 1859 1187 1881 noster
1206 1854 1369 1882 Antiochus
1389 1855 1480 1882 hodie

91 1898 155 1924 illic
172 1902 314 1926 moratur.
348 1898 446 1925 Etiam
465 1898 523 1931 die,
544 1907 603 1932 quo
623 1899 663 1925 ad.
679 1899 779 1934 ipsum
797 1899 890 1932 venit,
909 1899 987 1926 hunc
1006 1903 1165 1926 Venturum
1184 1908 1250 1926 esse
1268 1899 1353 1926 novit
1373 1900 1481 1934 spiritu

91 1942 269 1978 prophetico
287 1942 462 1972 illustratus.
499 1946 610 1971 Verum
629 1953 696 1970 cum
715 1943 830 1978 aliquot
850 1944 935 1971 annis
960 1944 990 1971 in
1014 1953 1113 1971 eremo
1133 1949 1161 1971 et
1181 1944 1294 1976 angelis
1312 1944 1480 1979 proximam

92 1988 201 2020 egisset
218 1988 313 2015 vitam
332 1993 362 2016 et
381 1989 487 2021 dignus
507 1988 627 2015 adesset
643 1988 711 2015 finis
728 1989 818 2016 tantis
834 1989 999 2022 laboribus,
1019 1999 1139 2023 regumn
1157 1990 1310 2024 spondeus
1327 1989 1479 2017 coelorum

93 2036 182 2065 atque
214 2032 276 2059 illis
307 2033 367 2066 jam
400 2032 540 2059 extremis
565 2038 684 2060 sanctae
711 2033 932 2065 commigrantis
959 2034 1076 2061 animae
1110 2034 1184 2061 flens
1218 2039 1247 2061 et
1274 2039 1480 2061 consternatus

94 2080 193 2102 mente
211 2075 311 2102 viator
329 2079 359 2102 et
385 2075 445 2102 sibi
470 2077 593 2104 adstans
613 2077 670 2103 ait:
697 2087 748 2104 cur
771 2087 835 2110 me,
863 2078 1000 2110 domine,
1026 2078 1187 2111 relinquis’.
1224 2081 1326 2105 Justus
1351 2078 1480 2106 devotus

93 2124 197 2155 pastor
215 2119 360 2146 ecclesiae
378 2120 549 2154 respondit:
576 2120 621 2146 fili
647 2121 816 2153 carissime,
842 2131 880 2148 ne
907 2122 1036 2148 turberis
1063 2121 1149 2154 quasi
1174 2121 1336 2148 destitutus
1362 2122 1481 2156 solatio,

94 2164 164 2198 quia
182 2163 269 2190 brevi
287 2168 422 2198 tempore
442 2168 546 2190 exacto
565 2164 630 2199 ipse
648 2174 696 2191 me
715 2165 858 2198 sequeris.
895 2169 990 2201 Quam
1008 2165 1111 2198 utique
1129 2166 1321 2200 prophetiam
1343 2176 1378 2194 ac
1395 2176 1483 2194 reve-

94 2209 238 2236 lationem
257 2208 316 2235 cito
335 2208 463 2235 transitu
482 2208 576 2236 sancti
594 2210 712 2243 juvenis
731 2214 848 2236 constat
873 2209 967 2237 fuisse
994 2210 1184 2244 completam.
1221 2211 1279 2246 Sed
1303 2211 1332 2238 in
1356 2211 1482 2244 gloriam

94 2254 171 2283 tanti
190 2254 310 2288 patroni
329 2253 424 2280 nostri
440 2252 525 2280 illam
543 2253 772 2286 Lugdunensem
791 2255 916 2287 gratiam
933 2255 1024 2282 tacite
1042 2255 1261 2290 praeterierim,
1285 2256 1368 2290 quod
1385 2257 1416 2283 in
1435 2266 1483 2284 re-

93 2298 219 2326 ferendo
239 2302 342 2325 sancto
362 2298 425 2332 ejus
444 2298 622 2333 corpusculo
641 2304 710 2333 post
736 2299 856 2332 dignam
876 2305 1127 2327 sacramentorum
1146 2301 1368 2336 susceptionem
1387 2310 1483 2335 usque

95 2344 127 2371 in
152 2342 314 2370 australem
339 2342 458 2377 plagam
484 2343 691 2371 venerabilem
717 2353 749 2372 se
775 2344 886 2371 civium
913 2354 982 2371 cura
1005 2345 1155 2380 porrexit,
1189 2345 1239 2379 qui
1265 2347 1387 2373 scrutati
1413 2347 1483 2374 illas

95 2397 192 2423 paene
211 2388 380 2416 inaccessas
399 2387 557 2414 ardoribus
576 2388 754 2415 solitudines
781 2393 810 2416 et
834 2389 871 2415 ab
898 2388 965 2424 ipso
985 2390 1148 2417 admodum
1168 2390 1241 2418 solis
1260 2399 1367 2418 occasu
1386 2400 1484 2426 prope

95 2430 196 2461 vicina
220 2432 286 2459 loca
315 2431 478 2459 devotione
501 2437 652 2460 currentes
678 2437 776 2460 totum
801 2443 896 2468 paene
921 2435 1024 2462 orbem
1044 2435 1165 2470 pietatis
1185 2444 1256 2462 suae
1274 2440 1384 2462 testem
1402 2435 1484 2463 sece-

95 2481 181 2510 runt,
207 2481 411 2510 quantumque
437 2485 469 2504 se
488 2477 628 2509 abegerat
645 2478 894 2506 verecundissimi
913 2483 943 2506 et
961 2480 1056 2507 sancti
1075 2479 1240 2507 sacerdotis
1258 2479 1344 2512 suga,
1367 2480 1397 2506 in
1416 2484 1484 2507 tan-

96 2526 160 2549 tum
179 2531 210 2548 se
228 2521 363 2548 fidelium
382 2521 482 2548 studia
494 2522 701 2550 intenderunt.
720 2526 757 2550 Ut
776 2523 826 2557 qni
843 2524 1015 2551 deseruerat
1030 2524 1224 2558 despectione
1243 2524 1355 2557 delicti,
1372 2534 1485 2559 appro-

96 2566 205 2593 barunt
228 2575 260 2593 se
284 2571 347 2594 tam
369 2566 524 2602 praeclaro
550 2575 611 2594 non
633 2567 773 2600 indignos
799 2569 950 2602 antistite,
969 2579 1034 2596 cum
1063 2569 1172 2601 gratiae
1199 2570 1261 2602 ejus
1284 2569 1484 2602 magnitudini

97 2610 194 2638 officii
213 2611 338 2643 gloriam
358 2611 636 2646 aequiparaverunt.
672 2616 706 2640 ln
730 2617 814 2640 tanto
842 2614 952 2646 egregii
974 2614 1052 2641 Justi
1076 2613 1215 2648 exemplo
1234 2612 1345 2641 factum
1364 2623 1484 2648 quoque

95 2655 290 2683 fidelissimae
310 2656 410 2690 plebis
429 2656 597 2684 exhibitum
615 2661 676 2689 est,
697 2658 778 2690 quod
796 2667 855 2685 non
873 2658 971 2686 miuus
990 2659 1097 2685 mirum
1114 2658 1279 2688 videretur.
1317 2659 1371 2686 Illa
1389 2669 1483 2687 vene-

97 2700 183 2728 randi
208 2701 303 2728 sancti
329 2701 408 2728 senis
436 2709 505 2728 ossa
529 2711 545 2728 a
571 2701 694 2729 remotis
717 2706 813 2730 terrae
836 2703 973 2738 partibus
999 2713 1066 2730 cum
1093 2703 1248 2731 alacritate
1279 2707 1308 2731 et
1337 2704 1484 2736 religione

97 2744 305 2778 exhibuerunt,
334 2754 400 2774 cuin
426 2746 563 2780 lacrymis
584 2751 611 2774 et
639 2745 749 2774 eximio
774 2747 853 2776 cultu
880 2752 1075 2783 susceperunt
1099 2753 1188 2782 atque
1207 2749 1415 2782 elaborarunt,
1440 2753 1482 2781 ut,
