1742 3005
146 124 242 174 Cap.
268 123 445 161 CCXIII.
493 123 551 162 De
581 130 712 162 sancto
736 123 936 162 Ludovico
963 137 1052 175 rege
1082 124 1326 162 Francorum.
1385 125 1467 165 917

83 231 254 254 sanctorum
279 228 388 262 iugiter
411 230 632 262 augmentabat.
675 230 794 258 Parisiis
821 230 970 264 siquidem
993 231 1024 258 in
1047 231 1140 264 regati
1173 230 1287 266 palatio
1321 233 1468 268 capellam

83 271 338 306 speciosissimam
357 274 538 307 construxit,
565 274 597 302 in
622 285 680 308 qua
706 281 925 302 sacrosanctam
952 285 1092 303 coronam
1115 275 1230 302 domini
1254 280 1283 303 et
1308 277 1468 305 maximam

82 321 199 351 partem
217 321 338 344 sanctae
362 319 456 346 crucis
482 319 652 352 ferrumque
678 320 816 352 lanceae,
846 320 928 353 quod
954 321 1031 348 latus
1055 320 1173 355 aperuit
1199 321 1373 355 salvatoris,
1402 332 1469 348 cum

81 362 220 396 pluribus
240 362 306 390 aliis
325 363 460 397 reliquiis
479 364 653 396 dignissime
673 364 852 396 collocavit,
879 374 953 397 quas
979 374 995 391 a
1016 364 1347 399 constantinopolitauo
1374 366 1468 400 impe·

82 411 181 435 ratore
205 412 359 443 receperat
385 417 451 435 cum
477 408 630 435 immensis
658 408 813 435 laboribus
840 413 868 435 et
895 410 1046 444 expensis.
1091 410 1260 443 opprobria
1292 419 1365 437 vero
1397 410 1469 437 fidei

82 452 262 480 christianae
281 453 384 479 audire
403 461 462 479 non
481 457 615 487 poterat,
635 453 689 480 sed
709 453 836 479 zelando
856 454 954 480 zelum
973 454 1028 480 Dei
1046 453 1176 485 graviter
1195 454 1348 488 puniebat.
1385 455 1469 482 Unde

82 497 232 530 quendam
250 497 348 525 civem
366 498 579 531 Parisiensem,
607 499 656 531 qui
676 498 802 532 turpiter
819 498 945 531 jurando
966 498 1113 525 Christum
1131 498 1411 531 blasphemaverat,
1438 499 1469 526 in

80 542 198 575 peccati
223 550 352 577 poenam
375 547 405 569 et
432 543 558 569 aliorum
587 546 730 568 terrorem
755 541 834 568 seri-0
863 542 1003 568 candenti
1028 542 1058 569 in
1085 542 1174 569 labiis
1203 543 1265 569 suis
1297 543 1470 570 canteris-’tri

79 587 235 622 praecepit
255 587 371 614 dicens:
389 587 517 619 vetlem,
535 586 635 619 quoad
653 586 774 618 vixero,
795 587 824 612 in
844 587 933 614 labiis
952 586 1027 613 meis
1046 586 1138 613 talem
1157 586 1358 613 indecentiam
1378 588 1469 614 susti-

78 639 165 663 nere,
191 631 355 658 dummodo
379 631 436 658 hoc
460 630 626 665 pessimum
650 631 806 663 jurationis
825 631 933 658 vitium
953 631 990 658 de
1009 639 1100 663 reguo
1120 635 1221 658 nostro
1240 631 1361 666 penitus
1379 632 1469 659 tolle-

78 679 170 702 retur.
206 675 350 703 Similiter
367 674 521 702 Saracenis
540 674 713 709 petentibus
733 675 762 701 iu
783 675 922 710 pactione
942 675 979 702 de
998 675 1144 703 solvenda
1168 675 1294 710 pecunia
1314 685 1368 710 pro
1389 685 1420 703 se
1440 681 1469 703 et

80 720 141 747 suis
159 720 286 752 addere,
314 719 396 752 quod
421 718 512 746 Iidem
541 719 650 746 Christi
676 725 814 753 negaret,
841 721 866 747 si
892 725 1013 754 pactum
1038 729 1098 746 non
1123 725 1253 752 teneret,
1280 720 1378 747 facore
1397 730 1467 747 cou-

79 769 191 791 stanter
209 763 370 796 denegavit
388 768 418 791 et
436 764 687 799 persuadentibus
700 784 707 796 ,
733 764 783 796 qui
802 765 942 797 aderant,
969 765 1050 798 quod
1070 765 1125 791 hoc
1145 765 1208 791 sine
1228 770 1351 799 peccato
1372 765 1468 791 facere

77 809 189 843 possit,
211 809 383 843 respondit:
409 813 525 835 tantum
544 808 651 835 horreo
670 809 798 835 verbum
818 809 855 835 de
874 810 1010 842 neganda
1029 810 1088 836 fide
1108 810 1198 836 etiam
1220 810 1274 837 sub
1295 809 1468 837 conditione

77 853 197 886 audire,
223 854 305 887 quod
322 861 381 880 non
401 861 522 888 possem
541 853 617 879 illud
636 853 802 887 exprimere
823 863 896 880 sono
924 854 1017 883 vocis,
1053 854 1172 881 Ibidem
1200 855 1289 881 etiam
1317 856 1468 888 quendam

76 898 211 925 nobilem
231 900 425 929 Saracenum,
444 897 495 931 qui
514 902 648 924 recenter
666 898 830 924 Soldanum
850 899 1016 931 occiderat,
1042 900 1142 926 sac-ere
1162 900 1287 926 militm„
1307 899 1468 932 recusastt,

77 942 197 975 dicens,
216 942 298 976 quod
315 951 370 969 nec
388 951 443 977 pro
462 947 557 969 morte
575 952 630 970 nec
649 953 702 979 pro
722 943 785 969 vita
804 942 958 969 infidelem
978 953 1157 977 quemquam
1173 944 1327 975 insigniret
1347 944 1467 970 baltheo

76 987 208 1014 militari.
245 991 279 1013 Iu
297 991 380 1014 tanta
399 986 489 1014 etiam
507 988 701 1014 veneratione
720 988 851 1014 habebat
879 987 1064 1019 signaculum
1092 988 1203 1020 crucis,
1231 988 1313 1021 quod
1337 988 1468 1021 desuper

77 1032 191 1059 calcare
209 1032 332 1060 nolebat
351 1036 380 1059 et
398 1042 414 1059 a
434 1033 572 1067 pluribus
590 1032 738 1064 religiosis
758 1032 873 1064 exegit,
901 1036 934 1059 ut
952 1032 982 1059 iu
1002 1033 1140 1060 claustris
1161 1042 1278 1065 eorum,
1305 1032 1334 1058 iu
1355 1031 1467 1059 tumbis

77 1086 178 1104 cruces
203 1085 264 1104 non
289 1076 528 1112 insculperentur
555 1081 584 1103 et
610 1077 778 1112 insculptae
805 1077 925 1111 penitus
952 1077 1136 1106 raderentur.
1174 1082 1206 1104 lu
1232 1077 1374 1109 regimine
1393 1085 1467 1103 xero

76 1121 118 1148 ita
136 1122 285 1156 pudenter
304 1130 337 1148 se
355 1122 492 1154 gerebat,
512 1122 595 1155 quod
613 1122 727 1155 absque
745 1130 941 1156 personarum
960 1123 1135 1157 acceptione
1154 1122 1299 1155 justitiam
1319 1121 1467 1148 reddebat

75 1166 245 1200 imicnique.
280 1166 403 1193 'fimens
422 1174 511 1199 vero,
530 1176 568 1194 ne
587 1177 694 1195 causae
715 1177 879 1202 pauperum
898 1166 951 1193 vix
968 1166 1195 1199 ingrederentur
1213 1167 1251 1193 ad
1269 1166 1399 1200 judices,
1420 1167 1466 1194 bis

74 1211 106 1238 in
123 1211 316 1238 hebdomada
334 1210 517 1238 audiendum
537 1212 756 1245 conquirentes,
776 1212 843 1239 loco
864 1212 979 1246 patenti
1000 1221 1031 1239 se
1051 1213 1183 1246 ponebat
1204 1217 1231 1238 et
1252 1220 1303 1238 eos
1321 1211 1466 1244 celeriter,

75 1260 218 1289 quantum
243 1259 378 1290 poterat,
406 1255 542 1290 expediri
568 1256 708 1285 faciebat.
745 1260 781 1284 Et
807 1257 927 1291 quando
954 1257 1106 1289 negotium
1138 1256 1210 1283 fulvi
1237 1266 1290 1290 per
1315 1255 1466 1290 praelatos

75 1310 129 1328 seu
151 1300 345 1334 inquisitores
369 1300 562 1328 deferebatur
586 1302 625 1328 ad
649 1312 732 1334 eum,
759 1302 899 1329 omnibus
927 1302 993 1329 aliis
1021 1302 1200 1337 postpositis
1227 1301 1358 1328 faciebat
1377 1311 1466 1335 quam

75 1346 162 1373 citius
181 1345 327 1380 expediri.
362 1346 470 1373 Duella
488 1355 561 1373 vero
581 1351 731 1379 tamquam
751 1357 766 1373 a
785 1349 848 1381 jure
867 1347 1020 1382 prohibita
1045 1349 1219 1381 cujusquam
1246 1346 1386 1373 instantia
1407 1355 1466 1373 non

75 1390 271 1423 admittebat,
305 1391 360 1418 sed
391 1401 446 1426 per
480 1391 570 1419 aliam
600 1391 681 1419 viam
714 1392 770 1426 juri
802 1400 965 1419 consonam
999 1392 1090 1419 etiam
1121 1396 1292 1423 magnatum
1319 1391 1467 1418 maleficia

74 1435 230 1471 puniebat.
267 1437 377 1464 Statuit
394 1437 518 1472 insuper
535 1437 574 1463 ad
594 1437 775 1464 abolendum
795 1446 917 1470 usuras,
942 1441 976 1463 ut
1003 1436 1152 1469 obligatos
1172 1436 1294 1464 Judaeis
1320 1440 1373 1462 aut
1399 1435 1466 1462 aliis

73 1481 205 1516 publicis
230 1481 374 1509 usurariis
400 1482 500 1509 nullus
518 1482 609 1515 judex
628 1482 821 1516 compelleret
841 1481 879 1508 ad
898 1481 1088 1509 solvendum.
1125 1485 1160 1508 Et
1180 1481 1248 1514 quia
1268 1490 1373 1515 pacem
1393 1490 1467 1515 ope-

73 1530 156 1553 ratur
178 1527 310 1560 justitia,
337 1526 423 1554 dedit
446 1526 505 1554 sibi
532 1530 611 1554 Deus
636 1537 742 1562 pacem
768 1531 797 1553 et
823 1534 912 1558 regno
936 1526 1195 1559 tranquillitatem.
1232 1525 1369 1552 Tandem
1396 1530 1466 1559 post

73 1571 237 1599 multorum
256 1580 401 1598 annorum
420 1572 516 1607 spatia
536 1572 661 1599 audiens
680 1571 900 1598 d‹›s01attonm11
924 1576 1020 1598 terrae
1039 1575 1159 1598 sanctae
1183 1575 1212 1597 et
1231 1570 1309 1596 mala
1328 1569 1466 1597 christia-

73 1625 130 1643 nae
156 1616 253 1649 gentis
278 1615 356 1644 ferre
383 1626 443 1644 nou
465 1616 571 1644 valeus
596 1626 663 1643 cum
690 1616 759 1644 filiis
786 1617 846 1644 suis
873 1626 907 1643 ac
933 1615 1015 1648 regui
1039 1615 1199 1642 comitibus
1228 1618 1257 1641 et
1276 1614 1465 1646 magnatibus

73 1661 208 1688 secundo
234 1661 427 1689 transfretare
454 1661 616 1696 disposuit.
659 1665 692 1687 In
725 1671 781 1694 qua
815 1660 1059 1688 transfretatione
1092 1660 1172 1686 diem
1207 1668 1293 1686 suum
1326 1659 1466 1686 ultimum

73 1706 368 1740 appropinquantem
385 1707 493 1734 videns
512 1706 591 1734 filios
612 1714 681 1733 suos
702 1702 900 1739 admouebat,
926 1710 958 1732 ut
985 1714 1039 1740 pro
1067 1704 1194 1731 ecclesia
1220 1704 1276 1730 Dei
1302 1708 1332 1731 et
1360 1704 1465 1731 desen-

73 1750 158 1777 sioue
177 1755 273 1778 terrae
291 1756 426 1784 sanctae,
445 1751 489 1778 nti
507 1751 573 1786 ipse
591 1751 739 1783 faciebat,
767 1751 848 1778 omni
866 1751 979 1778 virtute
998 1750 1181 1777 insisterent.
1218 1751 1358 1775 Currente
1377 1749 1466 1781 igitur

73 1795 195 1828 navigio
227 1805 333 1823 versus
362 1796 522 1823 Tunicium
554 1801 583 1823 et
616 1796 749 1823 exercitu
781 1805 835 1823 suo
868 1796 963 1822 libere
989 1794 1126 1830 capiente
1152 1798 1272 1828 portum
1298 1793 1330 1820 iu
1354 1793 1465 1827 Africa,

73 1840 258 1872 Carthaginis
291 1845 421 1868 castrum
456 1846 487 1869 et
519 1841 706 1875 adjacentem
737 1841 889 1874 regionem
922 1840 954 1867 vi
988 1847 1137 1866 armorum
1161 1843 1313 1873 ceperunt.
1362 1839 1465 1865 {einde

72 1884 151 1912 inter
169 1885 376 1918 Carthaginem
394 1890 424 1913 et
442 1886 602 1914 Tunicimu
620 1886 746 1913 fixerant
766 1885 911 1918 tentoria,
938 1885 983 1912 ibi
1008 1883 1193 1918 aliquamdiu
1213 1883 1363 1912 moraturi.
1399 1883 1465 1910 lllic

72 1938 142 1962 ergo
161 1930 268 1957 beatus
287 1931 459 1959 Ludovicus
478 1936 548 1966 post
569 1936 614 1959 tot
632 1931 799 1958 laudabilia
823 1931 968 1957 virtutum
994 1939 1100 1964 opera,
1126 1932 1197 1962 post
1224 1932 1269 1954 tot
1295 1927 1465 1955 laboriosos

72 1982 197 2007 agones,
216 1983 290 2008 quos
310 1983 365 2010 pro
383 1975 444 2002 fide
463 1976 571 2003 Christi
589 1976 744 2003 indefesso
766 1975 865 2003 auimo
886 1975 1087 2006 toleraverat,
1107 1973 1287 2007 disponente
1306 1975 1386 2005 Deo,
1414 1974 1466 2006 qni

72 2018 193 2046 labores
211 2028 282 2046 suos
300 2019 398 2046 votuit
416 2019 549 2048 feliciter
566 2030 773 2048 consummare
792 2025 822 2047 et
840 2020 978 2047 laborum
1003 2027 1124 2046 suorum
1142 2018 1273 2045 fructum
1291 2017 1465 2049 retribuere,

72 2063 152 2089 lecto
172 2062 316 2090 decubuit
333 2063 419 2090 febre
439 2065 581 2091 continua
598 2064 751 2097 fatigatus.
786 2064 994 2091 Invalescente
1012 2063 1103 2095 igitur
1120 2063 1241 2092 morbo,
1265 2070 1338 2088 sana
1355 2066 1465 2094 mente,

73 2107 189 2140 integro
213 2105 323 2133 affectu
349 2111 438 2140 atque
464 2108 570 2134 auditu
593 2117 681 2135 orans
708 2118 742 2135 ac
767 2113 886 2135 sanctos
913 2108 1058 2134 invocans
1084 2106 1195 2132 devote
1214 2106 1347 2140 suscepit
1366 2107 1466 2133 omnia

73 2151 277 2179 ecclesiastica
296 2156 492 2181 sacramenta.
526 2156 654 2179 Deinnm
672 2153 711 2179 ad
729 2157 894 2179 extremam
912 2152 1017 2179 horam
1035 2150 1161 2178 veniens
1181 2153 1210 2175 et
1229 2158 1320 2184 super
1339 2154 1467 2177 stratum

73 2197 224 2224 cinereum
242 2197 389 2223 recubans
406 2197 503 2223 verba
521 2196 676 2232 proferens
695 2197 798 2224 ultima
818 2201 916 2231 parte:
943 2197 974 2223 in
992 2204 1097 2223 manus
1117 2198 1201 2226 tuas,
1221 2193 1358 2227 domine,
1384 2203 1465 2221 com-

72 2241 184 2269 mendo
203 2240 341 2276 spiritum
364 2249 473 2269 meum.
509 2243 596 2267 Anno
623 2240 738 2267 domini
762 2244 922 2268 MCCLXX
946 2241 1019 2268 hora
1044 2242 1086 2267 JX
1111 2239 1241 2266 feliciter
1266 2238 1405 2270 migravit
1427 2239 1466 2265 ad

74 2286 239 2319 christmn,
259 2294 367 2320 corpus
385 2295 458 2313 vero
476 2286 559 2313 illius
579 2285 712 2312 delatum
730 2285 787 2312 fuit
815 2286 854 2312 ad
877 2286 1069 2320 sepulchrum
1093 2289 1212 2319 patrum
1238 2292 1359 2311 snorum
1386 2284 1466 2317 apud

74 2335 211 2358 sanctum
233 2330 409 2364 Dionysium
433 2330 465 2357 in
490 2330 629 2364 Francia,
652 2330 707 2357 ubi
729 2335 760 2357 et
785 2330 876 2358 etiam
899 2331 973 2357 alibi
1000 2331 1030 2357 in
1057 2329 1186 2356 diversis
1205 2328 1310 2355 mundi
1329 2329 1466 2362 partibus

74 2375 187 2404 crebris
211 2379 348 2402 coruscat
375 2375 536 2403 miraculis.
571 2379 606 2402 Ιιι
632 2375 680 2401 die
707 2375 878 2410 sepulturae
906 2377 968 2409 ejus
996 2375 1143 2409 quaedam
1174 2373 1283 2401 mulier
1315 2373 1466 2404 sagiensis

74 2421 230 2455 dyoecesis
248 2420 364 2453 visum,
383 2429 472 2453 quem
490 2419 572 2454 prius
590 2420 775 2454 perdiderat,
795 2420 984 2455 recuperavit
1004 2420 1126 2447 omnino
1144 2418 1259 2445 meritis
1279 2422 1307 2444 et
1325 2417 1466 2452 precibus

74 2465 117 2500 pii
136 2461 223 2497 regis.
260 2464 390 2500 Quidam
407 2465 525 2499 juvenis
545 2464 583 2491 de
602 2464 774 2497 Burguudia
794 2465 900 2492 surdus
920 2469 949 2491 et
967 2470 1067 2492 mutus
1092 2473 1109 2490 a
1134 2462 1294 2490 nativitate
1313 2472 1378 2489 cum
1398 2462 1467 2489 aliis

73 2509 200 2537 veniens
226 2509 266 2535 ad
291 2509 483 2544 sepulchrum
510 2510 591 2543 ejus,
619 2513 708 2543 prout
733 2509 861 2536 videbat
887 2509 963 2537 alios
989 2509 1098 2541 facere,
1122 2508 1244 2535 nutibus
1268 2507 1466 2534 exterioribus

75 2553 172 2583 sancti
191 2552 364 2585 suffragium
381 2553 574 2588 implorabat.
610 2557 646 2580 Et
665 2563 731 2580 cuin
750 2553 795 2580 ibi
813 2553 1000 2587 aliquamdiu
1018 2552 1242 2588 permansisset,
1262 2555 1383 2586 apertae
1399 2556 1467 2579 sunt

76 2607 164 2626 aures
183 2599 246 2631 ejus
265 2602 295 2624 et
314 2597 446 2625 solutum
464 2598 620 2625 vinculum
638 2597 757 2630 liuguae
777 2599 850 2632 ejus,
869 2602 898 2625 et
917 2598 968 2632 qui
986 2607 1139 2631 nunquam
1155 2596 1303 2624 Gallicum
1321 2596 1466 2630 audierat,

76 2651 149 2678 pure
176 2643 323 2670 Gallicum
349 2642 537 2676 loquebatur.
572 2645 609 2669 Et
635 2651 701 2669 cum
728 2642 846 2669 audivit
872 2642 970 2677 primo
997 2650 1157 2676 campanas
1182 2641 1311 2676 pulsari,
1336 2641 1466 2668 maximo

76 2692 187 2714 terrore
212 2687 388 2722 perterritus
412 2688 557 2722 putabat,
589 2691 685 2714 totam
716 2687 874 2714 ecclesiam
902 2696 993 2722 super
1016 2696 1048 2714 se
1074 2685 1227 2715 ruituram.
1270 2688 1375 2718 Auno,
1406 2694 1467 2719 quo

73 2732 182 2759 beatus
208 2731 380 2761 Ludo-vicus
398 2730 456 2759 {uit
475 2730 623 2767 ascriptus
644 2736 814 2760 sanctorum
832 2730 985 2765 catalogo,
1011 2731 1043 2759 iu
1062 2731 1190 2760 diversis
1209 2730 1344 2766 partibus
1364 2731 1403 2758 ad
1421 2729 1467 2757 iu-
