1742 3005
200 71 278 109 1⁴4
541 72 636 122 Cap.
671 70 784 107 XXX.
844 70 902 107 De
934 76 1064 106 sancto
1093 70 1257 107 Juliano.

198 177 281 213 bat,
327 186 442 210 roram
471 174 676 222 quibusdam
703 174 880 209 monachis
910 174 1116 209 servandum
1143 173 1308 218 tradidit,
1359 173 1450 220 quod
1477 177 1589 208 autem

202 254 321 277 aurum
348 242 472 277 ibidem
498 245 604 283 esset,
631 252 697 275 non
725 241 827 275 aliter
852 240 1029 274 indicavit.
1076 240 1235 276 Julianus
1261 242 1368 287 igitur
1390 240 1588 286 praedictas

201 310 289 343 ollas
316 310 491 353 accipiens
517 312 552 342 et
576 312 644 342 tam
669 308 848 352 copiosum
875 317 996 340 aurum
1019 305 1146 341 ibidem
1170 307 1349 341 inveniens
1376 311 1483 340 totum
1504 306 1586 341 illud

200 386 318 409 aurum
355 374 490 409 furatus
523 378 576 408 est
608 377 642 408 et
674 373 764 407 ollas
797 373 954 418 implevit
977 374 1104 407 cinere.
1176 371 1260 406 Post
1285 372 1429 417 aliquod
1454 376 1588 417 tempus

199 452 273 475 eum
300 440 424 475 mulier
448 440 643 486 depositum
671 450 768 474 suum
795 440 1010 484 requireret,
1059 438 1118 473 ille
1155 438 1244 472 ollas
1276 448 1351 472 cum
1381 439 1497 472 cinere
1523 438 1590 472 sibi

201 507 375 550 reddidit,
409 518 485 541 cum
512 517 593 542 vero
619 517 739 541 aurum
766 507 983 551 requireret,
1017 506 1224 539 convincere
1249 504 1344 538 illum
1370 515 1438 538 non
1465 506 1590 549 potuit,

200 575 282 619 quia
307 573 348 607 de
374 583 460 607 auro
483 577 592 608 testes
616 584 685 607 non
711 571 895 614 habuerat,
916 572 1084 622 quoniam
1109 570 1290 613 monachi,
1321 580 1439 604 coram
1465 569 1591 616 quibus

201 640 267 673 hoe
294 639 361 673 sibi
387 639 605 681 tradiderat,
640 638 688 672 nil
714 639 748 671 in
774 639 816 672 iis
843 639 910 671 nisi
936 639 1085 672 cinerem
1111 637 1294 678 viderant,
1332 641 1365 671 et
1391 638 1440 670 sic
1469 645 1589 670 aurum

201 705 370 746 obtinuit,
424 715 497 739 eum
526 715 593 749 quo
626 704 770 738 Romam
798 703 889 749 sugit
913 708 947 738 et
973 714 1035 748 per
1060 703 1146 737 illud
1173 714 1292 737 aurum
1317 705 1478 749 sequenti
1503 709 1589 739 tem-

201 781 286 815 pore
320 770 450 805 Romae
484 769 634 803 obtinuit
669 769 903 804 consulatum:
953 768 1077 803 deiude
1109 770 1145 802 in
1177 771 1357 813 imperium
1382 769 1588 804 sublimatus

200 840 264 871 est.
314 837 379 876 Qui
412 847 486 870 cum
511 837 699 870 instructus
727 839 821 869 esset
845 844 867 869 a
891 836 1043 880 pueritia
1065 835 1101 868 in
1125 838 1200 869 arte
1225 836 1363 880 magica
1390 839 1424 869 et
1451 835 1589 869 multum

200 902 267 937 sibi
293 903 471 947 placeret,
521 904 710 948 magistros
735 901 814 936 inde
840 901 1007 947 plurimos
1035 910 1150 935 secum
1174 899 1340 937 habebat.
1388 901 1451 936 Die
1475 905 1589 936 autem

201 969 363 1015 quadam,
392 970 481 1002 sieut
508 970 541 1002 in
566 968 725 1013 hystoria
749 968 930 1012 tripartita
951 966 1114 1007 habetur,
1139 976 1213 1000 cum
1245 977 1331 1011 puer
1355 966 1467 1001 adhuc
1482 971 1588 1009 esset,

201 1040 233 1070 et
258 1035 442 1070 recedente
476 1035 646 1080 magistro
685 1045 748 1068 suo
783 1033 879 1068 solus
911 1034 1138 1067 remansisset
1172 1036 1206 1067 et
1239 1032 1480 1078 adjurationes
1506 1033 1589 1067 dae-

200 1112 334 1136 monnm
366 1101 488 1147 legere
520 1101 728 1145 incepisset,
776 1104 856 1135 ante
889 1110 964 1134 eum
1001 1099 1152 1133 maxima
1178 1099 1358 1133 multitudo
1386 1099 1590 1134 daemonum

199 1169 311 1202 instar
334 1166 553 1212 Aethjopum
578 1168 757 1212 nigrorum
781 1166 933 1201 advenit.
1005 1164 1103 1200 Tunc
1132 1166 1293 1201 Julianus
1320 1165 1385 1199 hoc
1408 1165 1529 1199 videns
1556 1168 1591 1199 et

200 1237 354 1268 metuens
390 1234 526 1279 signum
561 1234 672 1267 crucis
707 1234 866 1278 protinus
900 1232 982 1266 fecit
1013 1235 1047 1266 et
1073 1233 1182 1266 omnis
1209 1232 1271 1266 illa
1297 1231 1479 1266 multitudo
1505 1230 1589 1265 dae-

199 1310 333 1333 monum
362 1300 522 1340 evanuit3
574 1300 633 1343 qui
655 1308 730 1332 cum
755 1299 925 1344 magistro
950 1308 1013 1332 suo
1036 1300 1249 1341 revertenti,
1298 1297 1381 1343 quid
1405 1297 1473 1331 sibi
1498 1298 1589 1331 acci-

199 1365 310 1407 derit,
338 1364 529 1406 retulisset,
552 1364 640 1398 dixit
666 1366 698 1399 ei
722 1365 892 1410 magister
919 1374 1021 1398 suus:
1054 1363 1119 1399 hoe
1144 1365 1281 1411 signum
1305 1365 1417 1398 crucis
1442 1364 1589 1397 maxime

199 1430 386 1466 daemones
418 1429 539 1464 odiunt
565 1434 599 1465 et
627 1432 758 1465 timent.
831 1430 1046 1465 Sublimatus
1081 1432 1190 1477 igitur
1222 1432 1257 1464 in
1281 1431 1462 1476 imperium
1485 1428 1588 1474 hujus

198 1499 248 1532 rei
275 1507 470 1532 memorans
495 1507 570 1531 cum
595 1507 658 1542 per
682 1500 792 1531 artem
816 1498 986 1542 magicam
1012 1499 1152 1542 operari
1179 1497 1304 1539 vellet,
1353 1497 1531 1541 apostavit
1555 1497 1589 1530 et

197 1565 335 1609 signum
357 1564 469 1597 crucis
504 1562 632 1607 ubique
664 1562 837 1597 destruxit
871 1573 911 1596 ae
936 1562 1163 1605 christianos,
1212 1563 1247 1596 in
1273 1567 1436 1608 quantum
1463 1563 1588 1607 potuit,

197 1632 401 1674 persecutus
427 1632 480 1663 est
506 1631 652 1673 putans,
688 1628 780 1673 quod
803 1628 906 1663 aliter
930 1629 1116 1664 daemones
1138 1628 1205 1663 sibi
1231 1630 1368 1663 minime
1393 1628 1588 1663 obedirent.

198 1694 419 1729 Descendens
444 1693 605 1729 Julianus
631 1695 664 1727 in
689 1693 881 1744 Persidam,
911 1696 1000 1729 sient
1024 1695 1155 1741 legitur
1180 1697 1214 1729 in
1242 1696 1321 1730 vitis
1343 1699 1499 1740 patrum,
1525 1696 1587 1728 mi-

198 1763 243 1795 sit
270 1760 472 1795 daemonem
504 1760 540 1793 in
575 1759 809 1802 occidentem,
861 1764 897 1794 ut
923 1760 991 1794 sibi
1024 1760 1104 1795 inde
1140 1760 1344 1805 deportaret
1370 1770 1586 1805 responsum,

197 1838 272 1861 cum
298 1830 413 1861 autem
441 1825 586 1860 daemon
621 1824 665 1859 ad
703 1826 883 1871 quemdam
918 1827 1031 1861 locum
1063 1827 1237 1868 venisset,
1284 1825 1487 1872 perdecem
1511 1825 1586 1860 dies

196 1893 323 1928 ibidem
350 1891 534 1926 immobilis
558 1894 673 1934 stetit,
702 1894 784 1937 quia
810 1892 949 1938 quidam
973 1891 1162 1927 monachus
1190 1892 1317 1928 ibidem
1343 1891 1398 1926 die
1425 1901 1465 1925 ac
1489 1895 1587 1925 noete

196 1958 342 2000 orabat,
396 1963 429 1992 et
454 1960 485 1992 ei
512 1959 587 1993 sine
619 1958 743 1992 effectu
786 1969 950 2004 regresso
978 1958 1066 1992 dixit
1087 1958 1271 1994 Julianus:
1321 1968 1429 2003 quare
1455 1961 1585 1991 tantum

195 2023 373 2059 tardasti?
423 2024 488 2063 Qui
514 2024 713 2069 respondit:
755 2025 904 2058 sustinui
930 2035 993 2070 per
1018 2024 1136 2059 decem
1165 2024 1240 2059 dies
1267 2024 1439 2070 publicum
1468 2033 1586 2058 mona-

195 2089 307 2132 chum,
334 2091 362 2123 si
391 2089 482 2124 sorte
508 2089 552 2123 ab
579 2091 738 2124 oratione
762 2094 920 2125 cessaret
940 2094 978 2125 ct
1003 2091 1154 2125 transire
1179 2101 1332 2135 possem,
1358 2100 1501 2135 cumque
1517 2100 1585 2124 non

194 2159 370 2197 cessaret,
420 2155 618 2199 prohibitus
643 2166 717 2190 sum
743 2157 893 2191 transire
918 2160 953 2190 et
978 2155 1067 2190 redii
1091 2156 1178 2190 nihil
1202 2167 1325 2201 agens.
1373 2156 1469 2190 Tunc
1495 2155 1584 2189 indi-

194 2225 321 2265 gnatus
347 2220 506 2255 ,lulianus
535 2221 644 2263 dixit,
696 2221 809 2266 quod,
848 2232 922 2255 eum
946 2221 1029 2255 illuc
1054 2223 1209 2264 veniret,
1243 2221 1427 2256 vindictam
1455 2221 1497 2256 de
1522 2221 1583 2254 illo

196 2285 362 2320 monacho
400 2286 542 2321 faceret.
618 2286 700 2321 Cum
735 2297 821 2332 ergo
856 2287 898 2321 de
935 2286 1058 2322 Persia
1090 2288 1270 2321 victoriam
1306 2288 1373 2322 sibi
1398 2288 1586 2322 daemones

195 2352 456 2395 promitterent,
508 2351 665 2396 sophista
700 2362 783 2386 suus
820 2352 905 2387 dixit
940 2353 1074 2387 cuidam
1102 2353 1313 2387 christiano:
1359 2353 1441 2399 quid
1469 2357 1582 2399 putas,

196 2428 282 2450 nunc
310 2417 391 2451 sarit
421 2416 510 2452 fabri
537 2418 654 2452 tilius?
720 2417 763 2452 Et
792 2418 869 2452 ille:
920 2418 1139 2463 sepulchrum
1165 2423 1269 2463 parat
1290 2419 1443 2455 Juliano.
1498 2418 1583 2453 Dum

196 2483 302 2525 igitur
329 2486 381 2526 (ut
407 2484 439 2517 iu
465 2483 621 2528 hystoria
647 2485 757 2518 saneti
786 2484 907 2518 Basilii
932 2484 1061 2531 legitur
1087 2484 1333 2528 etFulbertus,
1360 2485 1583 2520 carnotensis

196 2548 396 2593 episeopus,
426 2550 592 2593 testatur)
618 2549 826 2585 Caesaream
854 2549 1102 2595 Cappadociae
1121 2550 1333 2592 devenisset,
1356 2553 1497 2584 sanetus
1515 2549 1581 2583 lla,-

196 2612 294 2646 silius
323 2613 432 2647 cidem
469 2616 619 2649 occurrit
654 2619 685 2649 et
723 2619 889 2660 quattuor
922 2626 1030 2660 panes
1052 2616 1269 2651 hordeaceos
1297 2625 1359 2659 pro
1387 2625 1525 2649 munere
1551 2617 1581 2648 ei

197 2679 303 2719 misit,
334 2681 368 2711 at
394 2678 553 2714 Julianus
581 2680 781 2726 indignatus
807 2692 866 2716 eos
893 2683 1048 2727 recipere
1075 2682 1255 2716 contemsit
1281 2684 1315 2714 et
1343 2691 1406 2725 pro
1434 2679 1582 2725 panibus
