1742 3005
243 113 338 162 Cap.
374 112 524 149 CXLV.
584 114 641 150 De
673 120 804 149 sancto
837 113 1021 150 Michaele
1053 112 1293 161 archangelo.
1380 112 1458 150 (347

71 216 194 250 latriae
227 215 445 260 reliquerunt
476 226 627 250 errorem
661 219 694 250 et
721 217 883 250 continuo
910 216 1001 250 colla
1026 215 1239 250 christianae
1267 215 1346 251 fidei
1374 216 1457 251 sub-

37 281 250 333 stmiserunt.
299 280 462 316 Secunda.
494 283 640 315 victoria
672 286 745 323 est,
780 291 879 327 quam
907 281 1057 317 Michael
1092 281 1328 327 archangelus
1365 282 1458 316 obti-

70 346 164 388 nuit,
197 345 336 390 quando
370 347 575 388 draconem,
610 346 644 380 id
671 351 724 382 est
751 346 972 389 Luciferum,
999 357 1071 380 cum
1108 346 1269 381 omnibus
1296 348 1369 382 suis
1399 358 1457 382 se-

68 410 237 456 quacibus
265 410 308 446 de
332 411 429 445 coelo
458 412 600 456 expulit.
648 412 698 446 De
725 424 792 457 quo
821 413 1008 456 exponitur
1037 411 1142 452 illud,
1181 413 1274 456 quod
1308 412 1457 447 habetur

68 477 101 509 in
125 476 358 521 Apocalypsi:
392 477 516 511 factum
546 482 598 511 est
621 477 791 521 proelium
826 486 984 520 magnum
1012 477 1044 509 in
1072 476 1185 517 coelo,
1212 476 1365 511 Michael
1389 483 1452 513 ele.

69 541 150 575 Cum
181 544 269 576 enim
289 542 431 576 Lucifer
448 542 513 576 Dei
541 541 787 585 aequalitatem
807 542 1016 586 appetisset,
1046 540 1279 585 archangelus
1299 541 1452 577 Michael

65 607 230 642 coelestis
254 608 426 642 exercitus
453 606 603 651 signifer
626 606 815 640 adveniens
840 607 951 650 ipsum
970 605 1168 641 Luciferum
1195 616 1270 640 cum
1295 608 1368 641 suis
1394 618 1450 643 se-

64 672 232 717 quacibus
265 672 307 706 de
338 671 437 706 coelo
475 672 608 716 expulit
633 676 668 707 et
694 673 726 705 in
753 672 841 706 hunc
874 676 989 706 aerem
1023 672 1254 717 caliginosum
1282 683 1391 717 usque
1417 675 1451 707 in

62 737 149 770 diem
177 736 304 781 judicii
332 738 485 772 retrusit.
534 736 610 771 Non
644 739 732 772 enim
764 740 971 781 permissum
1007 741 1060 772 est
1095 739 1136 771 iis
1161 739 1195 771 in
1220 737 1319 772 coelo
1346 737 1449 773 habi-

60 806 136 837 tare
170 803 246 837 sive
281 803 315 837 in
349 804 532 847 superiore
567 806 665 847 parte
693 804 807 846 aeris,
844 804 926 848 quia
958 803 1056 837 locus
1082 803 1197 837 clarus
1224 807 1257 837 et
1282 813 1447 838 amoenus

60 870 134 910 est,
161 878 226 903 nec
248 870 284 902 in
308 873 403 903 terra
427 868 627 911 nobiscum,
662 878 705 903 ne
731 870 830 902 nimis
858 880 921 902 nos
949 868 1177 909 infestarent,
1214 867 1277 902 sed
1306 870 1339 901 in
1365 872 1448 903 aere

60 935 150 967 inter
173 933 306 968 coelum
335 937 369 969 et
394 938 522 968 terram
547 938 644 976 sunt,
670 938 719 974 ut,
747 933 824 967 dum
851 934 1014 978 superius
1041 934 1235 976 respiciunt
1263 937 1296 967 et
1329 933 1446 967 vident

58 998 228 1044 gloriam,
266 1009 366 1045 quam
394 1001 601 1041 amiserunt,
637 999 717 1033 iude
747 998 902 1033 dolorem
929 998 1093 1040 habeant,
1128 1003 1162 1032 et
1194 997 1271 1031 dum
1298 998 1444 1032 inferius

58 1066 248 1109 respiciunt
275 1069 309 1099 et
336 1065 454 1099 vident
481 1064 638 1099 homines
666 1065 746 1098 illuc
771 1064 999 1106 adscendere,
1026 1063 1117 1098 unde
1143 1065 1209 1107 ipsi
1232 1064 1442 1106 ceciderunt,

57 1129 136 1164 inde
170 1130 304 1164 invidia
337 1130 539 1175 frequenter
571 1134 814 1175 torqueantur.
861 1129 1078 1174 Frequenter
1111 1134 1224 1163 tamen
1255 1139 1296 1162 ex
1324 1129 1443 1163 divina

54 1194 316 1239 dispensatione
335 1196 379 1230 ad
399 1201 553 1230 nostrum
581 1197 781 1230 exercitium
808 1195 853 1230 ad
879 1206 943 1229 nos
968 1194 1194 1236 descendunt,
1220 1193 1324 1236 unde,
1352 1196 1442 1228 sicut

53 1260 228 1306 aliquibus
257 1263 340 1296 viris
368 1263 480 1296 sacris
507 1265 735 1296 monstratum
763 1266 827 1304 est,
856 1261 1058 1306 frequenter
1084 1262 1177 1294 circa
1202 1270 1265 1293 nos
1293 1260 1441 1293 volitant

52 1327 141 1360 sicut
157 1337 308 1362 muscae.
351 1327 625 1362 Innumerabiles
642 1329 729 1361 enim
749 1331 827 1360 sunt
847 1331 881 1361 et
908 1327 1000 1361 velut
1025 1336 1164 1360 muscae
1189 1329 1296 1359 totum
1322 1329 1437 1359 aerem

51 1391 283 1436 repleverunt.
331 1392 430 1426 Unde
456 1392 540 1426 dicit
558 1392 708 1436 Haymo:
738 1397 774 1427 ut
800 1391 1002 1437 philosophi
1025 1392 1186 1426 dixerunt
1212 1395 1246 1426 et
1271 1390 1435 1425 doctores

49 1457 162 1491 nostri
192 1458 399 1501 opinantur,
435 1461 495 1491 aer
531 1459 596 1492 iste
632 1459 680 1491 ita
715 1459 837 1502 plenus
874 1462 926 1493 est
959 1457 1187 1492 daemonibus
1213 1460 1247 1491 et
1271 1456 1434 1500 malignis

49 1522 251 1566 spiritibus,
289 1524 378 1557 sieut
404 1522 523 1556 radius
552 1523 639 1557 solis
666 1525 905 1557 minutissimis
932 1523 1148 1568 pulvisculis.
1197 1520 1296 1555 Licet
1319 1524 1433 1554 autem

47 1591 99 1622 tot
125 1589 206 1630 sint,
233 1591 348 1622 tamen
370 1589 473 1633 juxta
498 1590 702 1623 sententiam
726 1588 890 1634 Origenis
918 1599 1034 1622 eorum
1062 1588 1236 1622 exercitus
1258 1588 1432 1629 minuitur,

47 1663 121 1687 eum
149 1664 209 1688 eos
238 1654 425 1696 vincimus,
460 1655 510 1687 ita
534 1658 589 1695 ut,
622 1655 681 1699 qui
706 1654 750 1688 ab
780 1654 899 1698 aliquo
926 1658 1046 1688 sancto
1073 1655 1148 1687 viro
1177 1654 1285 1687 victus
1313 1654 1430 1695 suerit,

46 1719 212 1765 deinceps
237 1719 297 1754 ille
323 1719 366 1754 de
394 1720 490 1760 vitio,
518 1719 559 1754 de
585 1730 652 1764 quo
680 1721 790 1754 vietus
817 1724 882 1761 est,
910 1721 1022 1764 ipsum
1048 1729 1117 1752 non
1142 1718 1258 1753 valeat
1281 1723 1428 1754 tentare.

46 1785 170 1820 Tertia
195 1786 341 1820 victoria
367 1788 438 1826 est,
471 1794 572 1830 quam
606 1785 724 1831 angeli
752 1784 908 1830 quotidie
937 1784 979 1819 de
1007 1784 1234 1819 daemonibus
1261 1785 1430 1826 obtinent,

44 1850 122 1885 dum
156 1861 219 1896 pro
250 1849 353 1884 nobis
388 1854 510 1884 contra
541 1861 602 1885 eos
632 1855 830 1897 pugnantes
856 1850 900 1884 ab
934 1861 1051 1885 eorum
1077 1852 1270 1885 tentatione
1295 1861 1358 1884 nos
1387 1850 1430 1884 li-

42 1916 175 1951 berant.
225 1915 355 1951 Tribus
382 1919 496 1950 autem
526 1916 639 1950 modis
674 1916 717 1951 ab
755 1918 910 1961 ipsorum
943 1917 1135 1950 tentatione
1168 1926 1232 1950 nos
1265 1915 1427 1950 liberant.

42 1981 156 2016 Primo
181 1982 431 2026 proprietatem
459 1981 638 2016 daemonis
665 1982 899 2023 refrenando,
939 1981 1087 2026 Apoeal,
1115 1981 1182 2015 XX
1218 1981 1261 2015 de
1286 1980 1428 2026 angelo,

43 2047 102 2092 qui
146 2045 347 2079 daemonem
391 2047 518 2091 ligavit
550 2051 584 2081 et
616 2049 650 2081 in
685 2047 847 2091 abyssum
884 2048 997 2087 misit,
1038 2050 1073 2080 et
1107 2045 1245 2079 Tobiae
1280 2045 1354 2080 Vlll
1386 2045 1429 2079 de

43 2110 193 2157 dyabolo
227 2111 263 2143 in
296 2109 437 2144 deserto
472 2112 648 2154 superiori
680 2111 844 2156 religato.
892 2109 1000 2154 Hujus
1036 2111 1125 2143 enim
1151 2109 1315 2154 religatio
1342 2109 1428 2142 nihil

41 2176 138 2212 aliud
168 2179 239 2218 est,
274 2184 376 2220 quam
412 2176 598 2219 potestatis
635 2176 710 2220 ejus
738 2174 942 2210 refrenatio.
992 2173 1152 2208 Secundo
1175 2175 1427 2218 concupiscen-

40 2244 123 2277 tiam
155 2240 423 2287 resrigerando,
461 2239 555 2285 quod
588 2239 819 2286 significatum
854 2244 908 2275 est
942 2239 1068 2275 Genes.
1094 2238 1249 2281 XXXII,
1286 2240 1345 2274 ubi
1374 2240 1426 2273 di-

39 2309 140 2350 eitur,
169 2306 264 2352 quod
289 2306 436 2352 angelus
454 2307 572 2352 tetigit
586 2317 728 2342 nervum
748 2306 858 2342 Jacob
878 2310 912 2342 et
933 2307 1050 2340 statim
1074 2306 1254 2342 emarcuit.
1303 2305 1426 2340 Tertio

38 2373 238 2408 memoriam
271 2371 464 2406 dominicae
498 2373 674 2416 passionis
712 2373 842 2407 nostris
867 2372 1040 2407 mentibus
1065 2370 1305 2415 imprimenda
1355 2370 1426 2404 Hoc

38 2438 269 2485 significatum
305 2442 358 2472 est
390 2437 536 2482 Apocal.
561 2436 655 2480 VII.,
692 2437 751 2471 ubi
780 2437 927 2472 dicitur:
962 2438 1072 2473 nolite
1096 2446 1226 2471 nocere
1251 2438 1367 2470 terrae
1392 2440 1427 2469 et

39 2505 125 2539 mari
150 2513 215 2539 nec
240 2503 443 2546 arbon-ibim,
477 2513 659 2548 quousque
693 2506 758 2537 ete.
806 2502 891 2537 Item
917 2501 1047 2537 Ezech.
1076 2501 1158 2535 IX.':
1192 2502 1295 2546 sigua
1321 2500 1424 2534 Thau

37 2571 72 2604 in
97 2569 271 2604 frontibus
298 2571 447 2603 virorum
473 2569 694 2615 gementium.
730 2567 832 2602 Thau
857 2569 946 2602 enim
971 2567 1091 2600 littera
1116 2565 1158 2599 ad
1186 2565 1318 2611 moduni
1345 2576 1417 2600 cru

38 2637 88 2670 cis
123 2639 177 2670 est
208 2639 308 2677 acta,
349 2639 383 2669 et
415 2636 474 2680 qui
508 2634 574 2669 hoc
609 2634 739 2679 signati
777 2636 877 2675 suut,
910 2643 978 2666 non
1010 2632 1131 2666 timent
1154 2631 1314 2677 angelum
1343 2641 1404 2675 per

37 2710 227 2738 cussorem.
273 2699 370 2736 Unde
408 2699 533 2734 ibidem
567 2698 710 2733 dicitur:
755 2709 861 2743 super
895 2708 993 2743 quem
1028 2696 1187 2732 videritis
1221 2696 1344 2738 Thau,
1382 2707 1420 2730 nr
