1742 3005
237 129 318 170 618
377 133 472 183 Cap.
506 128 750 169 CXXXVIII.
809 130 868 167 De
897 137 1029 167 sancto
1058 127 1233 168 Johanne
1264 129 1550 178 Chrysostomo.

238 235 307 270 Alli
339 244 476 280 quoque
510 237 591 278 post
616 232 696 267 illos
734 236 769 267 et
804 241 924 266 rursus
948 232 1008 266 alil
1033 231 1199 267 destinati
1227 237 1324 277 sunt,
1365 236 1425 279 qui
1450 242 1526 268 eum
1552 232 1621 266 cito

237 299 352 334 redire
370 298 630 343 compellerent.
663 298 729 338 Qui
746 307 821 333 eum
841 296 957 333 redire
975 297 1148 333 nolentem
1164 298 1209 332 ad
1228 301 1371 343 propria
1386 301 1455 333 cito
1469 298 1622 334 reduxe-

237 369 335 407 runt,
371 363 481 398 eidem
507 375 582 398 cum
609 365 722 399 cereis
751 368 785 399 et
813 363 1034 408 lampadibus
1059 365 1224 398 universo
1250 364 1381 409 populo
1406 368 1620 399 occurrente.

235 430 314 474 lpse
349 433 463 464 autem
496 431 531 464 in
565 430 761 475 episcopali
795 429 881 464 sede
917 430 1074 464 residere
1105 429 1250 464 nolebat
1280 428 1423 471 dicens,
1459 433 1623 473 oportere

235 495 303 529 hoc
329 494 403 529 fieri
429 497 463 530 in
487 496 621 541 judit-io
648 495 810 541 synodali
838 499 872 530 et
906 505 986 537 eos,
1021 496 1080 540 qui
1113 495 1376 537 damnaverant,
1413 504 1510 529 suam
1543 504 1624 528 sen-

234 563 377 596 tentiam
411 572 589 596 revocare.
639 561 793 606 Populus
829 566 944 596 autem
979 563 1066 596 miro
1100 561 1202 596 modo
1236 560 1514 603 accendebatur,
1548 569 1624 594 eum

236 629 269 661 ln
303 627 497 672 episcopali
533 627 619 662 sede
653 627 863 662 residentem
905 627 1026 662 videre
1069 631 1104 662 et
1142 626 1251 662 verba
1291 626 1448 660 doctoris
1487 624 1625 661 audire.

234 693 435 727 Praevaluit
460 694 569 738 igitur
594 694 743 737 populus
768 697 983 739 coactusque
1016 697 1069 727 est
1102 703 1296 728 sermonem
1333 693 1453 727 facere
1488 691 1532 725 ad
1559 701 1624 735 po-

234 758 350 802 pulum
377 767 416 791 ae
443 758 476 790 in
503 768 567 791 sua
591 757 762 792 cathedra
786 758 955 793 residere.
1005 758 1225 802 Theophilus
1243 759 1350 804 igitur
1370 757 1449 792 inde
1475 757 1625 802 aufugit.

235 824 299 863 Qui
318 833 391 857 cum
409 822 622 868 Hierapolim
643 822 859 865 advenisset,
887 827 1040 857 mortuus
1063 827 1116 857 est
1135 823 1291 868 ejusdem
1308 825 1463 858 civitatis
1482 824 1622 868 episco-

233 899 299 934 pus
326 892 361 923 et
391 890 439 923 ibi
464 888 599 922 Lamon
624 890 866 922 sanctissimus
900 887 1092 922 monachus
1118 892 1173 923 est
1199 889 1343 923 electus.
1392 888 1438 922 At
1464 888 1524 923 ille
1548 898 1623 922 cum

233 954 357 989 crebro
382 953 584 999 refugeret,
623 955 653 988 ei
689 954 908 999 Theophilus
935 954 1124 997 suadebat,
1157 958 1193 989 ut
1224 965 1310 989 suae
1342 954 1507 989 electioni
1539 963 1623 987 con-

234 1030 372 1055 sensum
408 1019 607 1064 praeberet.
657 1019 755 1054 Tunc
779 1020 838 1055 ille
870 1022 1030 1065 promisit
1055 1021 1192 1055 dicens:
1226 1031 1323 1063 cras,
1359 1020 1452 1066 quod
1484 1019 1623 1054 domino

233 1086 359 1130 placet,
386 1085 599 1129 implebitur.
644 1086 807 1121 Crastina
827 1098 912 1133 ergo
930 1087 986 1122 die
1006 1088 1184 1122 venientes
1202 1088 1244 1122 ad
1263 1088 1386 1122 cellam
1409 1097 1506 1122 suam
1533 1096 1622 1126 eum,

232 1156 269 1186 ut
287 1152 527 1196 episcopatum
547 1153 754 1196 susciperet,
772 1154 946 1187 instanter
964 1153 1157 1199 1·0gabant;
1184 1155 1243 1199 qui
1261 1155 1328 1188 ait:
1355 1164 1493 1188 oremus
1512 1153 1623 1197 primo

234 1216 278 1251 ad
292 1216 477 1250 dominum.
528 1217 605 1260 Qui,
632 1217 708 1252 dum
727 1223 858 1262 oraret,
885 1230 965 1254 mox
985 1230 1058 1254 cum
1077 1220 1139 1254 illa
1156 1221 1316 1255 oratione
1332 1221 1511 1254 terminum
1531 1220 1623 1253 vitae

233 1284 400 1329 suscepit.
446 1282 625 1319 ,Iohannes
652 1286 771 1331 itaque
796 1285 977 1320 doctrinae
1010 1286 1155 1321 sedulae
1189 1286 1386 1323 insistebat.
1433 1284 1482 1319 Eo
1508 1288 1621 1319 autem

233 1357 389 1398 tempore
424 1355 542 1386 statua
573 1356 746 1398 argentea
778 1351 962 1397 chlamyde
997 1353 1257 1386 circumamicta
1297 1353 1332 1385 in
1370 1351 1489 1396 platea
1518 1351 1623 1395 juxta

232 1420 417 1454 ecclesiam
448 1422 591 1453 sanctae
618 1417 773 1463 Sophiae
808 1417 852 1452 ad
878 1418 1044 1452 honorem
1069 1416 1251 1452 Eudoxiae
1282 1417 1466 1462 Augustae
1491 1417 1623 1450 consti-

231 1490 308 1520 tuta
333 1489 420 1528 erat,
447 1485 505 1519 ubi
531 1485 658 1519 milites
685 1486 911 1529 et'proceres
938 1484 1040 1519 ludos
1068 1484 1229 1529 publicos
1252 1482 1473 1518 exercebant.
1522 1481 1622 1521 Quod

233 1550 372 1596 quidem
397 1550 546 1585 Johanni
575 1550 755 1595 plurimum
783 1550 1005 1595 displicebat,
1033 1560 1107 1584 cum
1134 1550 1270 1584 videret
1294 1548 1361 1583 hec
1386 1548 1429 1583 ad
1448 1548 1622 1584 ecclesiae

232 1620 393 1660 spectare
427 1616 602 1661 injuriam.
663 1616 838 1651 Consueta
880 1618 989 1662 igitur
1021 1616 1150 1650 fiducia
1180 1626 1302 1650 rursus
1335 1615 1489 1660 linguam
1524 1623 1620 1648 suam

232 1683 402 1724 armavit,
432 1686 465 1716 et
489 1692 563 1716 cum
589 1686 770 1726 oporteret
796 1684 971 1727 principes
997 1682 1268 1727 supplicationis
1295 1681 1403 1716 verbo
1422 1680 1620 1721 deflectere,

233 1752 270 1782 ut
303 1758 324 1782 a
358 1747 422 1782 tali
455 1747 538 1782 ludo
574 1747 797 1790 recederent,
833 1747 898 1781 hoc
933 1759 1002 1781 non
1036 1748 1143 1789 fecit,
1179 1748 1242 1783 sed
1280 1749 1412 1792 impetu
1447 1747 1502 1781 sui
1536 1755 1620 1779 usus

233 1814 364 1860 eloquii
380 1814 545 1859 jubentes
559 1813 730 1848 lici-italia
748 1812 1024 1855 ¹)malediccbat.
1045 1813 1207 1857 Augusta
1218 1824 1300 1847 vero
1320 1822 1441 1847 rursus
1460 1811 1505 1845 ad
1522 1820 1619 1845 suam

232 1879 300 1914 hoc
325 1879 491 1914 trahebat
516 1880 677 1925 injuriam
707 1882 740 1913 et
765 1879 877 1913 denuo
902 1878 1101 1921 laborabat,
1127 1882 1164 1912 ut
1187 1878 1355 1912 adversus
1375 1887 1450 1912 eum
1466 1875 1619 1921 synodus

231 1946 354 1979 iterum
380 1944 627 1979 celebraretur.
677 1944 747 1979 Iloc
773 1946 927 1980 sentiens
952 1944 1130 1980 Johannes
1157 1943 1251 1977 illam
1285 1943 1552 1977 famosissimam
1584 1943 1620 1975 in

232 2010 415 2045 ecclesiam
452 2011 597 2054 protulit
629 2010 827 2052 homiliam,
867 2009 967 2054 eujus
1009 2010 1141 2044 initium
1177 2013 1250 2044 est:
1291 2019 1412 2043 rursus
1446 2006 1619 2042 Ilerodias

232 2076 389 2118 vesanit,
428 2086 550 2109 rursus
584 2075 765 2116 turbatur,
810 2075 923 2110 denuo
968 2079 1072 2120 caput
1113 2074 1284 2110 Johannis
1327 2075 1404 2115 2)111
1449 2074 1619 2107 messorio

234 2142 451 2186 concupiscit
484 2142 659 2186 accipere.
718 2140 818 2181 Quod
853 2140 981 2175 sactum
1013 2140 1057 2175 ad
1097 2140 1312 2175 iracundiam
1353 2140 1432 2185 plus
1465 2141 1622 2174 incitavit

231 2206 437 2252 Augustam.
486 2206 572 2241 Dum
598 2211 712 2241 autem
740 2206 878 2252 quidam
903 2207 1097 2243 Johannem
1124 2206 1228 2241 vellet
1251 2206 1423 2249 occidere,
1449 2216 1470 2240 a
1490 2205 1620 2251 populo

232 2276 287 2307 est
314 2272 585 2316 comprehensus
612 2277 646 2307 et
672 2272 715 2307 ad
737 2272 963 2318 judicandum
988 2272 1159 2315 traditus,
1195 2271 1259 2306 sed
1292 2281 1313 2306 a
1345 2271 1543 2317 praelecto,
1577 2281 1620 2306 ne

232 2337 462 2380 occideretur,
489 2342 651 2382 arreptus
668 2343 735 2375 est.
783 2337 928 2377 Quidam
948 2339 1050 2372 etiam
1076 2347 1199 2372 servus
1224 2337 1406 2383 cujusdam
1433 2337 1620 2382 presbiteri

232 2405 266 2437 in
298 2414 372 2437 euin
406 2404 569 2448 impetum
602 2403 735 2437 faciens
768 2405 880 2448 ipsum
914 2403 1076 2438 occidere
1108 2403 1248 2437 molitus
1283 2408 1347 2438 est.
1398 2403 1462 2443 Qui
1496 2402 1575 2436 dum
1599 2411 1620 2436 a

232 2468 382 2513 quodam
406 2473 603 2511 teneretur,
640 2470 772 2514 ipsum,
810 2470 868 2515 qui
894 2468 1048 2511 tenebat,
1075 2473 1108 2504 et
1133 2470 1238 2503 alium
1266 2468 1463 2503 adstantem
1491 2471 1524 2502 et
1547 2471 1619 2502 ter-

231 2535 314 2566 tium
340 2535 526 2578 percussit.
574 2534 671 2569 Tunc
700 2534 852 2569 elamore
879 2534 971 2569 sacto
1000 2535 1116 2569 multis
1140 2534 1427 2569 concurrentibus
1452 2533 1618 2577 plurimos

233 2598 416 2633 interfecit.
467 2598 516 2633 lix
551 2600 610 2633 illo
644 2603 802 2645 tempore
836 2600 985 2646 populus
1025 2600 1219 2636 Johannem
1258 2597 1498 2639 custodiebat,
1542 2598 1618 2641 ejus

302 2740 329 2769 1)
350 2738 400 2766 lid.
421 2742 463 2765 rr.
485 2739 695 2768 lacerabat.
763 2742 792 2773 2)
811 2743 879 2768 Rec.
900 2740 966 2768 loco
986 2747 1125 2775 praepos.
1145 2738 1180 2764 in
1201 2735 1382 2764 substituunt
1404 2736 1508 2771 partic„
1527 2744 1572 2763 no
1587 2745 1618 2763 11.
