1742 3005
201 81 251 119 72
536 82 631 132 Cap.
662 81 749 118 ΧΠ.
809 81 868 118 De
898 88 1028 117 sancto
1059 80 1257 118 Silvestre.

201 188 331 227 vietus,
375 188 484 220 vietor
513 186 600 220 enim
626 189 705 229 post
732 186 907 219 victoriam
936 186 1102 226 vlncitur,
1143 186 1171 218 si
1200 186 1312 230 pietas
1341 183 1384 218 ab
1411 185 1591 228 impietate

200 256 395 296 superatur.
431 250 555 286 Vincat
581 260 667 295 ergo
694 251 808 294 pietas
834 250 866 282 in
892 251 960 283 isto
985 259 1188 295 congressu.
1223 250 1316 285 Bene
1336 251 1426 285 enim
1442 250 1589 283 omnium

200 317 481 351 adversariorum
506 315 696 359 poterimus
721 324 800 348 esse
827 315 998 356 victores,
1050 315 1079 348 si
1116 315 1194 349 sola
1225 317 1356 360 pietate
1402 316 1590 349 vincamus.

201 382 356 416 Omnium
382 382 471 415 enim
498 390 536 415 se
564 390 643 414 esse
667 379 839 414 dominum
865 379 1082 424 comprobat,
1110 381 1166 424 qui
1193 390 1330 414 servum
1355 391 1393 415 se
1421 384 1593 414 monstra·

204 448 290 480 verit
315 447 468 491 pietatis.
494 446 623 482 Melius
651 449 705 481 est
730 455 816 491 ergo
842 455 895 480 me
922 446 1009 478 mori
1034 445 1135 479 salva
1161 447 1231 479 vita
1245 447 1475 481 innocentium
1489 456 1591 490 quam

203 522 266 556 per
291 515 408 547 eo'rum
433 513 608 546 interitum
632 512 737 545 vitam
762 520 971 555 recuperare
995 510 1167 546 crudelem
1183 539 1191 554 ‚
1227 521 1329 557 quain
1352 515 1468 546 tamen
1494 522 1593 546 recu-

204 587 330 622 perare
354 578 519 612 incertum
545 582 619 619 est,
672 588 745 612 cum
776 582 890 611 tamen
923 580 1053 611 eertum
1079 577 1142 619 sit,
1193 576 1286 621 quod
1311 579 1361 612 sic
1387 584 1597 623 recuperata

204 642 355 677 criulelis
384 647 448 678 est.
483 643 595 679 Jussit
616 645 736 690 igitur,
764 647 799 677 ut
824 641 992 676 matribus
1013 643 1067 676 sui
1090 643 1189 687 pueri
1208 641 1436 677 redderentur
1452 647 1486 678 et
1505 643 1597 677 dona

206 707 356 752 plurima
381 713 415 744 et
440 709 572 743 infinita
598 708 757 743 vehicula
775 707 1039 753 praeberentur,
1065 708 1184 752 sicque
1202 712 1343 751 matres,
1373 719 1463 754 quae
1480 709 1595 744 flendo

210 777 386 816 venerant,
413 773 457 807 ad
482 774 561 808 loca
585 783 648 808 sua
672 784 746 808 cum
768 773 898 819 gaudio
924 772 1115 807 redierunt.
1162 772 1240 817 Ipse
1266 778 1381 808 autem
1408 776 1600 818 imperator

209 837 252 871 ad
284 838 453 883 palatium
488 850 585 874 suum
622 849 785 874 reversus
820 843 884 874 est.
959 838 1136 884 Sequenti
1163 848 1245 872 vero
1280 843 1381 873 noete
1415 839 1539 874 Petrus
1565 844 1598 875 et

209 903 337 938 Paulus
371 909 609 949 apparuerunt
649 905 680 940 ei
714 904 887 940 dicentes:
938 906 1101 950 quoniam
1145 903 1357 939 exhorruisti
1397 905 1600 940 effusionem

210 971 394 1014 sanguinis
427 972 642 1013 innocentis,
695 972 789 1004 misit
822 981 885 1006 nos
921 969 1078 1004 dominus
1113 970 1216 1005 Jesus
1243 970 1401 1005 Christus
1427 971 1511 1006 dare
1537 970 1601 1005 tihi

210 1035 471 1080 recuperandae
496 1036 677 1071 consilium
703 1038 877 1071 sanitatis.
927 1035 1132 1070 Silvestrum
1159 1037 1267 1081 igitur
1298 1038 1512 1082 episcopum,
1544 1039 1601 1082 qui

211 1100 305 1145 apud
331 1105 479 1136 montem
504 1102 669 1147 Siraptim
697 1102 834 1144 latitat,
869 1111 1029 1136 accerse:
1065 1100 1119 1135 hie
1143 1101 1206 1135 tibi
1233 1103 1400 1146 piscinam
1427 1103 1601 1146 ostendet,

213 1168 246 1199 in
274 1177 343 1212 qua
367 1169 546 1203 immersus
572 1170 676 1203 tertio
702 1167 745 1202 ab
771 1169 862 1202 omni
887 1166 1067 1201 curaberis
1092 1167 1211 1212 leprae
1244 1167 1376 1203 morbo.
1434 1167 1489 1203 Tu
1521 1179 1604 1204 vero

215 1232 354 1266 Christo
389 1232 478 1268 hanc
510 1234 783 1268 vicissitudinem
820 1233 968 1274 reddas,
1018 1236 1054 1266 ut
1086 1232 1270 1278 ydolorum
1304 1234 1435 1279 templa
1469 1234 1602 1277 diruas,

215 1297 345 1332 Christi
378 1303 555 1334 restaures
591 1299 758 1334 ecclesias
784 1302 819 1334 et
845 1299 921 1343 ejus
947 1297 1111 1342 deinceps
1137 1298 1249 1332 cultor
1274 1299 1350 1335 fias.
1418 1299 1604 1347 Evigilans

216 1364 323 1408 igitur
347 1364 595 1400 Constantinus
620 1366 737 1399 statim
764 1363 890 1398 milites
917 1364 1010 1397 misit
1036 1363 1080 1397 ad
1107 1363 1326 1399 Silvestrum.
1385 1365 1516 1401 Videns
1543 1376 1606 1400 au-

215 1433 283 1464 tem
319 1429 491 1466 Silvester
523 1430 648 1465 milites
674 1431 791 1464 statim
816 1429 860 1464 ad
887 1429 1037 1475 palmam
1066 1431 1212 1463 martirii
1237 1430 1385 1465 credidit
1411 1442 1449 1466 se
1474 1433 1606 1474 vocari,

217 1495 289 1530 Deo
322 1500 435 1530 autem
462 1497 505 1532 ‘se
543 1496 824 1532 recommendans
859 1499 893 1531 et
919 1497 1034 1530 socios
1069 1506 1183 1530 seeum
1209 1496 1399 1532 adhortans
1435 1497 1607 1532 Constan-

219 1562 289 1593 tino
316 1561 509 1610 intrepidus
536 1566 793 1607 praesentatur.
843 1562 905 1596 Cui
933 1561 1180 1595 Constantinus
1207 1563 1274 1596 ait:
1299 1561 1389 1597 bene
1414 1567 1448 1598 te
1467 1565 1607 1599 venisse

217 1626 452 1672 gratulamur;
505 1629 562 1672 qui
599 1637 619 1661 a
646 1627 817 1661 Silvestre
850 1626 1062 1661 resalutatus
1097 1629 1255 1661 narravit
1289 1629 1321 1662 ei
1355 1639 1418 1674 per
1453 1629 1608 1664 ordinem

219 1693 272 1725 sui
299 1693 423 1726 somnii
448 1694 628 1727 visionem.
677 1691 918 1727 percunctanti
946 1703 1028 1727 vero
1056 1693 1300 1735 Constantino,
1329 1696 1387 1739 qui
1413 1699 1531 1729 essent
1557 1695 1607 1729 illi

220 1757 288 1791 duo
312 1758 380 1799 Dii,
409 1761 464 1804 qui
492 1758 559 1793 sibi
585 1762 836 1803 apparuerunt,
864 1758 1034 1793 Silvester
1061 1759 1255 1803 respondit,
1281 1760 1360 1794 illos
1385 1770 1463 1795 esse
1480 1760 1609 1795 Christi

219 1825 402 1868 apostolos
428 1829 462 1859 et
485 1835 553 1858 non
576 1824 681 1859 Deos.
730 1823 827 1858 Tune
854 1824 898 1858 ad
923 1834 1046 1869 preces
1072 1825 1294 1868 imperatoris
1324 1825 1495 1860 Silvester
1520 1836 1606 1871 apo—

220 1890 388 1924 stolorum
412 1892 593 1936 ymagines
629 1889 697 1924 sibi
717 1891 825 1935 jussit
853 1890 989 1925 afferri:
1042 1900 1128 1935 quas
1166 1894 1201 1923 ut
1235 1892 1425 1935 imperator
1459 1893 1610 1936 aspexit,

222 1955 312 1990 tales
339 1967 436 1998 esse,
477 1957 534 2002 qui
560 1955 626 1989 sibi
653 1960 904 2000 apparuerunt,
929 1955 1148 1990 exclamarit.
1206 1956 1378 1991 silvester
1403 1958 1509 2003 igitur
1536 1968 1611 1991 eum

222 2021 493 2056 catechumenon
527 2022 609 2057 set-it
641 2026 674 2057 et
706 2023 805 2056 tinius
841 2020 1083 2057 hebdomadae
1122 2021 1189 2055 sihi
1220 2024 1391 2068 jejunium
1427 2022 1551 2056 indixit
1578 2026 1613 2057 et

223 2097 382 2123 carceres
407 2090 545 2133 aperire
570 2090 711 2121 monuit.
764 2089 916 2133 Cumque
943 2089 975 2120 in
1002 2098 1127 2132 aquam
1154 2087 1393 2123 descendisset
1418 2088 1611 2134 baptisma-

224 2155 281 2195 tis,
309 2153 478 2188 mirabilis
503 2154 548 2188 ibi
578 2155 715 2188 emicuit
740 2153 908 2198 splendor
932 2153 1039 2193 lucis,
1082 2154 1201 2197 sicque
1228 2154 1305 2188 inde
1334 2154 1478 2187 mundus
1506 2155 1615 2188 exivit

224 2224 258 2253 ct
283 2219 455 2253 Christum
481 2230 517 2253 se
543 2220 672 2253 vidisse
698 2221 846 2263 aperuit.
923 2218 1036 2253 Prima
1070 2222 1183 2251 autem
1219 2218 1273 2252 die
1307 2221 1359 2252 sui
1394 2219 1615 2263 baptismatis

227 2284 314 2318 hanc
338 2285 451 2328 legem
480 2285 586 2325 dedit,
616 2290 652 2318 ut
678 2284 836 2318 Christus
867 2286 897 2317 in
926 2283 1008 2317 urhe
1036 2283 1189 2317 Romana
1212 2287 1382 2329 tamquam
1401 2295 1502 2319 verus
1524 2285 1616 2319 Deus

225 2350 409 2384 coleretur.
460 2350 643 2390 Secunda,
690 2354 724 2383 ut
749 2351 777 2383 si
808 2351 883 2394 quis
911 2349 1082 2383 Christum
1109 2349 1390 2396 blasphemaret,
1427 2351 1616 2394 puriiretur⁴

228 2415 349 2449 'l'ertia
375 2420 410 2449 ut
435 2417 628 2461 (prii-unque
656 2415 855 2449 Christiano
886 2416 1024 2449 set-isset
1051 2416 1231 2459 injuriam,
1284 2416 1450 2451 bonorum
1479 2427 1616 2450 suorum

228 2485 326 2524 parte
354 2481 496 2515 dimidia
522 2483 734 2527 privaretur.
809 2482 959 2522 Quarta,
1013 2484 1047 2514 ut
1079 2482 1167 2515 sicut
1199 2484 1390 2527 imperator
1415 2482 1543 2517 Romae
1569 2483 1617 2515 sie

230 2545 401 2580 Romanus
436 2548 593 2591 pontifex
628 2552 730 2592 eaput
760 2547 803 2581 ab
831 2548 1003 2581 imiversis
1033 2548 1210 2592 episeopis
1237 2548 1419 2583 habeatne·
1491 2548 1618 2586 Quinta

228 2615 263 2643 ut
289 2613 482 2656 quicunque
511 2614 542 2645 in
571 2614 738 2647 ecelesias
766 2613 984 2658 confugerit,
1038 2612 1081 2646 ab
1114 2613 1271 2647 omnibus
1300 2617 1457 2648 scrutur
1485 2614 1620 2657 injuriis

226 2678 396 2711 immunis.
469 2678 597 2720 Sexta,
634 2683 667 2712 ut
695 2679 809 2713 nullus
835 2680 901 2713 nisi
932 2678 974 2713 de
1000 2679 1141 2714 lieentia
1166 2681 1218 2714 sui
1246 2680 1413 2713 antistitis
1441 2679 1622 2714 ecelesiam
