1742 3005
429 71 526 121 Cap.
559 70 707 109 CLXII.
755 71 815 110 Do
843 70 1018 109 omnibus
1050 70 1204 109 sanctis.
1431 69 1509 110 727

127 176 229 212 nobis
256 176 394 211 inslmul
422 177 660 219 intercedant,
700 179 735 212 ut
770 177 821 211 sle
847 175 910 210 Dei
935 173 1212 209 misericordiam
1238 173 1376 209 facilius
1404 174 1512 218 impc-

125 246 267 278 tremus.
316 241 355 277 Si
383 244 472 278 enim
505 242 723 287 impossihile
750 245 824 283 est,
862 240 1045 275 multorum
1079 250 1203 284 preces
1239 249 1306 274 nou
1340 238 1512 281 exaudiri,

122 311 277 349 constat,
313 309 395 354 quia
427 308 647 353 impossibile
683 307 785 343 valde
810 308 893 347 erit,
927 306 1075 339 onmium
1100 309 1295 340 sanctorum
1322 315 1384 349 pro
1410 303 1512 340 nobis

122 374 292 406 orantium
319 384 442 418 preces
472 385 538 408 uon
568 373 737 408 exaudiri.
786 371 879 406 Haec
896 372 985 406 ratio
1009 372 1041 404 in
1062 372 1222 404 oratione
1241 372 1408 416 tangitur,
1436 381 1511 405 cum

121 437 268 472 dicitur:
297 438 534 473 desideratam
560 438 661 472 nobis
698 441 779 471 tuac
815 436 1076 480 propitiationis
1112 434 1360 469 abundantiam
1393 436 1509 470 multi-

121 503 259 548 plicatis
280 503 576 539 intercessoribus
600 502 779 547 largiaris.
828 499 1050 534 Intercedunt
1075 502 1163 534 enim
1179 502 1293 534 sancti
1318 512 1381 545 pro
1407 500 1508 535 nobis

120 570 242 604 merito
289 573 323 604 et
366 569 514 609 affectu3
565 568 710 607 merito,
759 565 837 599 dum
889 565 992 599 nobis
1040 576 1157 600 eorum
1207 567 1331 600 merita
1373 565 1506 600 suffra-

119 638 266 680 gantur,
302 633 448 673 affectu,
485 631 563 665 dum
597 635 679 665 vota
703 635 826 665 nostra
854 632 998 675 cupiunt
1022 630 1227 676 adimpleri,
1264 630 1357 677 quod
1390 635 1507 666 tamen

118 709 186 733 non
221 698 372 739 faciunt,
414 698 481 730 nisi
523 696 735 732 voluntatem
779 696 841 732 Dei
877 698 1038 731 noverint
1077 685 1346 741 adimplendam.
1405 697 1505 737 Quod

117 768 230 798 autem
255 765 290 797 in
316 762 380 797 bac
406 761 463 797 die
492 772 610 796 omnes
637 763 749 796 sancti
776 762 818 796 ad
848 761 1129 797 intercedendum
1164 762 1415 797 universaliter
1440 773 1503 807 pro

115 828 217 863 nobis
235 830 455 867 conveniant,
468 827 665 862 ostenditur
682 828 715 861 in
733 827 882 873 quadam
901 829 1048 869 visione,
1072 837 1162 872 quae
1178 830 1337 873 sequenti
1356 837 1445 862 anno
1458 828 1502 862 ab

115 893 221 940 hujus
254 894 498 928 sollemnitatis
532 895 750 928 institutione
784 894 977 938 contigisse
1012 898 1185 930 narratur.
1235 895 1316 928 Cum
1355 895 1442 927 enim
1469 895 1503 927 in

114 958 182 994 liae
215 959 271 994 die
305 963 423 993 custos
460 959 633 994 ccclesiae
666 959 778 992 sancti
814 957 907 993 Petri
943 969 984 992 ex
1018 958 1203 993 devotione
1234 960 1349 993 onmia
1375 959 1503 994 altaria

113 1026 297 1061 circuisset
322 1028 357 1060 et
381 1026 528 1059 omnium
561 1028 759 1058 sauctorum
793 1023 964 1070 suffragia
990 1025 1213 1070 implorasset
1238 1030 1270 1059 et
1298 1024 1430 1059 demum
1456 1024 1500 1059 ad

114 1090 226 1125 altare
249 1091 363 1125 sancti
387 1089 481 1124 Petri
508 1089 692 1131 rediisset,
725 1089 772 1123 ibi
801 1089 976 1134 paululum
1004 1091 1228 1136 requiescens
1254 1094 1354 1124 extra
1379 1101 1418 1125 se
1445 1101 1497 1125 ra-

112 1157 207 1201 pitur
239 1159 274 1190 et
304 1165 385 1190 ecce
421 1154 509 1190 vidit
540 1166 656 1201 regem
696 1166 817 1201 regum
851 1156 886 1188 in
910 1155 1051 1189 sublimi
1074 1156 1165 1190 solio
1192 1157 1439 1190 consistentem
1467 1161 1501 1191 et

112 1231 232 1257 omnes
254 1220 404 1267 angelos
430 1222 463 1254 in
491 1221 566 1265 ejus
591 1222 736 1255 circuitu
760 1225 1026 1255 commorantes.
1075 1220 1176 1256 Tunc
1202 1223 1302 1268 virgo
1329 1223 1498 1268 virginum

111 1287 147 1322 in
178 1286 384 1332 dyademate
417 1286 656 1332 praefulgenti
690 1286 850 1329 advenit,
888 1297 988 1332 quam
1020 1287 1282 1322 innumerabilis
1315 1286 1498 1321 multitudo

112 1352 283 1398 virginum
314 1355 348 1386 et
374 1353 621 1386 continentium
647 1352 872 1396 sequebatur.
921 1352 1005 1387 Huic
1032 1364 1093 1387 rex
1119 1354 1278 1398 protinus
1303 1354 1499 1387 assurrexit

110 1420 146 1452 ct
177 1418 294 1462 posito
326 1416 417 1452 solio
448 1417 551 1462 juxta
585 1427 623 1452 se
654 1417 780 1453 sedere
817 1418 908 1453 fecit.
958 1418 1044 1453 Post
1074 1417 1143 1452 hoc
1178 1418 1322 1453 advenit
1357 1418 1496 1463 quidam

111 1483 256 1518 vestitus
289 1481 332 1516 de
362 1481 444 1526 pilis
477 1482 705 1523 camelorum,
748 1494 846 1529 quem
889 1483 1102 1529 sequebatur
1134 1484 1318 1518 multitudo
1351 1494 1495 1519 venera-

108 1548 228 1583 bilium
253 1549 455 1590 seniorum3
482 1547 609 1583 deinde
637 1548 780 1583 advenit
806 1553 841 1583 et
865 1548 955 1582 alius
981 1548 1172 1594 pontificali
1197 1549 1319 1584 habitu
1349 1549 1494 1584 decora-

106 1617 184 1656 tus,
211 1624 311 1659 quem
337 1614 533 1659 aliquorum
558 1613 687 1648 chorus
712 1616 746 1649 in
773 1614 894 1649 habitu
921 1614 1094 1648 consimili
1120 1614 1345 1660 sequebatur,
1370 1620 1496 1660 postea

108 1690 192 1714 vero
217 1680 392 1724 processit
416 1679 678 1715 innumerabilis
704 1679 888 1714 multitudo
921 1680 1076 1714 militum.
1125 1679 1209 1714 Post
1238 1691 1324 1725 quos
1351 1681 1495 1716 advenit

107 1744 213 1780 turba
235 1744 451 1779 diversarum
477 1747 631 1791 gentium
657 1744 802 1780 infinita.
852 1745 980 1780 Omnes
1005 1747 1114 1792 igitur
1138 1750 1218 1781 ante
1245 1748 1339 1792 regis
1368 1746 1493 1781 solium

107 1810 322 1846 advenerunt
354 1814 390 1845 et
422 1811 533 1855 ipsum
566 1810 668 1846 flexis
703 1810 853 1857 genibus
884 1811 1087 1846 adorarunt.
1136 1810 1169 1845 Is
1205 1816 1339 1855 autem,
1375 1813 1494 1858 quiin

107 1874 300 1921 pontificali
323 1875 445 1910 habitu
468 1879 564 1919 erat,
590 1878 777 1911 matutinas
804 1878 955 1912 caeteris
982 1878 1277 1924 prosequentibus
1304 1877 1492 1919 inchoarit,

107 1941 255 1985 angelus
279 1946 415 1983 autem,
450 1943 508 1987 qui
534 1942 748 1987 praedictum
773 1942 954 1978 custodem
983 1943 1152 1986 ducebat,
1186 1943 1297 1978 eidem
1324 1945 1492 1979 visionem

109 2008 290 2050 exposuit,
314 2017 477 2042 asserens
504 2009 672 2054 virginem
699 2009 733 2042 in
758 2010 871 2053 prima
895 2010 970 2044 acie
992 2013 1133 2043 matrem
1159 2009 1225 2044 Dei
1253 2020 1351 2052 csse,
1385 2011 1493 2044 vesti-

106 2074 177 2104 tum
202 2070 244 2105 de
271 2071 354 2115 pilis
380 2072 588 2106 camelorum
612 2072 805 2108 ,Iohannem
831 2072 1020 2117 baptistam
1053 2083 1128 2107 cum
1154 2074 1366 2117 patriarchis
1393 2074 1494 2108 simul

107 2139 143 2170 et
160 2135 354 2180 prophetis,
371 2136 562 2181 pontificali
579 2141 736 2171 ornatum
753 2136 875 2171 habitu
892 2137 1029 2172 Petrum
1047 2148 1121 2171 cum
1138 2139 1289 2172 caeteris
1305 2138 1492 2182 apostoliS,

106 2201 235 2236 milites
270 2202 452 2244 martires,
494 2202 630 2237 turbam
664 2202 834 2248 reliquam
867 2202 1103 2239 consessores,
1153 2204 1219 2244 Qui
1256 2203 1336 2238 ideo
1373 2214 1492 2238 omnes

89 2266 186 2301 'ante
212 2277 331 2313 regem
358 2271 544 2309 venerant,
570 2271 608 2301 ut
633 2279 696 2312 pro
722 2268 857 2303 honore
883 2268 950 2302 sibi
974 2268 1041 2303 hac
1069 2268 1124 2303 die
1151 2279 1172 2303 a
1196 2268 1404 2303 mortalibus
1430 2280 1491 2304 ex-

105 2331 217 2366 hibito
254 2334 391 2377 gratias
426 2337 575 2379 agerent
609 2338 644 2368 et
676 2345 739 2378 pro
773 2335 860 2368 orbe
886 2336 1050 2369 universo
1087 2339 1239 2370 orarent.
1288 2334 1422 2369 Deinde
1447 2334 1492 2368 ad

105 2397 216 2432 locum
255 2396 359 2431 alium
401 2399 512 2442 ipsum
554 2398 654 2433 duxit
689 2404 722 2434 et
756 2401 938 2445 utriusque
971 2411 1075 2436 sexus
1107 2400 1287 2442 homines,
1329 2399 1420 2433 alios
1458 2400 1492 2433 iu

104 2464 226 2497 stratis
261 2463 398 2503 aureis,
430 2463 521 2496 alios
556 2464 590 2497 in
625 2466 755 2499 mensis
788 2465 984 2515 gaudentes
1021 2465 1170 2500 diversis
1207 2464 1365 2506 deliciis,
1402 2464 1492 2500 alios

103 2527 217 2562 nudos
249 2531 284 2562 et
316 2528 439 2572 inopes
473 2528 637 2562 auxilium
663 2529 902 2564 mendicantes
927 2532 1091 2564 ostendit.
1141 2530 1237 2564 Dixit
1261 2533 1375 2564 autem
1401 2529 1491 2565 hunc

106 2592 214 2626 locum
244 2593 485 2638 purgatorium
515 2603 605 2633 esse,
633 2593 851 2629 abundantes
873 2605 953 2629 vero
979 2596 1113 2628 animas
1137 2594 1218 2629 illas
1248 2605 1340 2637 esse,
1366 2595 1492 2641 quibus

106 2657 148 2691 ab
174 2659 294 2693 amicis
320 2668 383 2702 per
410 2658 514 2692 multa
541 2658 711 2704 suffragia
737 2660 879 2704 copiose
907 2659 1200 2695 subveniebatur.
1239 2665 1382 2707 egentes
1408 2672 1490 2696 vcro
