1742 3005
257 50 337 91 352
368 52 464 104 Cap.
488 51 697 92 LXXXIII.
729 53 787 93 De
809 60 938 92 sancto
960 54 1117 99 Quirico
1140 62 1178 93 et
1197 55 1314 94 Julita
1332 55 1416 107 ejus
1437 65 1571 95 matre.

256 157 469 199 bellat10ue,
505 156 571 191 Dei
603 155 717 192 sedile
750 167 792 193 ex
820 157 885 193 Dei
911 158 1141 195 habitatione.
1189 159 1281 196 Haec
1309 161 1399 195 enim
1432 163 1468 195 In
1493 172 1534 196 eo
1560 171 1642 207 gra-

254 225 305 257 tia
336 222 532 267 supplevit,
568 231 657 266 quae
691 226 790 258 aetas
827 225 980 269 negavit.
1026 223 1136 259 Julita
1165 225 1293 270 Juvans
1326 228 1421 270 vita,
1458 228 1540 272 quia
1573 228 1644 261 vita

257 287 432 333 spirituali
458 288 545 322 vixit
569 291 603 322 et
630 298 693 332 per
716 287 808 323 hauc
832 289 949 323 multis
972 289 1116 334 profuit.

346 353 508 393 Quiricus
535 353 599 388 suit
625 354 715 389 iilius
739 355 870 390 Julitae
894 355 1156 390 illustrissimae
1181 358 1359 390 matronae
1383 354 1527 399 Yconii‚
1555 367 1645 402 quae

255 421 532 464 persecutionem
564 419 742 455 declinare
776 421 898 456 volens
931 422 966 455 iu
991 421 1142 456 Tarsum
1175 420 1322 456 Ciliciae
1348 431 1422 455 eum
1447 432 1554 465 puero
1581 433 1644 457 suo

257 486 395 525 Quirico
411 513 418 527 ‚
445 487 504 531 qui
531 490 608 520 erat
631 487 734 521 trium
757 496 943 529 annorum,
971 488 1075 529 venit,
1104 485 1168 521 sed
1188 489 1303 520 tamen
1318 486 1520 521 Alexandro
1542 498 1645 532 prae-

254 551 322 585 sidi
351 555 598 596 praesentatur
622 553 655 586 iu
682 551 774 586 ulni's
799 553 872 586 suis
898 563 1040 596 puerum
1067 556 1233 598 gestans,
1261 551 1353 597 quod
1380 551 1471 586 duae
1495 551 1647 588 famulae

255 627 340 651 suae
365 617 523 652 videntes
549 617 715 663 fugerunt
747 622 782 652 et
813 627 888 652 eam
922 619 1082 662 protinus
1119 617 1347 662 reliquerunt.
1396 617 1546 652 Praeses
1576 620 1645 665 igi-

253 686 310 716 tur
336 693 477 727 puerum
513 684 546 716 iu
580 684 672 718 ulnis
710 687 783 718 suis
821 684 977 727 suscepit
1007 687 1042 717 et
1078 688 1222 717 matrem
1247 682 1447 717 sacrificare
1472 683 1647 718 nolentem

253 747 370 781 crudis
404 748 520 781 nervis
555 746 731 791 flagellari
769 748 960 791 praecepit.
1008 747 1099 782 Puer
1133 752 1248 782 autem
1291 753 1434 783 matrem
1469 749 1647 795 flagellari

256 815 476 858 conspiciens
514 822 631 846 amare
667 811 775 846 flebat
802 816 837 847 et
860 812 1104 848 lamentabiles
1130 823 1234 848 voces
1261 813 1377 847 dabat.
1426 814 1473 848 At
1498 825 1646 858 praeses

254 889 398 923 puerum
425 879 600 917 Quin-icum
634 879 668 912 in
701 878 802 912 ulnas
837 883 872 913 et
905 889 1012 923 super
1045 888 1162 924 genua
1195 889 1329 922 ponens
1355 889 1431 913 eum
1456 880 1588 913 osculis
1613 884 1648 914 et

254 945 334 978 aliis
367 944 548 978 blanditiis
586 943 826 986 demulcebat,
874 944 990 978 infans
1032 949 1147 978 autem
1193 943 1238 978 ad
1272 948 1416 978 matrem
1452 946 1647 989 respiciens

255 1010 430 1055 praesidis
466 1009 589 1043 oscula
621 1008 838 1044 abhorrebat
873 1013 907 1045 et
941 1014 1046 1054 caput
1079 1020 1154 1044 eum
1197 1009 1442 1055 indignatione
1483 1014 1647 1046 avertens

253 1075 384 1109 vultum
411 1076 486 1120 ejus
513 1074 653 1118 ungulis
681 1074 837 1109 laniabat
862 1079 895 1110 et
920 1077 1022 1109 matri
1057 1085 1230 1109 consonas
1257 1086 1361 1109 voces
1388 1075 1514 1118 dabat,
1547 1078 1647 1122 quasi

255 1140 409 1174 diceret:
437 1145 471 1175 et
496 1150 563 1185 ego
591 1139 804 1174 christianus
827 1151 913 1176 sum.
964 1140 1121 1175 Tandem
1156 1140 1215 1175 diu
1246 1141 1422 1175 reluctans
1448 1142 1647 1186 praesidem

253 1208 288 1240 in
315 1206 471 1250 scapulis
505 1206 712 1248 momordit;
750 1210 833 1240 tunc
869 1216 1014 1251 praeses
1054 1207 1282 1252 indignatus,
1319 1205 1442 1242 dolore
1473 1209 1646 1242 cruciatus

254 1283 396 1316 puerum
428 1271 471 1306 ab
501 1272 572 1305 alto
599 1282 662 1316 per
693 1272 827 1317 gradus
852 1273 1120 1316 praecipitavit,
1156 1275 1206 1307 ita
1230 1277 1267 1307 nt
1291 1273 1457 1307 tribunali
1483 1274 1646 1308 tenellum

253 1337 435 1372 cerebrum
460 1337 684 1384 adhaereret,
709 1337 818 1373 Julita
842 1349 925 1372 vero
952 1338 1058 1371 filium
1084 1337 1130 1372 ad
1158 1349 1301 1384 reguum
1327 1340 1568 1383 praecessisse
1594 1341 1645 1374 vi-

252 1404 339 1439 dens
375 1404 470 1439 laeta
509 1405 644 1449 gratias
680 1400 754 1445 Deo
788 1403 951 1438 reddidit.
1001 1403 1101 1438 Tunc
1131 1403 1241 1439 Julita
1261 1404 1366 1449 jussa
1394 1408 1448 1438 est
1472 1406 1645 1438 excoriari

254 1474 287 1504 et
302 1470 463 1504 bullienti
483 1472 560 1515 pice
586 1468 750 1514 perfundi
773 1474 806 1504 et
831 1468 966 1504 demum
991 1471 1106 1514 capite
1130 1471 1296 1506 truncari.
1344 1469 1382 1504 lu
1407 1469 1556 1515 quadam
1581 1480 1643 1505 au-

250 1540 318 1570 tem
345 1535 498 1581 legenda
521 1537 715 1577 invenitur,
754 1535 846 1580 quod
873 1529 1035 1575 Quiricus
1058 1539 1240 1580 tyrannum
1273 1534 1508 1570 blandientem
1532 1545 1645 1581 aeque

254 1606 291 1635 ut
314 1599 500 1635 minantem
525 1602 625 1645 parvi
647 1601 803 1644 pendeus
828 1600 1053 1635 christianum
1079 1611 1117 1636 se
1143 1611 1221 1637 esse
1245 1600 1494 1644 confitebatur,
1522 1611 1645 1636 secun-

253 1667 332 1702 dum
371 1666 508 1712 quidem
544 1670 678 1710 tempus
719 1666 872 1711 elinguis
912 1666 1126 1710 infantulus,
1170 1666 1233 1702 sed
1274 1668 1309 1701 iu
1352 1677 1393 1702 eo
1436 1666 1646 1713 loquebatur

252 1734 396 1777 spiritus
430 1735 582 1765 sanc-tus.
634 1730 740 1770 Quem
773 1741 850 1764 cum
884 1741 1029 1775 praeses
1064 1732 1320 1777 interrogaret,
1362 1734 1440 1778 quis
1474 1744 1549 1768 euin
1581 1733 1643 1768 do-

251 1800 400 1839 cuisset,
427 1799 494 1831 ait:
520 1802 624 1838 tuam,
650 1807 813 1841 praeses,
842 1798 946 1830 miror
972 1797 1227 1841 insipientiam,
1254 1799 1311 1842 qui
1339 1808 1446 1831 meam
1474 1798 1643 1832 tantillam

251 1874 397 1899 cernens
433 1861 619 1898 aetatulam
656 1862 802 1897 necdum
843 1863 1008 1907 temporis
1043 1862 1174 1896 circulo
1206 1864 1377 1897 triennem
1413 1865 1644 1907 percontaris,

251 1931 329 1974 quis
350 1940 402 1963 me
421 1928 569 1962 divinam
593 1929 750 1962 docuerit
771 1929 989 1972 sapientiam.
1021 1928 1086 1967 Qui
1106 1939 1180 1962 cum
1202 1927 1420 1969 caederetur,
1447 1928 1643 1962 clamabat:

252 1994 463 2028 christianus
490 2004 583 2036 sum,
609 1998 644 2028 et
668 1996 829 2039 quotiens
856 1993 922 2028 hoc
948 1994 1141 2036 clamabat,
1178 1994 1309 2028 totiens
1334 1994 1427 2027 vires
1456 1994 1546 2027 iuter
1569 1997 1643 2027 tor-

251 2064 366 2094 menta
399 2060 605 2105 recipiebat.
654 2060 804 2094 Praeses
837 2060 950 2094 autem
993 2064 1136 2094 matrem
1170 2068 1245 2093 cum
1287 2069 1396 2104 puero
1430 2058 1645 2093 membratim

251 2126 361 2160 scindi
385 2125 468 2160 fecit
493 2130 526 2160 et
554 2136 670 2161 eorum
696 2124 849 2159 membra
871 2136 911 2160 ue
932 2135 953 2159 a
977 2125 1179 2160 christianis
1205 2124 1457 2169 sepelirentur,
1485 2124 1644 2169 dispergi

250 2191 438 2224 mandarit.
487 2191 557 2225 Sed
581 2196 697 2226 tamen
728 2190 770 2225 ab
797 2191 925 2236 angelo
955 2196 1035 2225 suut
1070 2191 1220 2226 collecta
1247 2194 1282 2225 et
1306 2194 1408 2225 nocte
1433 2199 1454 2224 a
1478 2189 1643 2224 christia-

251 2267 304 2290 nis
329 2256 479 2301 sepulta.
528 2256 652 2291 llorum
681 2266 832 2300 corpora
856 2261 1010 2301 tempore
1040 2256 1258 2290 Constantini
1290 2256 1430 2300 magui,
1464 2264 1538 2289 cum
1575 2265 1644 2300 pax

251 2326 347 2357 esset
373 2322 512 2357 reddita
539 2321 732 2362 ecclesiae,
771 2322 814 2355 ab
842 2331 910 2355 una
936 2321 978 2356 de
1005 2321 1162 2362 aucillis,
1190 2331 1280 2366 quae
1305 2320 1421 2355 adhuc
1448 2323 1644 2366 supererat,

251 2388 449 2422 revelantur
474 2393 509 2423 et
534 2389 568 2422 in
594 2387 782 2422 devotione
807 2397 934 2433 magua
960 2386 1003 2421 ab
1030 2388 1120 2421 omui
1147 2386 1277 2432 populo
1313 2386 1495 2421 habentur.
1543 2385 1644 2420 Passi

249 2458 362 2489 autem
377 2458 458 2488 suut
481 2455 573 2489 circa
604 2463 714 2488 annuos
749 2452 880 2488 domini
917 2453 1157 2489 ducentesimo
1194 2451 1308 2487 XXX.
1345 2453 1408 2486 sub
1442 2449 1642 2487 Alexandro

251 2520 470 2562 imperatore.
