1742 3005
194 112 277 151 ⁴94
392 113 486 162 Cap.
520 111 675 147 CXVII.
736 111 793 147 De
825 117 956 147 sancto
987 110 1193 147 Laurentio
1226 109 1394 147 martire.

197 216 290 262 quod
327 214 501 257 ¹)Sabina
533 211 703 258 quaedam
737 211 1014 247 sanctimonialis
1050 213 1135 256 fult,
1170 223 1260 259 quae
1300 214 1415 248 carnls
1449 212 1586 259 quidem

193 282 441 315 continentiam
467 278 602 320 habuit,
629 277 691 312 sed
717 277 860 323 linguae
884 279 1135 322 procacitatem
1160 289 1229 313 non
1255 279 1456 314 declinavit.
1493 278 1587 313 llaec

195 347 273 380 dum
307 347 340 380 in
372 345 524 380 ecclesia
558 345 669 378 sancti
700 343 884 378 Laurentii
911 343 1038 378 fuisset
1063 344 1224 389 sepulta,
1251 348 1331 378 ante
1357 345 1469 380 altare
1495 354 1586 378 mar-

191 414 269 446 tiris
297 421 317 445 a
344 411 572 445 daemonibus
597 415 718 445 secata
744 420 827 455 pars
855 409 982 444 illaesa
1010 413 1209 454 permanet,
1246 409 1359 444 altera
1384 420 1585 445 concrema—

191 483 268 519 tur,
294 479 344 512 ita
367 482 406 511 ut
430 488 530 512 mane
556 476 744 511 visibiliter
767 475 907 509 adustio
934 480 1134 520 appareret.
1161 495 1206 500 —
1231 495 1276 501 —-·
1303 496 1341 501 -
1375 480 1419 513 3.
1447 474 1584 521 Grego-

192 546 265 579 rius
297 554 436 590 quoque
469 543 689 577 Turonensis
716 543 782 583 ait,
819 540 912 586 quod
945 540 1023 575 dum
1051 540 1190 587 quidam
1217 541 1384 576 sacerdos
1412 539 1586 586 quandam

192 610 376 646 ecclesiam
402 610 515 644 sancti
541 609 725 643 Laurentii
750 611 934 651 repararet
961 610 995 641 et
1018 607 1116 641 trabs
1144 606 1315 652 quaedam
1341 608 1479 640 nimium
1504 605 1585 641 bre-

192 678 245 711 vis
280 680 394 717 esset,
428 676 569 720 rogavit
599 673 737 708 beatum
771 674 1021 716 Laurentium,
1056 677 1106 715 ut,
1145 674 1203 718 qui
1229 682 1405 718 pauperes
1433 672 1584 712 foverat,

190 752 275 776 snae
309 742 452 784 inopiae
485 739 699 774 subveniret.
750 739 845 778 Quae
881 739 996 773 subito
1030 740 1080 773 sic
1115 741 1294 782 excrevit,
1335 742 1372 772 ut
1402 747 1484 783 pars
1518 747 1588 771 non

189 806 328 842 modica
361 805 578 847 abundaret,
620 813 723 849 quam
764 808 900 849 partem
942 804 1111 839 sacerdos
1153 805 1347 838 minutatim
1389 802 1512 838 incidit
1553 806 1587 838 et

191 873 318 907 multas
344 872 426 907 inde
452 872 671 905 infirmitates
697 870 857 905 sanabat.
908 869 1001 905 Idem
1025 873 1176 904 testatur
1206 869 1332 904 beatus
1360 867 1584 903 Fortunatus

197 938 336 973 Factum
364 942 416 972 est
441 941 555 971 autem
589 935 657 970 hoc
689 935 783 980 apud
816 935 960 970 Prioras
998 939 1148 970 castrum
1182 934 1361 978 ltalia02).
1396 955 1436 961 —
1470 954 1514 960 —
1542 953 1585 959 ——

189 1008 234 1042 4.
263 1003 408 1044 Quidam
437 1005 580 1047 insuper
606 1002 783 1047 presbiter
808 1003 945 1035 nomine
971 1001 1171 1043 Sanctulus‚
1197 1005 1234 1035 ut
1264 1000 1373 1036 refert
1390 999 1584 1046 Gregorius

191 1072 225 1104 in
251 1069 414 1115 ‹l3·alog0‚
442 1070 554 1103 sancti
579 1069 761 1103 Laurentii
788 1067 972 1102 ecclesiam
999 1077 1020 1101 a
1046 1066 1296 1113 Longobardis
1324 1069 1502 1102 incensam
1527 1076 1584 1100 re-

188 1145 316 1180 parare
352 1135 473 1168 volens
505 1134 656 1168 artifices
690 1133 816 1167 multos
849 1133 1026 1168 conduxit.
1077 1133 1233 1173 Quadam
1264 1137 1378 1167 autem
1405 1132 1463 1167 die
1491 1131 1583 1172 dum,

189 1201 281 1246 quod
308 1202 350 1234 iis
378 1203 583 1244 apponeret,
610 1210 678 1233 non
706 1198 872 1241 haberet,
898 1201 1095 1243 praemissa
1119 1201 1279 1233 oratione
1306 1200 1341 1233 in
1367 1198 1507 1232 clibano
1526 1208 1582 1233 re-

188 1269 304 1313 spexit
325 1270 359 1301 ct
376 1266 503 1299 ibidem
523 1265 808 1300 candidissimlnn
826 1275 949 1310 panem
969 1266 1119 1307 invenit,
1157 1264 1219 1299 sed
1248 1275 1323 1299 cum
1344 1266 1402 1299 vix
1419 1264 1463 1298 ad
1480 1265 1583 1298 unius

186 1333 327 1379 prandii
347 1342 442 1367 esum
470 1331 582 1366 tribus
608 1332 768 1376 personis
796 1330 962 1365 sufficere
981 1330 1171 1372 videretur,
1196 1329 1408 1365 Laurentius
1428 1329 1582 1364 artifices

187 1410 270 1434 suos
298 1399 420 1434 nolens
446 1397 595 1432 deficere
620 1399 672 1432 sic
699 1396 915 1442 praedictum
950 1408 1083 1442 panem!
1100 1396 1323 1440 multiplicari
1357 1396 1456 1437 fecit,
1490 1395 1581 1440 quod

186 1468 220 1500 in
253 1466 454 1500 alimentum
488 1464 608 1499 decem
642 1463 777 1498 dierum
820 1464 995 1508 operariis
1035 1463 1169 1497 cunctis
1205 1461 1353 1497 suffecit.
1388 1468 1431 1486 '—
1459 1481 1504 1488 -
1538 1480 1581 1486 —-

184 1536 228 1570 5.
263 1532 300 1566 In
328 1531 479 1566 ecclesia
511 1531 625 1564 sancti
656 1529 838 1564 Laurentii
871 1529 965 1574 apud
997 1528 1256 1571 Mediolanum,
1290 1531 1329 1562 ut
1361 1526 1470 1562 refert
1497 1526 1581 1562 Vin-

187 1600 322 1634 centius
349 1599 382 1631 in
409 1596 596 1638 chronica,
632 1595 724 1629 calix
759 1595 901 1641 quidam
927 1594 1151 1640 crystallinus
1177 1595 1285 1629 mirae
1311 1592 1581 1639 pulchritudinis

185 1665 394 1700 habebatur.
445 1662 511 1702 Qui
543 1672 617 1695 cum
651 1663 685 1695 in
720 1661 868 1707 quadam
896 1661 1133 1696 sollemnitate
1161 1660 1205 1694 ad
1241 1660 1355 1694 altare
1380 1669 1402 1693 a
1423 1658 1579 1704 dyacono

185 1734 407 1777 portaretur,
446 1728 588 1772 elapsus
622 1737 640 1761 e
669 1727 827 1761 manibus
862 1728 895 1761 in
927 1732 1054 1761 terram
1088 1727 1216 1762 cecidit
1240 1730 1274 1761 et
1298 1726 1413 1759 statim
1439 1724 1579 1759 commi-

185 1802 287 1832 nutus
316 1797 393 1833 suit.
440 1796 486 1829 At
512 1794 688 1838 dyaconus
716 1803 875 1827 moerens
903 1793 1099 1838 fragmenta
1119 1792 1263 1836 collegit
1283 1796 1317 1825 et
1336 1801 1444 1835 super
1464 1790 1578 1824 altare

185 1873 319 1909 ponens
344 1862 482 1896 beatum
512 1859 737 1894 Laurentium
765 1861 925 1893 exoravit
951 1863 985 1892 et
1010 1859 1155 1892 fractum
1181 1857 1322 1890 calicem
1349 1857 1520 1901 integrum
1544 1858 1578 1890 ct

185 1929 371 1964 solidatum
405 1927 549 1971 recepit.
577 1946 620 1950 —
644 1945 688 1949 —
717 1944 756 1950 —
792 1929 840 1962 6.
865 1925 1014 1969 Legitur
1047 1934 1185 1969 quoque
1217 1924 1251 1956 in
1283 1921 1373 1955 libro
1406 1919 1448 1954 de
1473 1922 1576 1954 mira-

186 1995 274 2029 culis
303 1994 428 2028 beatae
455 1993 617 2037 virginis,
647 1990 739 2036 quod
769 1989 906 2035 quidam
931 1990 1043 2034 judex
1061 1988 1260 2034 Stephanus
1286 1988 1422 2021 nomine
1447 1985 1577 2020 Romae

186 2065 282 2099 crat,
321 2060 378 2104 qui
411 2067 554 2091 munera
586 2057 737 2091 libenter
771 2057 950 2102 accipiens
976 2056 1157 2089 multorum
1179 2053 1316 2099 judicia
1340 2051 1576 2097 pervertebat.

185 2125 245 2160 Ilic
269 2129 340 2159 tres
366 2124 487 2157 domos
513 2123 686 2157 ecclesiae
713 2122 826 2156 sancti
852 2122 1035 2155 Laurentii
1070 2125 1104 2155 ct
1138 2130 1241 2155 unum
1273 2118 1408 2153 hortum
1434 2121 1578 2151 sanctae

184 2193 334 2237 Agnetis
358 2190 529 2224 violenter
554 2188 699 2222 abstulit
726 2192 760 2223 et
787 2187 909 2222 ablata
928 2188 1058 2231 injuste
1076 2185 1246 2231 possedit.
1295 2183 1434 2219 Accidit
1450 2187 1575 2221 autem,

184 2262 222 2293 ut
250 2260 442 2291 moreretur
467 2258 500 2289 et
525 2259 605 2289 ante
631 2254 696 2289 Dei
715 2255 884 2300 judicium
912 2253 1109 2288 duceretur.
1159 2250 1213 2285 Ad
1244 2260 1344 2296 quem
1365 2248 1576 2283 Laurentius

184 2334 259 2358 cuin
294 2323 399 2356 nimia
432 2320 675 2365 indignatione
708 2322 861 2355 accessit
895 2324 930 2355 et
960 2319 1072 2353 tribus
1110 2316 1243 2352 vicibus
1276 2315 1457 2350 brachium
1499 2314 1575 2359 ejus

186 2391 380 2424 diutissime
415 2387 555 2422 strinxit
595 2390 627 2420 ct
659 2385 782 2420 dolore
817 2387 922 2420 nimio
958 2385 1134 2419 cruciavit.
1185 2383 1314 2417 Sancta
1350 2391 1432 2416 vero
1457 2380 1576 2425 Agnes

185 2467 258 2490 cum
285 2455 436 2489 caeteris
463 2452 661 2498 virginibus
690 2462 764 2486 euin
789 2451 910 2486 videre
936 2451 1056 2486 noluit.
1085 2449 1149 2485 sed
1175 2449 1298 2483 faciem
1318 2458 1413 2482 suam
1436 2445 1575 2480 avertit.

186 2521 283 2555 Tunc
313 2519 422 2565 judex
458 2529 564 2563 super
597 2528 671 2552 cum
705 2520 912 2552 sententiam
951 2517 1067 2551 serens
1109 2516 1215 2550 dixit:
1257 2514 1418 2559 quoniam
1461 2508 1577 2543 aliena

126 2584 132 2593 “
187 2586 362 2620 subtraxit
398 2589 432 2619 et
466 2593 609 2618 munera
643 2585 818 2628 accipiens
849 2584 1031 2618 veritatem
1070 2579 1246 2619 vendidit.
1282 2580 1317 2612 in
1352 2577 1429 2610 Ioco
1463 2572 1576 2609 Judac

257 2685 283 2715 l)
304 2686 370 2710 Iis-¹:
391 2683 459 2710 :¹¹¹11I.
481 2684 526 2709 iu.
562 2683 591 2714 2)
612 2685 679 2708 I'law.
700 2681 785 2707 !=‹I‹.I.:
808 2680 915 2716 Quod
936 2679 1105 2713 qnidam,
1131 2677 1214 2704 dnm
1241 2674 1259 2700 (I
1270 2673 1377 2699 (11‘11‘0
1397 2671 1572 2697 110111111111

189 2731 442 2761 prosimu-tur.
465 2727 505 2753 ‘In
527 2727 599 2754 iliu
620 2727 727 2759 ligno
748 2725 923 2758 tangitur
953 2729 986 2751 et
1009 2723 1194 2758 protinus
1223 2717 1332 2745 dolon
1357 2716 1523 2748 sugatur,
