1742 3005
274 135 354 175 718
581 132 677 180 Cap.
711 129 864 167 CLXlt.
914 131 974 168 De
1004 131 1178 169 omnibus
1209 133 1362 172 sanctis.

274 246 434 283 magnum
480 234 675 268 convivium
719 235 956 279 praeparavit.
1014 234 1138 270 Altera
1176 238 1290 269 autem
1328 235 1385 271 die
1418 234 1464 271 ad
1498 234 1661 281 templum

271 303 453 349 §dolorum
483 299 677 344 processit,
717 303 755 333 ut
786 299 835 333 ibi
869 298 1087 335 sacrificaret
1127 310 1191 344 pro
1233 301 1381 335 victoria
1419 301 1659 336 barbarorum.

273 368 403 403 Videns
431 376 512 400 vero
538 366 750 409 imperator,
784 365 876 410 quod
912 364 1120 400 Eustachius
1155 375 1216 400 uec
1241 376 1304 410 pro
1330 366 1479 400 victoria
1503 377 1567 402 nec
1595 378 1658 413 pro

271 434 472 468 inventione
498 441 637 466 suorum
664 430 863 466 sacrificare
887 432 1011 474 vellet,
1045 431 1274 475 hortabatur,
1302 435 1339 466 ut
1363 431 1571 466 sacrificium
1596 434 1655 467 im-

273 500 432 534 molaret.
482 498 545 532 Cui
580 495 809 531 Eustachius:
847 507 914 542 ego
949 497 1122 532 Christum
1153 497 1261 533 Deum
1305 498 1382 532 0010
1424 501 1459 532 et
1500 498 1554 532 illi
1593 499 1661 533 soli

272 564 444 601 sacrifico.
495 564 594 598 Tunc
630 564 822 607 imperator
856 564 910 597 ira
942 563 1096 608 repletus
1132 565 1243 609 ipsum
1275 575 1350 599 cum
1385 574 1493 600 uxore
1520 569 1555 599 et
1578 564 1660 599 filiis

271 635 307 666 in
332 641 440 666 arena
465 631 587 664 statuit
612 633 645 663 et
673 629 807 663 leonem
835 629 987 664 ferocem
1013 628 1058 663 ad
1083 640 1145 664 eos
1171 629 1296 664 dimitti
1322 630 1417 665 fecit.
1464 631 1660 666 Accurrens

274 708 355 733 vcro
391 697 447 731 leo
482 700 515 730 et
551 694 704 729 demisso
743 696 858 739 capite
890 697 992 740 quasi
1025 706 1085 730 eos
1111 700 1253 731 sanctos
1279 696 1431 730 adorans
1457 695 1500 730 ab
1526 696 1659 731 1151111-

273 764 401 797 militer
434 761 594 795 recessit.
643 759 742 794 Tunc
776 761 967 804 imperator
999 760 1123 794 bovem
1156 771 1300 796 aeneum
1336 762 1478 797 incendi
1508 762 1592 797 fecit
1627 766 1661 798 et

273 839 335 864 eos
371 827 498 861 ibidem
532 827 631 860 vivos
666 825 754 859 mitti
782 824 972 863 mandavit.
1020 825 1170 860 Orantes
1202 827 1312 871 igitur
1335 829 1447 862 sancti
1471 833 1506 863 et
1530 839 1570 863 se
1595 828 1659 863 do—

273 897 364 929 mino
391 891 673 927 commendantes
701 892 824 926 bovem
850 893 1067 926 intraverunt
1100 895 1134 927 et
1172 890 1301 926 ibidem
1333 892 1471 927 domino
1502 895 1660 938 spiritum

275 959 524 1000 reddiderunt,
569 959 676 992 tertia
711 961 826 992 autem
861 956 918 991 die
961 957 1004 993 de
1044 957 1135 992 hove
1174 961 1255 992 suut
1293 968 1408 992 coram
1449 959 1660 1003 imperatore

274 1027 434 1062 extracti.
482 1024 535 1059 lta
568 1025 707 1068 penitus
743 1024 863 1057 intacti
898 1024 1027 1057 inventi
1060 1027 1158 1066 sunt,
1193 1024 1286 1069 quod
1320 1035 1384 1058 nee
1415 1024 1564 1069 capillos
1596 1035 1661 1061 nec

274 1091 441 1137 quidquid
462 1101 578 1125 eorum
599 1099 748 1133 vapores
778 1088 928 1122 incendii
946 1088 1166 1133 aliquatenus
1189 1091 1422 1135 contigerunt.
1471 1090 1661 1126 Christiani

275 1168 358 1192 vero
396 1167 514 1191 eorum
547 1165 697 1200 corpora
730 1154 886 1188 tulerunt
919 1157 954 1188 et
988 1155 1023 1188 in
1058 1155 1136 1189 loco
1173 1155 1402 1190 celeberrimo
1430 1157 1660 1192 recondentes

275 1223 403 1257 ibidem
436 1223 627 1256 oratorium
666 1223 950 1255 construxerunt.
997 1218 1099 1254 Passi
1131 1225 1210 1255 sunt
1241 1225 1355 1256 autem
1382 1221 1445 1256 sub
1471 1221 1660 1265 Hadriano,

274 1290 331 1334 qui
369 1289 484 1332 coepit
508 1288 603 1321 circa
633 1296 758 1320 anuum
784 1286 911 1320 domini
939 1285 1034 1320 CXX
1058 1285 1215 1320 calendis
1244 1285 1429 1322 Novembr.
1456 1287 1512 1323 vel
1537 1298 1659 1323 secun-

275 1355 352 1387 dnm
383 1354 551 1399 quosdam
579 1352 761 1387 duodecim
786 1351 945 1387 calendis
972 1350 1115 1387 Octobr.

704 1675 830 1740 cAP.
863 1675 1029 1737 CLXII.
1073 1675 1228 1738 (157.)

537 1777 645 1821 De
684 1774 1038 1820 omnibus
1079 1774 1391 1819 sanetis.

364 1885 520 1919 Omnium
547 1889 745 1919 sanctorum
774 1884 948 1919 festivitas
975 1886 1126 1927 quatuor
1157 1882 1200 1916 de
1224 1884 1340 1916 causis
1366 1883 1525 1916 instituta
1549 1881 1659 1917 fuisse

273 1950 430 1985 videtur:
479 1952 590 1994 primo
627 1955 771 1996 propter
807 1948 986 1994 eujusdam
1020 1949 1141 1992 templi
1182 1947 1458 1987 dedicationem,
1505 1948 1657 1982 secundo

272 2021 416 2061 propter
442 2018 647 2050 omissorum
675 2016 952 2061 suppletionem,
979 2016 1083 2048 tertio
1109 2018 1254 2058 propter
1280 2013 1573 2058 negligentiarum
1598 2023 1658 2048 ex-

272 2083 480 2125 piationem,
509 2085 634 2126 quarto
660 2085 804 2125 propter
829 2080 1022 2115 faciliorem
1050 2080 1246 2113 orationum
1272 2083 1467 2112 nostrarum
1496 2080 1659 2123 impetra-

271 2149 411 2181 tionem.
462 2147 576 2181 l‘rimo
613 2147 722 2191 igitur
757 2147 914 2179 instituta
948 2150 1002 2180 est
1035 2149 1181 2190 propter
1211 2144 1392 2189 cujusdam
1416 2143 1534 2188 templi
1560 2144 1659 2178 dedi-

272 2214 455 2247 cationem.
504 2212 648 2246 Romani
676 2213 777 2254 euim,
806 2223 879 2246 cum
905 2213 1071 2246 universo
1094 2210 1170 2245 orbi
1188 2210 1461 2252 dominarentur,
1486 2209 1659 2255 quoddam

270 2278 433 2322 templum
469 2279 649 2311 maximum
691 2281 982 2319 construxerunt,
1026 2278 1060 2310 in
1093 2278 1192 2321 enJus
1230 2275 1343 2309 medio
1384 2286 1481 2310 suum
1521 2275 1658 2320 ydolum

271 2344 486 2378 collocantes
512 2344 661 2377 omnium
687 2344 942 2387 provinciarum
969 2342 1154 2377 simulacra
1171 2352 1234 2386 per
1255 2342 1432 2375 circuitum
1451 2345 1658 2382 statuerunt,

271 2411 499 2454 respicientia
526 2410 631 2443 rectis
656 2408 808 2442 vultibus
845 2408 982 2453 3110111111
1012 2408 1256 2442 Romanorum.
1305 2407 1341 2441 Si
1376 2407 1515 2452 quando
1545 2411 1657 2441 autem

272 2475 391 2519 aliqua
425 2475 607 2519 provincia
651 2474 861 2517 rebellaret,
901 2475 1086 2516 continuo,
1130 2477 1166 2507 ut
1197 2474 1313 2517 ajunt,
1358 2477 1433 2507 arte
1475 2470 1659 2516 dyabolica

273 2540 366 2573 illius
395 2541 596 2584 provinciae
625 2540 844 2574 sinmlacrum
870 2540 974 2584 ydolo
1002 2539 1230 2574 Romanorum
1258 2540 1456 2583 posteriora
1483 2535 1655 2575 volvebat,

273 2609 435 2649 tanquam
463 2607 629 2648 innuens,
656 2606 747 2652 quod
775 2605 817 2639 ab
846 2606 922 2650 ejus
948 2605 1100 2639 dominio
1122 2606 1340 2639 recessisset.
1391 2603 1524 2636 Conciti
1550 2603 1658 2647 igitur

274 2669 418 2702 Romani
457 2670 500 2704 ad
536 2672 630 2706 illam
672 2672 883 2715 provinciam
928 2673 1107 2716 copiosum
1146 2672 1332 2705 exercitum
1365 2667 1588 2701 destinabant
1623 2673 1657 2702 et

274 2734 382 2776 ipsam
410 2734 560 2767 dominio
586 2747 649 2769 suo
675 2736 926 2780 subjugabant.
977 2735 1099 2771 Verum
1123 2746 1189 2769 11011
1208 2733 1345 2768 suss'ccit
1364 2732 1538 2775 Romanis,
1564 2733 1656 2779 qnod

1730 2738 1742 2871 rr—-p-u
1739 2719 1742 2722 i
