1742 3005
91 88 185 136 Cap.
217 85 367 122 CXXV.
431 85 490 121 De
511 85 765 122 decollatione
791 85 908 121 sancti
927 84 1112 121 Johannis¹
1136 86 1335 135 baptistae.
1395 84 1474 122 5723

89 190 192 224 aliam
226 193 358 234 partem
394 199 432 224 se
465 189 661 231 transtulit,
697 189 754 224 ille
790 193 902 224 autem
935 191 1051 234 coepit
1078 189 1177 224 abire
1210 192 1291 234 post
1326 189 1475 232 stellam,

90 265 271 300 quousque
297 254 401 288 stella.
425 256 521 288 stetit
548 255 582 287 in
608 254 707 295 loeo,
743 255 802 287 ubi
840 258 915 288 erat
952 260 1056 298 caput
1090 254 1260 290 Johannis
1286 257 1476 300 baptistae,

88 319 149 354 ubi
183 319 321 354 fodiens
354 320 486 364 reperit
519 329 638 353 urnam
674 323 707 354 et
748 321 781 353 in
814 329 855 353 ea
888 325 1041 353 sam-tum
1065 319 1278 355 thesaurum.
1330 321 1476 360 Quidam

89 389 203 419 autem
236 395 310 419 cum
341 396 408 419 non
441 384 620 426 erederet,
657 396 792 418 manum
831 385 875 418 ad
909 384 1066 428 hydriam
1102 386 1215 426 misit,
1260 386 1323 420 sed
1361 388 1477 420 statim

88 460 208 485 manus
233 452 371 485 exaruit
397 454 430 484 et
456 450 599 494 hydriae
625 450 796 484 adhaesit.
848 449 1036 483 Orantibus
1063 453 1175 483 autem
1208 451 1314 483 sociis
1341 461 1476 484 manum

91 518 255 558 extraxit,
283 515 344 550 sed
366 514 520 548 invalida
545 516 722 548 remansit.
752 513 928 557 Apparuit
953 517 1066 547 autem
1087 513 1196 548 eidem
1217 514 1398 549 Johannes
1424 515 1477 548 di-

91 592 192 616 ceus:
229 591 302 615 eum
337 584 441 624 caput
472 589 581 613 meum
620 580 653 612 in
680 578 832 612 ecclesia
857 578 1071 623 deponetur,
1105 579 1261 624 hydriam
1294 581 1476 625 continges

89 651 124 681 et
148 647 330 680 sanitatem
357 646 519 689 recipies.
569 643 667 684 Quod
696 649 729 678 et
756 644 837 678 serit
863 648 897 678 et
923 646 1107 679 sanitatem
1134 647 1306 691 integram
1334 647 1474 690 recepit.

89 712 180 747 Haec
215 715 328 744 autem
370 720 443 744 cum
479 710 670 745 Marcellus
705 710 845 745 Juliano
886 710 1040 754 ejusdem
1067 711 1164 745 urbis
1192 713 1358 755 episcopo
1386 711 1476 745 indi-

87 781 225 819 casset,
252 776 295 810 ab
322 777 364 810 iis
392 780 445 809 est
471 775 641 810 elevatum
673 780 705 809 et
736 778 767 809 iu
796 775 913 809 urbem
942 775 1104 810 delatum.
1150 775 1198 809 Ex
1226 788 1293 821 quo
1320 781 1477 821 tempore

86 845 202 888 coepit
228 844 262 876 in
288 842 407 876 eadem
435 842 520 876 urhe
548 840 734 875 decollatio
762 843 874 874 sancti
898 841 1068 875 ,Iohannis
1095 842 1280 882 celebrari,
1308 843 1386 886 ipsa
1406 842 1476 884 die,

87 914 125 943 ut
150 909 378 947 arbitramur,
414 908 504 940 sicut
530 906 656 940 dieitur
682 908 713 940 iu
740 906 897 950 li)·stoi·ia
926 907 1160 947 scholastica,
1200 917 1268 951 qua
1294 912 1399 951 caput
1425 913 1478 942 cst

88 967 260 1009 inventum
305 974 380 1007 sive
423 973 606 1007 elevatum.
665 971 763 1010 Quod
798 972 1015 1016 postmodum
1051 973 1388 1017 Constantinopolim
1425 979 1477 1008 est

87 1040 303 1074 translatum.
351 1038 437 1072 Nam
472 1038 561 1071 sicut
594 1036 720 1071 dicitur
751 1039 784 1071 in
817 1037 973 1082 hystoria
999 1039 1194 1081 tripartita,
1232 1049 1305 1072 cuin
1346 1039 1476 1074 Valens

86 1108 277 1150 imperator
296 1104 486 1149 jussisset,
519 1113 653 1137 sacrum
681 1108 783 1147 caput
810 1105 842 1137 in
871 1103 1029 1137 vehiculo
1057 1105 1137 1147 poni
1165 1108 1198 1137 et
1226 1103 1475 1139 Constantino-

85 1172 190 1216 polim
214 1170 411 1212 transferri,
435 1178 509 1203 cum
535 1170 627 1203 cirea
654 1169 923 1203 Chalcedoniam
951 1171 1116 1210 venisset,
1146 1169 1338 1203 vehiculum
1362 1171 1476 1205 nulla-

83 1242 185 1273 tenus
210 1236 302 1270 trahi
327 1240 478 1280 poterat,
506 1239 808 1280 quantumcunque
826 1235 935 1268 boves
954 1235 1104 1268 stimulis
1124 1240 1346 1280 ingerentur,
1375 1237 1473 1272 ideo-

85 1313 151 1349 que
168 1304 281 1348 ipsum
298 1301 427 1335 ibidem
448 1300 624 1345 deponere
650 1304 729 1334 sunt
756 1302 877 1334 eoacti.
915 1300 983 1334 Sed
1007 1311 1080 1334 cum
1103 1304 1227 1345 postea
1248 1301 1474 1337 Theodosius

86 1370 198 1413 ipsum
233 1366 313 1400 inde
349 1366 488 1400 auferre
526 1365 631 1399 vellet
664 1369 697 1399 et
729 1366 901 1410 quandam
939 1371 1129 1400 matronam
1160 1368 1330 1412 virginem
1355 1373 1475 1403 custo-

85 1434 164 1467 diae
195 1433 320 1476 capitis
354 1430 552 1474 deputatam
590 1433 800 1475 reperisset,
847 1431 973 1466 ibidem
1019 1435 1159 1478 rogavit
1193 1443 1286 1474 eam,
1334 1438 1369 1467 ut
1405 1434 1472 1468 sibi

84 1499 224 1534 auferre
260 1497 450 1531 dimitteret
484 1506 618 1530 sacrum
665 1502 780 1541 caput.
834 1497 897 1531 Illa
940 1502 1052 1531 autem
1097 1500 1275 1532 consensit
1313 1500 1473 1540 credens,

84 1564 177 1610 quod
204 1565 294 1597 sicut
319 1567 474 1607 tempore
502 1562 681 1603 Valentis,
720 1564 768 1596 ita
794 1564 895 1596 etiam
922 1567 955 1597 et
981 1573 1070 1596 nunc
1094 1574 1161 1596 non
1193 1566 1409 1607 permitteret
1435 1576 1474 1600 se

84 1630 228 1665 auferri.
277 1628 376 1663 Tunc
410 1627 556 1662 devotus
590 1629 781 1671 imperator
812 1638 966 1672 purpura
1000 1632 1104 1672 eaput
1139 1628 1354 1673 amplectens
1381 1630 1473 1665 Con-

83 1694 346 1739 stantinopolim
378 1693 557 1728 transtulit
589 1698 623 1727 et
658 1693 707 1727 ibi
740 1692 1007 1738 pulcherrimam
1044 1695 1223 1729 ecclesiam
1260 1695 1472 1731 aedificavit.

82 1761 175 1795 Haec
199 1762 234 1794 in
259 1759 417 1804 hystoria
432 1760 621 1803 tripartita.
670 1758 714 1793 Et
734 1759 812 1794 inde
832 1758 964 1794 Gallias
985 1759 1075 1804 apud
1097 1759 1287 1794 Pietaviam
1304 1766 1473 1807 regnante

81 1826 205 1871 Pipino
231 1824 450 1870 postmodum
486 1829 539 1859 est
572 1825 802 1867 translatum,
845 1825 904 1859 ubi
943 1828 1018 1870 ejus
1053 1828 1186 1860 meritis
1218 1826 1315 1860 multi
1347 1829 1474 1861 mortui

82 1895 162 1925 sunt
187 1891 399 1926 resuscitati.
447 1889 491 1925 Et
516 1892 605 1925 sicut
630 1892 768 1936 punitus
796 1894 848 1925 est
875 1891 1051 1933 Herodes,
1086 1893 1146 1937 qui
1182 1891 1374 1926 Johannem
1412 1893 1473 1927 de-

83 1956 243 1997 collavit,
270 1960 304 1990 et
327 1955 487 1990 Julianus
514 1961 696 2000 apostata,
723 1958 781 2001 qui
809 1958 885 2002 ejits
912 1966 997 1990 ossa
1024 1957 1235 2000 combussit,
1267 1960 1319 1992 sic
1342 1963 1376 1993 et
1403 1958 1471 1993 He-

84 2019 203 2054 rodias
230 2021 351 2063 punita
386 2025 457 2061 est,
491 2030 579 2064 quae
606 2021 763 2065 puellae,
803 2025 839 2054 ut
872 2026 975 2065 caput
1011 2027 1165 2065 peteret,
1200 2025 1404 2067 suggessit,
1440 2028 1474 2057 et

83 2087 161 2130 ipsa
187 2083 324 2128 puella,
351 2093 440 2127 quae
464 2083 531 2117 hoc
557 2086 670 2127 petiit.
720 2084 865 2123 Quidam
894 2087 982 2119 enini
1011 2086 1149 2127 dicunt,
1181 2086 1274 2130 quod
1300 2086 1472 2122 Herodias

83 2152 117 2184 in
143 2148 302 2183 exsilium
331 2147 493 2182 damnata
517 2158 587 2182 non
611 2153 665 2183 est
688 2158 753 2183 nec
778 2148 827 2182 ibi
856 2149 1041 2192 defuncta,
1080 2150 1142 2184 sed
1176 2161 1250 2185 cum
1281 2156 1385 2196 caput
1408 2152 1472 2187 Jo-

81 2214 209 2249 hannis
243 2216 279 2248 in
311 2212 469 2247 manibus
500 2217 635 2249 teneret
668 2219 701 2249 et
734 2214 845 2248 eidem
873 2215 1031 2260 gaudens
1064 2216 1244 2260 plurimum
1272 2217 1469 2260 insultaret,

82 2279 201 2313 divino
233 2283 317 2313 nutu
349 2282 454 2323 caput
483 2280 595 2323 ipsum
629 2282 665 2314 in
699 2281 774 2324 ejus
800 2280 922 2315 faciem
947 2281 1140 2315 insufflavit
1168 2286 1202 2316 et
1226 2281 1287 2315 illa
1312 2284 1470 2326 protinus

82 2346 287 2389 exspiravit.
334 2343 406 2378 Hoc
431 2344 567 2389 quidem
595 2345 787 2390 vulgariter
812 2345 949 2387 dicitur,
976 2347 1038 2381 sed
1061 2348 1143 2392 quia
1161 2348 1323 2391 superius
1343 2347 1471 2381 dictum

83 2414 156 2452 est,
199 2408 292 2455 quod
324 2411 359 2443 in
391 2409 516 2444 exsilio
548 2420 624 2444 cum
656 2410 794 2446 Herode
831 2412 1081 2446 miserabiliter
1113 2416 1318 2456 consumpta
1350 2412 1469 2455 suerit,

83 2476 196 2510 sancti
228 2474 371 2509 tradunt
403 2475 438 2508 in
476 2473 648 2510 chronicis
685 2480 718 2510 et
749 2477 800 2510 sic
838 2476 1024 2511 tenendum
1059 2476 1206 2511 videtur.
1254 2476 1344 2511 Filia
1386 2489 1468 2513 vero

83 2541 183 2585 ejus,
221 2551 296 2575 cum
328 2550 434 2584 super
467 2540 619 2585 glaciem
652 2540 911 2584 deambularet,
947 2540 1010 2575 sub
1049 2551 1091 2575 ea
1114 2541 1248 2586 glacies
1280 2542 1469 2577 resolvitur

84 2610 118 2640 et
150 2607 230 2650 ipsa
265 2607 299 2640 in
333 2607 433 2651 aquis
466 2606 629 2639 continuo
664 2605 900 2650 praefocatur.
949 2605 986 2640 ln
1017 2605 1183 2641 chronica
1211 2617 1292 2641 vero
1318 2607 1467 2653 quadam

81 2670 227 2714 dicitnr,
261 2671 354 2716 quod
391 2676 485 2706 terra
518 2672 626 2716 ipsam
654 2672 762 2706 vivam
789 2671 986 2717 deglutivit.
1036 2671 1134 2712 Quod
1160 2676 1279 2717 potest
1302 2672 1465 2719 intelligi,
