1742 3005
405 111 503 162 Cap.
534 111 634 152 LIII.
695 110 754 148 De
785 111 962 161 passione
994 109 1151 147 domini.
1386 108 1469 146 225

86 213 266 249 dixeruntt
292 224 374 250 eece
393 213 568 261 quomodo
594 214 735 250 amabat
759 215 852 250 eum!
880 213 1061 249 Secundae
1086 212 1225 248 suerunt
1248 215 1466 258 compassio-

80 280 156 321 nis,
190 279 254 315 sed
291 282 419 315 tertiae
453 280 592 315 suerunt
617 279 761 314 doloris.
818 279 978 314 Secundo
1015 278 1081 312 suit
1105 280 1138 312 in
1163 278 1302 322 auditu,
1337 282 1469 314 cumei

79 344 216 379 scilicet
239 346 431 391 opprobria
454 350 489 381 et
503 345 744 391 blasphemiae
764 347 945 391 irrogatae
970 348 1060 386 sunt,
1088 344 1247 378 Christus
1271 346 1361 380 enim
1386 355 1468 390 spc-

80 410 220 445 cialiter
242 416 392 456 quatuor
411 411 583 454 habebat,
608 413 645 445 in
671 412 796 456 quibus
820 408 1013 454 opprobria
1045 413 1079 443 et
1103 407 1342 453 blasphemias
1368 410 1469 445 audi⁶

78 476 140 510 vit.
184 475 313 510 Habuit
338 478 425 511 enim
451 476 777 511 excellentissimam
798 474 1028 514 nobilitatem,
1056 475 1317 519 quiaquantum
1344 476 1389 511 ad
1415 477 1468 512 tli-

79 542 194 575 vinam
219 545 377 576 naturam
402 541 468 576 suit
492 542 626 576 aeterni
659 542 757 586 regis
784 539 873 573 filius
901 543 935 573 et
960 542 1122 584 quantum
1149 538 1195 572 ad
1220 539 1401 577 humanam
1427 544 1470 578 de

80 608 182 653 regia
207 608 317 650 stirpe
340 590 494 651 genitus,
521 607 571 640 ita
594 607 698 640 etiam
725 606 761 639 in
784 608 947 649 quantum
974 603 1075 637 homo
1104 602 1179 645 suit,
1206 615 1267 639 rex
1291 616 1411 651 regum
1437 614 1470 642 et

80 672 237 706 dominus
266 670 528 705 dominantium.
576 670 705 705 Habuit
727 669 939 704 ineffabilem
967 670 1169 712 veritatem,
1204 671 1287 715 quia
1314 672 1391 716 ipse
1416 680 1470 708 est

79 739 146 779 via,
172 737 302 771 veritas
330 740 365 772 et
386 737 469 780 vita,
494 735 586 771 unde
612 735 655 770 de
683 745 723 770 se
744 737 866 770 iterum
893 734 987 769 dic-lt:
1015 745 1128 769 sermo
1150 739 1229 770 tuus
1247 738 1377 772 veritas
1404 744 1468 774 est⁷

78 802 170 837 filius
208 803 296 838 enim
332 806 386 837 est
420 812 535 836 sermo
573 803 648 836 sive
683 800 824 835 verbum
858 802 980 845 patris.
1035 800 1165 835 Habuit
1198 803 1470 847 insuperabilem

78 871 308 913 potestatem,
346 869 429 914 quia
453 869 569 902 omnia
600 877 665 912 per
689 868 802 911 ipsum
827 865 921 899 sacta
944 870 1023 899 sunt
1058 870 1091 900 et
1124 868 1199 901 sine
1236 868 1314 911 ipso
1340 869 1468 905 sactum

81 932 258 969 estnihil.
299 932 428 967 Habuit
453 934 598 977 insuper
630 931 843 977 singularem
868 930 1076 971 bonitatem,
1111 933 1193 976 quia
1224 942 1324 967 nemo
1355 933 1468 969 bonus

78 989 147 1033 nisi
171 998 268 1032 solus
292 998 399 1033 Deus.
455 996 492 1031 In
520 996 576 1032 his
604 996 763 1031 Christus
791 994 925 1029 audivit
950 996 1142 1040 opprobria
1170 1001 1203 1031 et
1228 996 1468 1044 blasphemias

77 1063 192 1099 Primo
219 1062 357 1109 quidem
383 1073 451 1108 quo
475 1062 521 1097 ad
543 1062 782 1103 nobilitatein;
816 1060 943 1096 Matth.
968 1061 1046 1095 XII:
1073 1072 1187 1096 nonne
1212 1062 1268 1097 hie
1294 1070 1348 1099 est
1375 1066 1467 1101 filius

62 1116 199 1164 'Iabrw
244 1139 359 1163 nonne
382 1132 493 1163 mater
525 1129 601 1174 ejus
629 1127 758 1162 dicitur
780 1126 899 1162 Maria
921 1130 986 1162 etc.
1043 1127 1204 1162 Secundo
1239 1140 1306 1174 quo
1332 1129 1377 1165 ad
1402 1143 1466 1176 po-

76 1198 261 1237 testatem,
285 1193 411 1229 Mattb.
433 1192 517 1228 XII:
541 1192 600 1227 hic
624 1204 694 1227 non
717 1193 814 1238 ejicit
837 1191 1033 1234 daemonia,
1068 1194 1136 1226 insi
1157 1194 1239 1238 111¹)
1264 1194 1464 1231 Beelzebub

77 1261 233 1305 principe
259 1259 531 1294 daemoniorum.
588 1257 672 1293 Item
699 1258 824 1292 Matth.
852 1257 999 1292 XXVII:
1036 1258 1126 1292 alios
1154 1259 1271 1293 salvos
1298 1261 1400 1304 fecit,
1427 1273 1465 1297 se

76 1326 190 1370 ipsum
223 1335 293 1359 non
319 1326 434 1370 potuit
464 1324 596 1358 salvum
633 1324 759 1358 facere.
819 1322 908 1357 Ecce
943 1323 1061 1357 dit-unt
1094 1326 1205 1368 ipsum
1231 1327 1464 1370 impotentem,

77 1400 151 1423 cum
176 1394 291 1424 tamen
316 1389 406 1424 adeo
431 1393 556 1434 potens
577 1390 761 1429 exstiterit,
787 1388 880 1432 quod
904 1392 1149 1432 persecutores
1173 1400 1256 1424 suos
1282 1391 1361 1426 sola
1379 1404 1464 1429 voce

77 1455 279 1499 prostravit.
326 1453 410 1488 Nam
432 1464 507 1488 cum
531 1456 805 1500 interrogasset:
842 1464 942 1497 quem
967 1455 1165 1498 quaeritis?
1191 1459 1224 1489 et
1242 1455 1293 1489 illi
1317 1468 1464 1501 respon-

77 1519 229 1553 dissent:
255 1519 373 1554 Jesum
396 1518 626 1560 Nazarenum,
653 1523 687 1553 et
711 1520 788 1563 ipse
814 1518 981 1552 dixisset:
1008 1530 1074 1563 ego
1100 1530 1185 1562 sum,
1213 1523 1376 1555 continuo
1404 1534 1461 1558 ce-

76 1584 236 1618 ciderunt
261 1585 458 1619 interram.
515 1584 754 1630 Augustinus:
799 1594 868 1617 una
900 1594 967 1618 vox
1002 1583 1138 1618 turbam
1176 1585 1267 1619 odiis
1301 1587 1463 1631 ferocem,

78 1650 184 1683 armis
209 1650 403 1685 terribilem
435 1652 511 1685 sine
536 1650 608 1684 ullo
646 1649 714 1684 telo
752 1649 946 1693 percussit,
990 1649 1135 1694 repulit,
1173 1653 1297 1686 stravit
1339 1655 1464 1689 virtute

77 1715 218 1749 latentis
255 1715 459 1750 divinitatis.
518 1715 606 1755 Quid
642 1714 865 1760 judicaturus
899 1714 1021 1757 saciet,
1060 1717 1117 1760 qui
1150 1717 1364 1761 judicandus
1398 1719 1464 1754 hoc

76 1779 188 1815 fecit?
237 1780 328 1820 Quid
355 1785 566 1828 regnaturus
590 1782 738 1825 poterit,
764 1781 822 1825 qui
848 1781 1034 1814 moriturus
1059 1780 1125 1815 hoc
1149 1784 1290 1826 potuit?
1340 1785 1462 1820 Tertio

77 1856 144 1891 quo
173 1845 217 1880 ad
242 1848 441 1889 veritatem,
482 1845 562 1882 Joh.
589 1845 682 1881 VIII:
716 1850 753 1885 tu
779 1845 822 1880 de
858 1850 891 1880 te
917 1848 993 1891 ipso
1019 1848 1252 1882 testimonium
1285 1850 1462 1894 perhibes,

51 1903 310 1947 'testimonium
335 1916 430 1947 tuum
465 1923 535 1946 non
562 1917 617 1947 est
648 1922 776 1946 verum.
834 1910 923 1946 Ecce
959 1913 1041 1957 quia
1068 1912 1188 1947 dicunt
1221 1925 1295 1948 eum
1320 1916 1462 1951 menda-

75 1986 168 2019 cem,
196 1987 270 2012 cum
296 1982 412 2013 tamen
435 1979 512 2022 ipse
537 1979 583 2012 sit
605 1979 684 2020 via,
725 1979 856 2012 veritas
884 1981 918 2012 et
944 1978 1025 2011 vita.
1074 1977 1167 2013 Hanc
1192 1981 1373 2015 veritatem
1396 1981 1461 2025 Py-

76 2040 168 2075 latus
197 2044 287 2077 scire
310 2042 366 2078 vel
400 2042 522 2077 audire
547 2053 617 2077 non
641 2044 784 2085 meruit,
822 2045 904 2088 quia
933 2044 1044 2087 ipsum
1071 2044 1257 2078 secundum
1284 2048 1463 2081 veritatem

76 2117 146 2141 non
165 2107 347 2152 judicavit.
403 2107 582 2142 Inchoavit
617 2109 745 2152 quippe
774 2108 943 2153 judicium
976 2117 997 2141 a
1031 2110 1199 2151 veritate,
1245 2109 1308 2143 sed
1335 2113 1463 2145 nonin

75 2174 224 2208 veritate
249 2175 441 2217 permansit
466 2177 499 2207 et
524 2173 602 2207 ideo
630 2172 673 2207 de
699 2166 844 2207 veritate
872 2174 1112 2218 quaestionem
1136 2176 1261 2209 meruit
1284 2175 1461 2218 inchoare,

76 2237 141 2271 sed
163 2248 233 2272 non
262 2239 388 2273 meruit
415 2238 624 2272 solutionem
657 2237 792 2273 audire.
848 2237 950 2272 Ratio
984 2238 1056 2272 alia
1089 2243 1141 2273 est
1175 2240 1363 2275 secundum
1387 2242 1460 2276 Au-

76 2303 265 2348 gustinum,
289 2313 396 2348 quare
408 2303 617 2338 solutionem
640 2314 710 2337 non
727 2303 871 2345 audivit,
898 2305 990 2350 quia,
1017 2314 1091 2338 enm
1108 2304 1203 2339 illam
1221 2309 1461 2352 quaestionem

77 2366 232 2409 fecisset,
260 2367 376 2402 subito
401 2369 497 2403 venit
523 2369 574 2402 illi
593 2370 628 2403 in
652 2373 798 2404 mentem
824 2369 1038 2404 consuetudo
1062 2369 1283 2411 Judaeorum,
1312 2380 1381 2415 qua
1399 2380 1459 2404 so-

76 2432 173 2467 lebat
196 2443 284 2467 unus
311 2432 435 2466 dimitti
458 2434 493 2466 in
516 2432 650 2478 pascha
681 2438 715 2468 et
738 2434 818 2468 ideo
845 2436 961 2468 statim
989 2435 1072 2468 exiit
1098 2439 1132 2468 et
1158 2434 1365 2469 solutionem
1391 2446 1461 2471 non

76 2499 303 2543 exspectavit.
339 2496 464 2532 Tertia
487 2499 576 2532 ratio
603 2502 658 2532 est
681 2499 871 2534 secundum
889 2498 1181 2543 (lhszostoniuin,
1208 2500 1290 2543 quia
1314 2500 1458 2543 sciebat,

75 2562 168 2609 quod
194 2563 354 2609 quaestio
388 2567 457 2596 tam
483 2560 636 2596 difficilis
665 2563 848 2610 indigebat
870 2563 975 2598 multo
1011 2568 1167 2609 tempore
1194 2568 1227 2598 et
1253 2565 1360 2601 multa
1384 2566 1456 2601 dis-

141 2708 169 2741 1)
188 2711 250 2735 Hoc
268 2707 450 2736 vocabulum
469 2706 580 2734 omittit
599 2706 651 2734 Ed.
670 2710 713 2733 l’r.
