1742 3005
380 91 477 140 Cap.
512 90 558 127 lt.
619 90 676 126 De
707 95 837 125 sancto
867 87 1018 125 Andrea
1049 88 1235 138 apostolo.
1441 86 1489 124 15»

105 203 139 234 iu
167 208 253 244 paee
278 198 463 243 requievit.
522 194 623 230 Venit
647 195 754 240 igitur
780 204 846 228 vox
874 192 919 227 ad
944 192 1116 228 Andrean]
1144 191 1280 226 dicens:
1326 200 1388 236 per
1410 202 1488 226 ora-

106 267 232 299 tionem
259 267 352 296 tuam
365 260 557 303 Nicolaum,
577 271 677 306 quem
702 259 938 304 perdideram,
961 259 1145 304 acquisivi.
1172 278 1216 284 ——-
1231 260 1330 294 —5.
1346 257 1491 299 Quidam

102 331 242 376 juvenis
270 328 489 364 Christianus
516 328 685 362 secretius
714 326 842 360 Sancto
859 325 1022 359 Andreae
1048 323 1154 357 dixit:
1180 328 1291 358 mater
1316 334 1393 358 mea
1415 325 1491 369 pul-

107 395 224 430 ehrum
259 405 312 429 me
345 394 468 429 videns
504 393 546 427 de
581 402 687 437 opere
712 402 764 425 me
792 391 913 424 illicito
938 393 1066 423 tentat:
1115 391 1166 423 eui
1194 388 1271 423 dmn
1298 383 1492 425 nullatenus

107 462 334 502 assentirem,
355 460 506 505 jndicem
533 458 631 499 adiit,
658 456 779 491 volens
804 457 838 489 in
862 466 914 488 me
940 456 1067 488 crimen
1091 458 1210 487 tantae
1236 457 1413 499 nequitiae
1438 467 1492 490 re-

107 532 283 571 torquere,
309 525 371 559 sed
399 534 462 558 ora
487 534 550 568 pro
576 534 641 564 me,
668 532 710 556 ne
735 522 864 554 moriar
890 523 959 553 tam
988 521 1128 564 injuste,
1156 529 1234 553 nam
1259 524 1291 553 et
1311 526 1493 555 aecusatus

108 593 245 636 penitus
282 589 434 624 reticebo
471 588 603 622 malens
642 589 746 621 vitam
774 586 941 630 perdere,
995 595 1095 630 qnam
1121 589 1262 619 matrem
1291 596 1399 620 meam
1424 591 1492 621 tam

107 657 255 700 turpiter
281 655 461 689 infamare.
509 654 653 689 Juvenis
689 654 796 697 igitur
822 650 865 685 ad
886 652 1054 696 judicium
1084 656 1226 685 vocatur
1250 655 1283 685 et
1311 652 1391 686 illuc
1419 664 1492 687 enm

106 721 265 757 Andreas
290 721 525 766 prosequitur.
561 719 713 754 Accusat
736 721 937 752 constanter
960 721 1072 751 mater
1096 716 1199 750 lilium
1216 745 1223 758 ,
1253 717 1344 761 qnod
1371 728 1407 752 se
1435 730 1493 753 vo-a

107 788 211 822 luerit
235 787 379 821 violare.
426 785 668 830 Interrogatus
694 785 824 830 pluries
854 785 1017 829 juvenis,
1067 794 1111 817 an
1139 794 1195 817 res
1221 783 1340 818 taliter
1368 794 1406 819 se
1433 785 1493 819 ha-

108 853 224 894 beret,
257 852 341 886 nihil
371 853 506 897 penitus
533 850 780 895 respondebat.
853 849 949 884 Tune
973 849 1132 884 Andreas
1159 851 1258 883 matri
1285 850 1392 884 dixit:
1418 861 1494 885 rru-

109 919 290 953 delissima
314 918 529 957 seminarum,
560 927 649 962 quae
673 927 736 961 per
751 920 842 950 tuam
867 915 1044 949 libidinem
1070 916 1203 948 unicum
1231 916 1334 949 lilium
1364 919 1414 950 vis
1434 928 1494 962 pe-

109 986 187 1018 rire.
235 983 331 1018 Tunc
356 983 417 1016 illa
445 984 648 1028 praeposito
676 982 782 1016 dixit:
832 981 991 1023 domine,
1027 980 1105 1014 huic
1131 979 1259 1014 homini
1286 982 1375 1015 iilius
1401 994 1495 1017 meus

108 1048 281 1089 adhaesit,
307 1052 491 1094 postquam
516 1048 580 1082 hoc
606 1058 713 1093 agere
739 1049 849 1082 voluit
874 1048 935 1082 sed
954 1048 1122 1092 nequivit.
1161 1047 1272 1081 iratus
1298 1049 1416 1093 itaque
1437 1050 1496 1094 ju-

107 1114 174 1149 dex
194 1115 301 1160 jussit
323 1124 465 1159 puerum
490 1115 524 1147 in
549 1124 685 1148 sacrum
711 1115 845 1148 linitum
872 1115 947 1159 pice
973 1118 1006 1148 et
1030 1113 1306 1148 bitumine-mitti
1333 1119 1366 1148 et
1384 1116 1417 1148 in
1433 1116 1496 1150 llu-

108 1181 196 1215 mine
222 1181 360 1225 projici,
385 1179 561 1215 Andream
587 1190 670 1214 vero
698 1182 734 1214 in
759 1191 901 1215 earcere
928 1181 1116 1221 reservari,
1143 1179 1252 1219 donec
1277 1183 1496 1226 excogitaret

108 1245 334 1291 supplicium,
386 1256 453 1291 quo
487 1247 628 1291 periret.
701 1246 771 1281 Sed
797 1251 920 1281 orante
945 1246 1089 1281 Andrea
1116 1247 1303 1280 tonitruum
1330 1246 1498 1283 horribile

108 1321 227 1345 omnes
251 1314 376 1346 terruit
403 1316 437 1347 et
462 1316 578 1347 terrae
603 1316 715 1346 motus
742 1315 865 1358 ingens
886 1316 1028 1345 cunctos
1055 1313 1248 1356 prostravit
1272 1316 1305 1346 et
1331 1314 1454 1347 mulier
1478 1325 1497 1347 a

109 1376 249 1412 fulmine
274 1387 442 1422 percussa
465 1382 499 1412 et
524 1378 681 1412 arefacta
706 1379 846 1411 corruit.
887 1377 1076 1411 Orantibns
1097 1380 1210 1410 autem
1236 1380 1385 1412 caeteris
1412 1388 1498 1423 apo-

109 1442 248 1484 stolum,
274 1453 316 1477 ne
340 1444 507 1487 perirent,
532 1444 647 1477 oravit
670 1454 733 1488 pro
751 1445 792 1477 iis
819 1448 853 1478 et
879 1436 993 1477 omnia
1019 1446 1255 1478 cessaverunt.
1283 1443 1380 1477 Tunc
1396 1455 1499 1489 prae-

109 1509 246 1552 positus
264 1507 412 1541 credidit
438 1513 472 1542 et
497 1509 616 1542 domus
644 1510 720 1553 ejus
745 1513 816 1543 tua.
842 1529 887 1534 --
911 1529 957 1534 —
984 1513 1031 1547 6.
1062 1509 1144 1543 Cum
1172 1512 1285 1542 autem
1304 1514 1498 1554 essetapo-

110 1574 221 1608 stolus
242 1575 432 1608 incivitate
446 1573 588 1615 Nicaea,
617 1574 779 1609 dixerunt
804 1576 836 1609 ei
863 1576 970 1617 cives,
998 1574 1091 1620 quod
1118 1578 1219 1608 extra
1243 1576 1418 1609 civitatem
1444 1586 1499 1611 se-

109 1649 168 1673 cus
194 1640 285 1673 viam
310 1643 442 1684 septem
467 1639 652 1676 daemones
681 1644 801 1683 erant,
849 1642 908 1686 qui
932 1644 1198 1685 praetereuntes
1226 1639 1381 1675 homines
1410 1643 1501 1675 oeri-

110 1704 251 1740 dehant.
301 1705 432 1746 Quibus
466 1705 509 1739 ad
541 1706 677 1750 jussum
704 1707 857 1752 apostoli
882 1711 962 1741 ante
989 1706 1155 1751 populum·
1177 1707 1211 1740 in
1237 1708 1353 1751 speeie
1379 1717 1500 1741 canum

111 1769 329 1806 venientibus
352 1772 545 1816 praecepit,
571 1775 608 1805 ut
633 1772 714 1807 illuc
739 1774 847 1814 irent,
875 1773 937 1807 uhi.
958 1772 1044 1807 nulli
1070 1771 1243 1806 hominum
1270 1784 1394 1808 nocere
1420 1783 1501 1818 pos-

112 1840 202 1872 sent.
261 1836 327 1877 Qui
351 1838 466 1871 statim
493 1842 719 1873 evanuerunt.
787 1838 841 1873 Illi
877 1843 991 1873 autem
1026 1837 1182 1872 homines
1210 1838 1274 1872 hoc
1300 1840 1375 1873 viso
1403 1839 1501 1873 tidem

112 1901 241 1937 Christi
266 1908 484 1948 receperunt.
553 1904 598 1939 Et
627 1914 703 1938 cum
736 1906 893 1939 venisset
931 1904 976 1939 ad
1008 1908 1144 1950 portam
1178 1904 1323 1939 alterius
1351 1906 1502 1939 civitatis

112 1977 191 2003 ecce
224 1968 363 2014 quidam
390 1971 531 2015 juvenis
554 1974 711 2005 mortuus
736 1970 925 2005 serebatur.
998 1971 1199 2012 Quaerente
1228 1971 1393 2015 apostolo
1422 1972 1503 2016 quid

113 2035 146 2068 ei
169 2034 367 2077 accidisset,
404 2035 531 2071 dictum
556 2040 610 2072 est
635 2038 679 2079 ei,
707 2036 800 2082 quod
825 2041 957 2082 septem
981 2047 1087 2072 canes
1113 2041 1283 2072 venerunt
1309 2042 1343 2071 et
1370 2048 1446 2071 eum
1469 2038 1504 2071 in

118 2098 271 2134 rubic'ulo
295 2106 518 2137 necaverunt.
565 2101 611 2138 Et
633 2103 818 2138 lacrimans
843 2103 1026 2148 apostolus
1053 2105 1120 2138 ait:
1147 2102 1383 2145 sciodmnine,
1412 2102 1503 2148 quod

116 2165 254 2200 fuerunt
281 2165 481 2211 daemones,
507 2179 594 2214 quos
620 2179 641 2203 a
666 2169 798 2204 Nicaea
823 2169 908 2205 urbe
934 2170 1056 2215 repuli.
1096 2170 1261 2215 Dixitque
1286 2171 1396 2214 patri:
1423 2169 1504 2214 quid

115 2229 216 2265 dabis
233 2231 329 2276 mihi,
353 2235 383 2267 si
394 2236 612 2269 suscitavero
626 2235 730 2269 tilium
741 2237 863 2272 tuum?
890 2236 1043 2271 Cuiille:
1069 2236 1115 2270 nil
1126 2237 1241 2270 carius
1261 2246 1328 2281 ego
1344 2235 1505 2280 posside-

115 2295 206 2337 bam,
231 2297 344 2340 ipsum
354 2308 440 2345 ergo
454 2299 518 2334 tibi
528 2300 632 2336 dabo.
658 2300 701 2336 Et
713 2301 805 2336 sacta
816 2304 976 2337 oratione
987 2302 1139 2336 surrexit
1152 2305 1185 2336 et
1197 2300 1359 2346 apostolo
1373 2299 1504 2333 adhae-

118 2361 173 2394 sit.
193 2380 292 2387 —-
311 2364 350 2399 ἲ.
362 2363 444 2398 Cum
462 2365 601 2410 quidam
610 2368 676 2401 viri
692 2378 833 2402 numero
845 2368 1081 2413 quadraginta
1096 2367 1140 2400 ad
1152 2365 1349 2411 apostolum
1362 2366 1504 2410 navigio

120 2427 289 2468 venirent,
317 2430 355 2461 ut
378 2428 422 2461 ab
449 2439 490 2463 eo
515 2430 597 2465 fidei
621 2431 814 2467 doctrinam
840 2434 1056 2477 reciperent,
1084 2441 1163 2466 ecce
1188 2441 1210 2465 a
1235 2429 1386 2475 dyabolo
1411 2439 1505 2464 mare

116 2492 311 2526 concitatur
334 2495 369 2527 et
391 2504 509 2528 omnes
533 2497 667 2539 pariter
692 2497 973 2542 submerguntur.
1037 2496 1119 2531 Cum
1145 2501 1259 2532 autem
1286 2507 1405 2531 eorum
1428 2505 1504 2530 eor-

118 2566 207 2601 pora
231 2556 276 2592 ad
301 2557 382 2593 litus
407 2559 525 2594 delata
554 2560 722 2604 fuissent,
749 2566 829 2597 ante
856 2562 1052 2607 apostolum
1081 2562 1311 2608 deportantur
1334 2566 1369 2598 et
1392 2562 1436 2597 ab
1463 2573 1504 2597 eo

119 2623 281 2657 continuo
306 2625 528 2660 suscitantur.
578 2625 643 2665 Qui
668 2628 802 2668 omnia,
830 2636 918 2672 quae
944 2627 1011 2662 sibi
1035 2628 1236 2663 acciderunt
1260 2634 1504 2664 narraverunt.

120 2685 216 2722 Unde
241 2689 277 2723 in
303 2689 451 2735 quodam
475 2689 599 2735 hymno
627 2693 738 2736 ipsius
763 2693 909 2738 legitur:
935 2693 1169 2739 quaterdenos
1188 2696 1336 2740 juvenes
1351 2694 1505 2730 submer-
