1742 3005
265 96 348 134 434
570 96 665 144 Cap.
695 94 740 131 C.
799 93 858 130 De
899 102 1029 130 sancto
1061 93 1350 144 Cliristoplnoro.

265 200 445 243 templum⁷
474 199 652 232 solventes
689 197 864 243 cingulum
901 206 999 230 suum
1033 201 1224 241 posuerunt
1259 199 1293 230 in
1327 197 1420 230 colla
1446 197 1594 231 Deorum
1621 201 1655 230 et

268 265 310 299 ad
334 268 458 298 tetram
492 262 673 297 trahentes
709 264 742 295 in
773 263 948 307 pulverem
975 261 1225 306 confregerunt
1249 262 1480 307 dixeruntque
1507 266 1651 296 adstan-

264 330 379 363 tibus:
406 330 452 363 ite
479 333 512 362 et
536 334 659 363 vocate
685 328 860 369 medicoS,
895 332 931 362 ut
954 331 1076 361 curent
1102 326 1194 360 Deos
1220 332 1369 361 vestros.
1418 328 1519 362 Tunc
1551 329 1655 373 jussu

268 396 364 441 regis
399 395 566 440 Aquilina
601 394 829 438 suspenditur
864 397 898 428 et
936 393 1048 439 ligato
1082 392 1127 426 ad
1163 393 1240 437 ejus
1275 393 1384 438 pedes
1409 395 1542 439 ingenti
1569 404 1655 427 saxo

268 460 422 496 membra
445 465 522 506 ejus
549 462 664 494 omnia
691 460 942 504 dirumpuntur.
992 459 1090 498 Quae
1113 468 1186 492 cum
1207 459 1396 504 migrasset
1411 459 1455 492 ad
1471 459 1655 500 dominum,

265 538 368 562 soror
395 527 471 572 ejus
498 526 629 560 Nicaea
654 528 686 560 in
715 527 829 570 ignem
855 526 1052 570 projicitur,
1077 523 1139 558 sed
1167 523 1246 558 inde
1273 525 1400 559 illaesa
1423 525 1545 559 exiens
1574 536 1655 570 pro-

266 595 358 627 tinus
385 592 590 627 decollatur.
641 592 726 627 Post
759 602 845 637 ergo
878 589 1155 634 Christopliorus
1190 591 1265 635 regi
1300 595 1564 634 praesentatur,
1599 592 1656 635 qui

261 661 371 705 jussit
406 669 481 693 eum
516 660 627 704 virgis
660 658 786 692 ferreis
820 656 919 690 caedi
960 660 994 690 et
1017 654 1188 690 cassidem
1216 656 1365 690 ferream
1393 660 1427 690 et
1459 658 1596 702 igneam
1622 658 1656 689 in

265 728 370 769 caput
397 725 472 767 ejus
497 724 593 768 poni,
629 722 756 757 deinde
782 732 956 756 scamnum
981 721 1129 755 ferreum
1156 723 1229 756 lieri
1258 721 1339 756 fecit
1365 725 1399 755 et
1426 721 1657 766 Clu-istopbo-

267 801 338 824 rum
381 788 507 822 ibidem
549 788 654 834 ligari
698 793 732 823 et
775 790 890 832 ignem
928 787 1057 831 injecta
1096 788 1176 831 pice
1210 787 1384 821 succendi.
1435 787 1504 821 Sed
1548 789 1660 821 instar

267 865 369 890 cerae
405 865 579 889 scamnum
626 854 862 899 confringitur
902 856 936 887 et
974 851 1250 897 Cliristophorus
1289 852 1433 886 illaesus
1467 852 1658 897 egreditur.

267 920 400 956 Deinde
421 922 530 965 jussit
556 930 630 954 eum
657 920 700 953 ad
728 920 882 963 stipitem
908 918 1012 964 ligari
1040 922 1073 952 et
1098 928 1119 952 a
1148 917 1260 952 CCCC
1288 918 1455 952 militibus
1482 919 1657 964 sagittari.

267 988 427 1031 Sagittae
463 991 575 1019 autem
613 995 731 1019 omnes
770 987 804 1018 in
838 988 919 1019 aere
954 984 1260 1029 suspendebantur
1296 994 1358 1018 nec
1393 986 1507 1029 ipsum
1542 984 1661 1028 aliqua

268 1053 472 1095 contingere
498 1052 621 1095 potuit.
673 1051 743 1085 Rex
777 1054 890 1085 antem
925 1054 1063 1094 putans·
1080 1051 1192 1094 ipsum
1218 1060 1239 1084 a
1264 1050 1432 1085 militibus
1459 1052 1661 1096 sagittatum

265 1128 339 1151 cum
374 1116 484 1150 eidem
518 1116 724 1154 insultaret,
762 1115 879 1149 subito
912 1126 980 1150 una
1012 1115 1056 1149 de
1084 1117 1226 1161 sagittis
1262 1116 1306 1149 ab
1342 1120 1423 1151 aere
1456 1118 1600 1151 veniens
1629 1120 1663 1150 et

267 1188 360 1217 retro
393 1193 433 1217 se
469 1187 607 1216 vertens
644 1192 761 1227 regem
802 1182 836 1215 in
871 1181 972 1214 oculo
1007 1182 1183 1225 percussit
1216 1186 1250 1215 et
1275 1183 1386 1226 ipsum
1415 1183 1575 1226 protinus
1600 1192 1661 1216 ex-

268 1251 436 1283 caecarit.
487 1248 549 1282 Cui
583 1246 882 1292 Cliristopliorus:
917 1248 1069 1280 crastina
1096 1247 1152 1282 die
1177 1247 1465 1282 consummandus
1495 1258 1583 1288 suin,
1625 1252 1661 1281 tn

267 1317 394 1360 igitur,
421 1319 587 1359 tyranne,
622 1313 729 1347 lutum
768 1313 811 1347 de
846 1314 1020 1358 sanguine
1053 1323 1129 1347 meo
1156 1313 1267 1347 sat-ies
1295 1318 1330 1347 et
1354 1313 1488 1347 oculum
1515 1315 1662 1359 inunges

267 1385 301 1415 et
326 1382 511 1414 sanitatem
537 1380 699 1423 recipies,
751 1378 851 1413 Tunc
873 1379 976 1423 jussu
1005 1380 1101 1425 regis
1129 1379 1172 1413 ad
1199 1379 1441 1414 decollandum
1468 1379 1606 1413 ducitur
1630 1384 1664 1413 et

269 1446 319 1480 ibi
346 1446 425 1480 fusa
450 1446 611 1480 oratione
637 1441 853 1487 decollatur,
887 1455 948 1479 rex
981 1450 1095 1479 autem
1121 1445 1293 1479 modicum
1318 1446 1360 1481 de
1387 1446 1559 1491 sanguine
1587 1446 1663 1490 ejus

264 1513 441 1556 accipiens
469 1516 503 1546 et
528 1521 635 1556 super
659 1511 795 1545 oculum
819 1522 916 1546 suum
943 1522 1075 1556 ponens
1104 1512 1169 1545 ait:
1197 1513 1230 1545 in
1255 1513 1395 1546 nomine
1409 1512 1474 1546 Dei
1489 1516 1522 1546 et
1551 1513 1663 1546 saneti

266 1577 526 1622 Cliristopliori,
562 1582 595 1611 et
630 1579 793 1611 continuo
828 1587 933 1612 sanus
973 1577 1118 1612 effectus
1163 1582 1228 1612 est.
1279 1577 1377 1612 Tunc
1414 1588 1475 1613 rex
1512 1577 1663 1613 credidit

268 1643 354 1677 dans
383 1646 619 1687 praeceptum,
647 1647 695 1683 ut,
722 1644 752 1677 si
779 1645 856 1688 quis
878 1644 984 1678 Deum
1013 1648 1046 1678 et
1068 1648 1221 1678 sanctum
1250 1643 1537 1689 Cliristopliorum
1566 1643 1663 1678 blas-

267 1708 459 1753 phemaret,
485 1710 648 1742 continuo
664 1709 784 1753 gladio
804 1708 979 1743 feriretur.
1029 1710 1237 1743 Ambrosius
1256 1714 1369 1744 autem
1389 1710 1421 1743 in
1438 1710 1662 1754 praefatione

266 1776 316 1808 sic
353 1776 401 1808 ait
435 1774 477 1809 de
510 1773 578 1808 hoc
612 1776 774 1808 martire:
812 1774 1067 1819 Cbristoplioro
1100 1778 1218 1809 tantae
1251 1776 1390 1808 virtutis
1426 1775 1595 1808 cumulum
1631 1779 1665 1809 et

268 1840 447 1874 doctrinae
473 1841 643 1885 gratiam,
680 1840 838 1881 (lumine,
872 1839 1073 1881 contulisti,
1109 1845 1145 1874 ut
1178 1839 1319 1874 XLVlll
1355 1840 1465 1874 millia
1489 1839 1664 1874 hominum

267 1905 309 1938 de
343 1905 553 1947 gentilitatis
591 1916 711 1939 erroro
747 1905 789 1939 ad
826 1905 1008 1939 christiani
1038 1905 1212 1951 dogmatis
1244 1905 1371 1939 cultum
1399 1907 1665 1941 coruscantilms

268 1970 444 2004 miraculis
470 1981 677 2012 revocares,
708 1975 837 2017 quique
859 1971 1021 2005 Nicaeam
1051 1975 1084 2004 et
1110 1971 1309 2016 Aquilinam
1336 1971 1476 2016 publico
1504 1972 1665 2016 lupanari

269 2036 375 2079 longo
402 2040 558 2081 tempore
585 2036 649 2070 sub
679 2038 877 2071 meretricia
902 2037 1006 2071 sorde
1035 2037 1242 2070 famulantes
1278 2037 1320 2071 ad
1358 2039 1530 2071 castitatis
1562 2037 1665 2072 liabi-

269 2107 338 2135 tum
373 2103 578 2145 provocavit
612 2102 823 2148 easdemque
862 2112 1025 2136 coronam
1058 2104 1239 2147 percipere
1274 2102 1433 2144 edocuit,
1478 2108 1666 2149 propterea

271 2169 361 2202 inter
385 2168 524 2211 igneum
551 2179 672 2214 rogum
700 2169 817 2203 l'erreo
849 2178 989 2202 scamno
1017 2169 1226 2202 constrictus
1252 2170 1390 2202 nimium
1419 2169 1570 2203 calorem
1597 2181 1664 2204 non

269 2234 383 2267 timuit
418 2237 522 2278 atque
558 2245 620 2278 per
657 2234 745 2268 diem
783 2236 955 2279 integrum
989 2235 1138 2267 ‹imnium
1165 2234 1308 2267 militum
1341 2236 1482 2280 sagittis
1507 2236 1667 2282 transfigi

271 2309 337 2332 non
365 2300 498 2343 potuit;
535 2304 707 2333 caeterum
743 2310 811 2334 una
838 2310 879 2333 ex
907 2299 960 2333 liis
985 2300 1158 2333 carnificis
1187 2300 1320 2333 oculum
1348 2301 1498 2342 collisit,
1534 2303 1588 2335 eui
1613 2305 1665 2335 ta-

271 2375 344 2399 men
381 2364 474 2399 beati
507 2367 658 2399 martiris
693 2376 796 2399 cruor
830 2367 956 2399 mixtus
990 2375 1063 2398 cum
1091 2369 1186 2399 terra
1212 2365 1324 2400 lumen
1354 2368 1506 2401 restitnit
1532 2371 1566 2401 et
1588 2377 1665 2400 cor-

270 2431 368 2474 poris
406 2431 610 2464 caccitatem
647 2430 800 2465 tollendo
827 2431 1035 2465 illuminavit
1062 2436 1096 2465 et
1121 2436 1286 2473 mentem,
1322 2443 1397 2466 nam
1428 2431 1518 2476 apud
1546 2435 1578 2465 te
1606 2441 1665 2464 ve-

271 2498 361 2529 niam
389 2497 585 2540 impetravit
614 2502 738 2542 atquc.
778 2501 812 2531 ut
838 2496 979 2530 morbos
1020 2501 1053 2531 ot
1079 2497 1297 2532 infirmitates
1325 2497 1491 2542 repellat,
1529 2495 1663 2540 suppli-

272 2561 358 2593 citer
382 2560 541 2595 obtinuit.
