1742 3005
193 102 269 141 172
415 105 510 154 Cap.
544 102 717 140 xxxix.
775 103 834 140 De
864 109 996 140 sancta
1025 101 1171 154 Agatha
1202 103 1356 154 virgine.

189 208 383 243 dieamenta
409 211 441 242 et
470 207 555 241 dixit
582 209 632 241 ci:
681 207 763 243 licet
787 207 981 243 consularis
1006 210 1148 242 insanus
1180 208 1361 242 tormentis
1382 211 1415 242 te
1439 207 1572 242 afflixe-

191 276 253 315 rit,
303 277 339 306 tu
366 283 441 307 eum
468 274 536 307 tuis
562 274 741 317 responsis
768 273 915 318 amplius
941 273 1100 307 afflixisti
1125 277 1158 308 et
1180 273 1261 308 lieet
1284 272 1391 308 ubera
1417 277 1476 307 tua
1502 276 1575 307 tor-

189 340 293 382 serit,
344 338 404 373 sed
431 338 524 373 illius
552 338 692 373 ubertas
720 339 753 372 in
778 337 1041 372 amaritudinem
1067 341 1305 381 convertetur,
1355 342 1389 373 et
1414 340 1574 384 quoniam

188 404 236 438 ibi
264 415 379 447 eram,
421 404 560 449 quando
585 403 650 438 hoc
675 403 892 449 patiebaris,
932 403 1024 445 vidi,
1074 405 1157 447 quia
1190 403 1342 438 mamilla
1373 408 1434 438 tua
1459 408 1575 448 potest

187 480 302 504 curam
329 469 454 504 salutis
479 471 670 514 suscipere.
721 470 782 507 Cui
808 469 969 516 Agatha:
1013 470 1216 505 medicinam
1241 469 1415 504 carnalem
1437 471 1574 515 corpori

189 548 264 572 meo
290 546 462 582 nunquam
491 535 646 578 exhibui,
675 540 708 571 et
732 539 832 581 turpe
859 540 924 579 est,
956 539 1004 578 ut,
1030 535 1121 581 quod
1147 534 1278 569 tamdiu
1301 537 1462 578 servavi,
1490 545 1575 570 nunc

186 602 341 649 perdam.
390 601 485 636 Dixit
510 602 540 637 ei
565 612 690 637 senex:
726 601 817 645 tilia,
850 612 917 647 ego
945 600 1154 635 christianus
1174 611 1269 644 sum,
1296 612 1339 636 ne
1365 600 1575 636 verecunde·

188 671 246 704 ris.
297 669 360 702 (lui
384 667 542 713 Agatha:
567 671 600 701 et
625 666 714 702 unde
742 667 967 702 verecundari
993 677 1147 712 possum,
1174 676 1249 700 cum
1274 670 1311 701 tu
1335 668 1384 702 sis
1408 677 1517 701 senex
1541 671 1575 701 et

186 733 432 781 grandaevus,
483 742 550 778 ego
577 743 659 767 vero
684 734 733 766 ita
758 732 945 767 crudeliter
968 732 1145 775 lacerata,
1198 731 1290 777 quod
1326 743 1426 767 nemo
1453 732 1495 767 de
1523 743 1574 767 me

186 801 298 847 possit
319 799 503 842 concipere
530 797 752 842 voluptatem.
803 797 872 832 Sed
899 807 968 843 ago
993 797 1056 831 tibi
1089 799 1247 843 gratias,
1300 796 1437 832 domine
1462 802 1574 842 pater,

187 868 269 912 quia
295 862 563 899 sollicitudinem
588 866 680 898 tuam
714 862 794 897 mihi
820 863 1019 908 impendere
1046 863 1210 910 dignatus
1236 873 1284 897 es.
1335 862 1396 897 Cui
1428 862 1506 897 iile:
1541 868 1576 898 et

187 942 295 978 quare
322 940 386 964 non
414 930 606 974 permittis,
633 933 670 963 ut
692 939 806 964 curem
833 930 893 964 te‘?
941 929 1084 975 Agatha
1109 928 1309 974 respondit:
1354 929 1437 974 quia
1461 927 1575 964 habeo

185 998 357 1032 doininum
382 995 500 1031 Jesum
528 993 720 1038 Christum,
771 996 829 1039 qui
854 995 930 1029 solo
961 994 1068 1030 verbo
1096 999 1194 1029 curat
1219 994 1333 1029 omnia
1357 997 1391 1028 et
1417 1004 1575 1030 sermone

186 1065 363 1098 restaurat
382 1062 557 1095 universa.
593 1060 653 1095 Hic
677 1062 705 1095 si
731 1061 815 1103 vult,
844 1064 961 1106 potest
985 1072 1038 1096 me
1061 1062 1223 1095 continuo
1252 1069 1386 1095 curare.
1422 1059 1466 1094 Et
1490 1059 1572 1095 sub-

185 1128 302 1164 ridens
335 1127 454 1162 senior
489 1124 596 1161 dixit:
649 1129 683 1161 et
716 1136 784 1172 ego
817 1127 1000 1171 apostolus
1034 1129 1109 1172 ejus
1141 1138 1215 1161 sum
1242 1127 1377 1171 etipse
1404 1136 1456 1161 me
1481 1127 1574 1161 misit

185 1183 288 1229 adhe
315 1196 349 1228 et
372 1194 407 1226 in
431 1192 568 1226 nomine
595 1192 671 1237 ejus
695 1192 786 1226 scias
814 1196 847 1227 te
873 1203 952 1227 esse
980 1197 1157 1235 sanatam,
1201 1196 1234 1226 et
1259 1193 1421 1226 continuo
1449 1191 1572 1226 Petrus

185 1258 366 1305 apostolus
392 1257 574 1302 disparuit.
644 1255 688 1291 Et
711 1257 896 1302 procidens
924 1257 1030 1292 beata
1056 1257 1197 1304 Agatha
1223 1258 1358 1303 gratias
1383 1266 1493 1302 agens
1518 1258 1571 1291 in-

186 1326 278 1360 venit
314 1334 352 1358 se
389 1322 540 1367 undique
584 1326 744 1356 sanatam
779 1327 814 1358 et
848 1324 1033 1358 mamillam
1067 1334 1163 1358 suam
1196 1324 1330 1368 pectori
1363 1324 1568 1357 restitutam.

185 1392 267 1426 Cum
293 1399 378 1435 ergo
406 1398 448 1423 ex
476 1389 640 1423 immenso
671 1387 799 1424 lumine
829 1389 994 1424 custodes
1019 1390 1131 1424 territi
1159 1388 1382 1435 aufugissent
1407 1391 1442 1423 ct
1467 1398 1569 1433 aper-

181 1462 257 1491 tunr
277 1464 452 1490 carcerem
476 1453 721 1499 reliquissent,
760 1459 888 1501 rogant
915 1465 989 1489 eam
1017 1454 1176 1500 quidam,
1217 1457 1253 1488 ut
1276 1453 1401 1489 abiret.
1457 1452 1571 1496 Absit,

182 1522 315 1567 inquit,
362 1523 398 1553 ut
423 1519 554 1565 fugiam
581 1524 613 1554 et
647 1530 811 1554 coronam
846 1522 1037 1565 patientiae
1062 1520 1204 1566 perdam
1231 1523 1264 1555 et
1288 1519 1451 1554 custodes
1476 1529 1570 1554 meos

181 1584 464 1622 tribulationibus
491 1583 639 1620 tradam.
694 1585 778 1620 Post
802 1586 876 1620 dies
904 1590 1068 1631 quattuor
1093 1585 1180 1620 dixit
1201 1587 1233 1620 ei
1259 1586 1484 1627 Quintianus,
1535 1590 1570 1619 ut

180 1654 273 1688 Deos
293 1651 470 1689 adoraret,
496 1660 538 1684 ne
564 1651 732 1696 graviora
758 1652 931 1697 supplicia
951 1653 1150 1687 sustineret.
1200 1651 1262 1685 Cui
1278 1650 1438 1696 Agatha:
1464 1650 1571 1685 verba

180 1724 240 1753 tua
265 1718 363 1752 fatua
386 1719 465 1750 sunt
490 1719 524 1750 et
557 1726 665 1759 vana,
717 1721 833 1752 aerem
857 1717 1068 1752 maculantia
1095 1721 1128 1752 et
1154 1718 1283 1762 iniqua.
1355 1716 1467 1751 Miser
1494 1718 1568 1751 sine

180 1784 377 1825 intellectu,
407 1781 580 1826 quomodo
606 1783 678 1824 vis,
706 1787 741 1816 ut
765 1782 902 1827 lapides
929 1782 1071 1817 adorem
1097 1786 1131 1817 et
1154 1782 1260 1817 Deum
1287 1782 1373 1815 coeli
1391 1810 1399 1824 ,
1429 1783 1487 1827 qui
1515 1793 1568 1816 me

179 1850 330 1890 sanavit,
357 1847 555 1882 dimittam?
593 1848 798 1887 Quintianus
825 1848 931 1882 dixit:
957 1852 991 1882 et
1016 1849 1093 1893 quis
1119 1852 1152 1882 te
1179 1847 1344 1881 sanarit?
1380 1847 1441 1880 (lui
1470 1847 1567 1892 Aga.-

179 1915 259 1949 tha:
295 1914 453 1948 Christus
480 1913 571 1946 tilius
598 1912 673 1948 Dei.
723 1914 928 1954 Quintianus
957 1913 1061 1947 dixit:
1097 1915 1218 1948 iterum
1245 1916 1281 1946 tn
1308 1912 1478 1947 Christum
1506 1922 1567 1946 au-

179 1979 241 2015 des
267 1980 458 2021 nominare,
486 1990 585 2024 quem
613 1989 680 2025 ego
706 1979 786 2013 nolo
813 1978 966 2014 audire?
1013 1978 1155 2025 Agatha
1182 1978 1288 2012 dixit:
1325 1977 1488 2023 quamdiu
1517 1979 1566 2012 vi-

179 2057 276 2089 xero,
302 2045 474 2079 Christum
498 2044 603 2080 eorde
628 2050 662 2080 et
685 2045 790 2080 labiis
815 2044 999 2079 invocabo.
1042 2045 1248 2085 Quintianus
1275 2043 1381 2077 dixit:
1408 2053 1496 2077 nunc
1516 2044 1565 2077 ri*

178 2112 280 2153 debe,
308 2112 337 2144 si
367 2110 525 2145 Christus
552 2115 586 2146 te
610 2111 757 2146 curabit.
805 2109 977 2156 Et‘jussit
1000 2114 1111 2145 testas
1140 2110 1269 2144 fractas
1296 2110 1418 2155 spargi
1443 2111 1478 2143 et
1500 2108 1564 2142 sub

178 2181 286 2211 testas
320 2175 491 2211 carbones
526 2178 658 2222 ignitos
691 2178 778 2211 mitti
803 2180 837 2211 et
862 2177 973 2220 ipsam
999 2175 1150 2220 desuper
1175 2175 1265 2209 nudo
1290 2184 1438 2219 corpore
1467 2173 1563 2207 volu-

177 2243 255 2276 tari.
314 2241 410 2282 Quod
437 2252 510 2276 cum
536 2242 655 2284 tieret,
702 2252 781 2277 ecce
810 2246 925 2276 terrae
954 2244 1067 2275 motus
1091 2241 1215 2274 nimius
1242 2225 1359 2274 sactus⁴
1382 2242 1456 2280 est,
1506 2241 1563 2284 qui

175 2311 282 2342 totam
305 2308 479 2341 civitatem
507 2308 555 2341 ita
579 2308 767 2349 concussit,
793 2310 827 2340 nt
852 2307 1017 2351 palatium
1038 2317 1203 2341 corruens
1233 2305 1318 2340 duos
1344 2306 1565 2341 consiliarios

177 2374 353 2414 Quintiani
380 2374 592 2418 opprimeret
619 2376 651 2407 et
677 2373 788 2407 omnis
814 2372 964 2417 populus
990 2371 1033 2406 ad
1059 2383 1135 2407 eum
1161 2371 1562 2411 concurreretclamans,

177 2439 267 2484 quod
294 2443 438 2484 propter
471 2439 631 2484 injustum
667 2437 830 2484 Agathae
854 2440 1041 2473 cruciatum
1070 2438 1157 2473 talia
1183 2441 1396 2484 paterentur.
1468 2437 1563 2472 Tunc

177 2506 382 2543 Quintianus
408 2514 448 2538 ex
477 2513 542 2538 una
571 2507 670 2549 parte
697 2507 811 2540 terrae
846 2508 995 2547 motum,
1049 2515 1090 2539 ex
1116 2503 1188 2538 alia
1212 2503 1418 2538 seditionem
1442 2501 1559 2546 populi

177 2572 329 2602 metuens
355 2570 465 2613 ipsam
500 2571 622 2604 iterum
645 2571 679 2603 in
703 2581 876 2606 carcerem
904 2571 1011 2615 recipi
1030 2571 1158 2615 jussit,
1212 2569 1268 2603 ubi
1295 2569 1344 2602 sic
1370 2567 1484 2601 oravit
1508 2566 1560 2599 di-

175 2645 274 2667 ceus:
301 2634 435 2668 domine
461 2635 545 2670 ,lesu
571 2634 721 2679 Christe,
750 2638 806 2682 qni
833 2647 885 2671 me
912 2638 1039 2671 creasti
1067 2639 1101 2670 et
1124 2634 1167 2669 ab
1193 2633 1339 2668 infantia
1365 2631 1560 2667 custodisti,

175 2700 230 2743 qui
257 2709 381 2743 corpus
409 2710 515 2733 mcum
543 2711 564 2733 a
587 2701 777 2745 pollutione
797 2703 945 2737 servasti
972 2705 1005 2735 et
1029 2710 1048 2735 a
1074 2711 1125 2735 mc
1152 2709 1300 2733 amorem
1328 2697 1457 2732 saeculi
1483 2696 1562 2732 abs-

1713 383 1739 450 ’»”*‘·
1719 0 1742 353 μ’ί--ᾰηῦ-ὓ-
