1742 3005
349 66 446 117 Cap.
478 66 558 103 CII.
614 65 676 104 De
708 65 847 103 sanctis
875 64 1042 102 Nazario
1073 71 1110 101 et
1140 63 1268 101 Celso.
1428 63 1506 102 441

120 175 239 208 vlvere
263 173 432 218 permisit.
480 171 587 208 Jussu
612 173 721 217 igitur
744 172 966 216 imperatoris
990 169 1118 205 milites
1143 169 1325 204 Nazarium
1353 170 1511 205 calcibus

120 238 307 273 tundentes
339 242 374 274 et
407 248 550 282 puerum
582 238 810 273 verberantes
846 237 889 271 dc
924 247 1065 272 carcere
1098 236 1292 271 eduxerunt
1326 240 1361 271 et
1396 247 1511 271 eoram

120 306 333 350 imperatore
361 307 569 339 statuerunt.
617 303 750 339 Videns
777 307 891 337 autem
915 303 1009 337 Nero
1034 302 1158 336 faeiem
1186 302 1263 346 ejus
1288 303 1400 336 instar
1424 303 1511 337 solis

121 381 161 405 se
193 369 416 415 phantastice
447 370 565 404 deludi
599 371 734 414 putavit
767 373 800 403 et
832 373 869 403 ut
892 370 1048 413 magicas
1074 371 1169 401 artes
1196 367 1407 412 deponeret,
1443 369 1512 403 sibi

122 435 212 470 dixit
247 446 286 470 ac
319 439 356 469 ut
387 435 462 470 Diis
496 436 709 477 immolaret,
749 435 941 478 praecepit.
990 433 1120 467 Ductus
1158 443 1245 477 ergo
1271 432 1443 468 Nazarius
1470 434 1514 468 ad

121 502 285 547 templum
310 503 469 547 rogavit,
503 505 541 535 ut
565 511 682 534 omues
710 501 867 541 exirent,
903 503 937 533 et
964 500 1014 532 sic
1048 509 1088 533 eo
1121 503 1243 532 orante
1269 500 1383 532 omnia
1408 499 1515 544 ydola

123 572 203 602 sunt
228 567 418 602 contracta.
466 566 565 606 Quod
599 565 745 600 audiens
781 564 872 599 Nero
899 565 1010 609 jussit
1043 575 1118 599 eum
1155 565 1188 598 iu
1218 574 1312 599 mare
1339 567 1514 610 praecipi-

123 636 212 676 tari,
243 633 488 677 praecipiens,
520 636 577 674 ut,
621 633 651 666 si
687 631 779 665 sorte
813 630 998 673 evaderet,
1034 633 1146 676 ipsum
1181 632 1406 676 insequentes
1442 633 1513 677 igni

122 698 365 733 comburerent
390 702 425 733 et
448 697 625 742 pulverem
654 699 730 743 ejus
757 699 790 731 iu
817 707 910 732 mare
934 698 1160 742 projicerent.
1209 698 1382 732 Nazarius
1409 700 1518 743 igitur

124 769 161 800 ct
182 775 270 810 puer
294 764 418 799 Celsus
444 766 523 798 navi
550 766 771 809 imponuntur
804 767 838 797 et
871 765 904 797 in
930 763 1077 797 medium
1104 762 1252 809 pelagus
1279 763 1443 808 producti
1468 765 1516 798 ibi

122 832 416 876 praecipitantur,
448 829 510 864 sed
545 832 660 863 statim
696 831 790 864 circa
822 839 943 864 navem
971 833 1162 873 tempestas
1189 831 1336 863 maxima
1361 833 1517 866 concita-

123 901 180 930 tur
219 899 253 931 et
293 897 386 930 circa
424 899 565 929 sanctos
609 895 845 940 tranquillitas
885 895 1034 928 maxima
1067 895 1229 929 cernitur.
1281 896 1434 942 Cumque
1468 899 1518 932 illi

125 962 320 1007 periclitari
344 962 506 995 timerent
530 965 565 996 et
588 961 775 1002 malorum,
803 970 892 1006 quae
919 962 952 994 in
978 964 1118 995 sanctos
1146 963 1403 1001 commiserant,
1431 975 1517 1008 poe-

124 1029 287 1069 niterent,
315 1038 397 1062 eeee
420 1026 591 1060 Nazarius
615 1037 689 1061 cum
714 1038 824 1071 puero
852 1026 954 1061 Celso
988 1037 1095 1071 super
1121 1037 1232 1072 aquas
1258 1028 1439 1063 ambulans
1465 1030 1519 1063 hi-

125 1093 192 1127 lari
226 1093 322 1128 vultu
355 1092 477 1128 iisdem
510 1094 674 1137 apparuit
708 1102 749 1126 ac
785 1103 891 1136 super
924 1102 1046 1127 navem
1073 1094 1311 1127 conscendens
1337 1096 1424 1139 ipsis
1445 1098 1518 1141 Jum

127 1159 350 1194 credentibus
377 1160 538 1193 oratione
574 1169 638 1193 sua
671 1169 765 1193 mare
799 1159 951 1203 placavit
987 1168 1028 1192 ac
1065 1159 1144 1193 inde
1169 1170 1242 1193 cum
1270 1161 1312 1194 iis
1338 1161 1382 1194 ad
1407 1162 1518 1197 locum

125 1235 190 1270 per
218 1235 344 1270 passus
369 1224 426 1259 DC
448 1226 552 1270 juxta
577 1225 696 1259 urbem
734 1225 942 1259 Januensem
978 1227 1147 1268 pervenit.
1195 1225 1259 1260 Ubi
1289 1237 1361 1260 cuin
1390 1228 1520 1263 diutius

127 1291 389 1336 praedicasset,
416 1290 654 1325 Mediolanum
682 1290 843 1331 tandem,
867 1290 927 1324 ubi
956 1289 1159 1324 Gervasium
1186 1296 1219 1326 et
1243 1291 1438 1328 Protasium
1466 1306 1522 1329 re-

128 1356 302 1401 liquerat,
343 1357 450 1390 venit.
501 1356 600 1395 Quod
640 1367 714 1390 cum
748 1356 919 1390 Auolinus
953 1356 1152 1400 praefectus
1190 1358 1403 1401 audivisset,
1446 1372 1520 1395 eum

127 1426 327 1457 remanente
363 1422 466 1456 Celso
505 1423 539 1455 in
573 1422 674 1455 domo
713 1421 893 1466 cujusdam
921 1426 1099 1457 matronae
1136 1424 1169 1456 in
1196 1424 1354 1458 exsilium
1382 1426 1522 1467 direxit,

128 1488 299 1522 Nazarius
327 1499 408 1523 vero
434 1487 575 1522 Romam
597 1490 737 1522 veniens
765 1492 799 1522 et
822 1492 955 1532 patrem
990 1499 1087 1522 suum
1115 1490 1188 1533 jam
1219 1500 1335 1524 senem
1368 1497 1401 1525 et
1428 1492 1521 1526 cliri—

130 1557 279 1589 stianum
307 1556 498 1596 invenienS,
525 1554 698 1599 quomodo
726 1564 916 1587 conversus
944 1554 1060 1596 fuerit,
1088 1556 1282 1600 inquisivit.
1333 1558 1396 1590 Cui
1424 1558 1522 1601 dixit,

131 1620 327 1665 apostolum
352 1619 490 1655 Petrum
515 1620 583 1654 sibi
617 1621 826 1665 apparuisse
857 1624 889 1654 et
922 1625 957 1654 ut
989 1621 1241 1664 praecedentes
1278 1622 1321 1655 ad
1350 1622 1523 1658 Christum

130 1697 274 1721 uxorem
299 1690 334 1721 et
358 1685 461 1720 filium
489 1691 705 1731 sequeretur,
732 1686 967 1721 admonuisse.
1017 1687 1149 1722 Deinde
1171 1697 1190 1721 a
1211 1688 1414 1732 templorum
1438 1701 1525 1734 pon-

130 1751 281 1786 filicibus
307 1751 351 1785 ad
377 1751 495 1786 urbem
519 1751 777 1794 Mediolanum,
804 1753 894 1787 unde
920 1752 1061 1787 Romani
1088 1755 1213 1787 missus
1242 1753 1375 1795 suerat,
1410 1756 1526 1791 redire

133 1827 208 1852 cum
234 1819 363 1863 injuria
385 1817 492 1852 multa.
515 1818 756 1862 compellitur,
786 1818 843 1852 ubi
871 1830 945 1853 cum
971 1830 1080 1864 puero
1109 1819 1210 1854 Celso
1238 1821 1393 1865 praesidi
1422 1833 1526 1867 prae-

133 1888 301 1920 sentatur.
351 1883 417 1924 Qui
443 1884 589 1919 eductus
619 1889 718 1919 extra
743 1890 879 1930 portam
905 1885 1093 1920 Romanam
1119 1886 1152 1919 iu
1179 1886 1276 1929 loco,
1314 1889 1372 1933 qui
1402 1888 1529 1923 dicitur

134 1950 226 1984 Tres
252 1949 364 1992 Muri,
392 1960 466 1984 cum
493 1960 601 1994 puero
630 1951 733 1985 Celso
761 1951 957 1985 decollatus
984 1956 1047 1986 est.
1098 1952 1249 1991 Quorum
1279 1964 1429 1998 corpora
1455 1965 1529 1989 cum

136 2014 321 2050 christiani
352 2016 553 2059 rapuissent
588 2020 621 2050 et
658 2017 692 2049 in
727 2016 840 2050 hortis
873 2019 946 2050 suis
973 2017 1230 2060 collocassent,
1264 2021 1299 2053 in
1324 2021 1403 2063 ipsa
1428 2025 1530 2056 nocte

135 2082 248 2115 sancti
272 2079 423 2123 cuidam,
449 2082 588 2115 nomine
614 2081 768 2123 Cei-atio,
794 2086 1004 2126 apparentes
1031 2082 1212 2125 dixerunt,
1244 2088 1281 2117 ut
1307 2094 1424 2118 eorum
1449 2095 1529 2120 eor-

136 2157 225 2192 pora
256 2149 291 2181 in
323 2146 424 2181 domo
457 2156 522 2181 sua
558 2149 703 2192 propter
735 2145 906 2182 Neronem
936 2147 1144 2191 profundius
1169 2149 1346 2193 sepeliret.
1398 2150 1530 2190 Quibus

136 2213 215 2249 ille:
240 2223 393 2259 quaeso,
426 2212 579 2255 domini,
607 2216 731 2247 sanate
758 2214 854 2257 prius
883 2212 987 2246 filiam
1016 2223 1126 2247 meam
1155 2214 1385 2259 paraliticam.
1435 2217 1532 2256 Quae

138 2288 212 2313 cum
237 2280 401 2313 continuo
429 2283 555 2313 sanata
581 2277 728 2321 fuisset,
763 2288 914 2324 corpora
938 2289 1055 2314 eorum
1083 2280 1164 2315 tulit
1190 2285 1243 2324 et,
1282 2286 1318 2316 ut
1336 2283 1531 2327 jusserant,

140 2343 315 2389 sepelivit.
360 2343 446 2378 Post
469 2343 611 2390 longum
637 2355 719 2379 vero
743 2348 879 2389 tempus
913 2345 1071 2380 dominus
1104 2356 1255 2392 corpora
1279 2358 1399 2382 eorum
1425 2348 1531 2383 beato

139 2409 327 2445 Ambrosio
352 2409 539 2451 revelavit,
567 2409 704 2444 Celsum
728 2422 812 2446 vero
838 2412 873 2445 in
897 2411 974 2446 loeo
1001 2422 1063 2446 suo
1089 2412 1310 2458 relinquens,
1347 2412 1532 2449 Nazarium

142 2486 217 2511 cum
243 2476 415 2522 sanguine
442 2475 574 2510 recenti
609 2477 711 2520 quasi
745 2476 866 2511 eadem
890 2476 979 2511 hora
1003 2477 1186 2523 sepultum,
1211 2480 1298 2513 miro
1324 2479 1433 2515 odore
1460 2481 1533 2516 fra-

142 2545 315 2588 grantem,
349 2542 524 2587 integrum
549 2543 584 2575 et
607 2541 843 2586 incorruptum
879 2552 954 2576 cum
990 2543 1127 2587 capillis
1153 2548 1187 2579 et
1211 2543 1324 2579 barba
1351 2548 1532 2591 reperiens

142 2608 256 2652 ipsum
289 2606 334 2642 ad
369 2606 553 2642 eeclesiam
578 2607 817 2651 apostolorum
841 2609 1021 2643 transtulit
1051 2613 1085 2644 et
1109 2594 1158 2644 i'hi
1182 2609 1375 2646 honorifice
1402 2613 1533 2658 sepeli-

144 2673 204 2707 vit.
253 2672 355 2708 Passi
386 2677 466 2708 sunt
497 2676 610 2708 autem
636 2673 700 2708 sub
725 2671 883 2718 Nerone,
921 2675 980 2720 qui
1011 2676 1128 2722 coepit
1152 2678 1245 2714 circa
1270 2686 1380 2712 annos
1404 2677 1535 2713 domini
