1742 3005
327 101 423 150 Cap.
456 100 605 137 Lxxu.
664 100 720 138 De
751 100 1002 138 ads-censione
1034 100 1190 138 domini.
1372 99 1449 137 321

66 208 246 241 humanam
279 206 314 239 in
350 205 483 240 coelum
519 204 603 240 ferri
636 204 831 251 gauderent
865 210 899 240 et
932 207 1043 251 ipsum
1073 206 1173 251 sequi
1197 204 1455 255 desiderarent.

65 271 188 306 Tertio
209 271 394 314 laetanter,
419 272 501 316 quia
519 270 755 316 jubilantibus
783 271 933 317 angelis,
961 271 1052 306 unde
1077 271 1251 316 psalmus:
1276 271 1458 306 adscendit

63 337 156 372 Deus
170 336 441 382 injubilatione.
468 337 708 382 Augustinus:
730 336 967 371 adscendente
981 336 1119 371 Christo
1132 341 1236 381 pavet
1254 347 1353 372 omne
1373 347 1455 372 coe-

63 403 142 444 lum,
168 407 265 437 astra
290 403 470 443 mirantur,
497 402 665 447 plaudent
689 403 844 447 agmina,
866 402 972 436 tubae
999 408 1125 436 sonant
1150 408 1183 438 et
1205 404 1308 439 laetis
1327 415 1366 439 se
1390 404 1455 439 ad-

63 471 209 503 miscent
222 468 353 503 blanda
369 468 604 502 modulamina
625 466 753 500 choris.
804 466 936 506 Quarto
958 467 1137 509 velociter,
1164 468 1310 503 Psalm.:
1338 470 1455 505 exsul-

62 529 148 568 tavit
169 538 206 568 ut
225 536 330 580 gigas
355 533 400 569 ad
429 531 632 567 currendam
662 532 770 573 viam,
808 532 912 567 valde
947 534 1037 566 enim
1065 533 1235 569 velociter
1259 534 1456 577 adscendit,

63 602 226 645 qnoniam
248 603 380 633 tantum
406 599 555 642 spatium
583 598 683 642 quasi
710 598 744 631 in
781 601 952 631 momento
983 600 1168 644 percurrit.
1217 599 1339 634 Refert
1366 601 1457 634 enim

63 664 315 709 rabbiMoyses
337 666 506 697 maximus
528 662 774 707 philosophus,
803 663 895 708 quod
918 663 1066 707 quilibet
1084 665 1233 699 circulus
1253 668 1327 700 sive
1344 665 1455 711 quod-

60 730 146 764 libet
164 729 298 764 coelum
321 729 511 775 cujuslibet
534 728 697 772 planetae
719 728 826 763 habet
846 730 879 762 in
893 730 1123 774 spissitudine
1145 732 1232 764 viam
1245 733 1456 776 quingento-

60 805 131 829 rum
159 805 338 837 annorum,
364 794 399 828 id
421 798 475 829 est
493 795 642 838 spatium
673 798 817 836 tantum,
848 799 1010 839 quantum
1032 800 1154 839 posset
1179 796 1307 841 aliquis
1326 799 1377 831 ire
1402 799 1457 831 via

61 861 166 906 plana
184 862 218 894 in
242 862 444 907 quingentis
461 860 574 902 annis,
603 863 637 894 et
659 859 827 893 distantia
847 861 937 894 inter
955 860 1088 894 coelum
1110 865 1144 895 et
1163 862 1296 895 coelum
1324 867 1378 897 est
1404 864 1453 896 si-

62 927 199 968 militer,
224 931 261 961 ut
282 927 377 968 dicit,
406 927 462 960 via
485 927 753 971 quingentorum
771 935 950 966 annorum,
978 929 1011 959 et
1033 925 1113 960 ideo
1136 936 1210 960 cum
1229 928 1299 961 sint
1319 932 1454 972 septem

60 992 163 1033 coeli,
187 993 252 1026 erit
270 991 456 1026 secundum
482 992 593 1035 ipsum
613 1000 632 1024 a
654 994 772 1024 centro
798 995 918 1025 terrae
942 1001 1053 1036 usque
1078 991 1122 1025 ad
1148 1002 1338 1027 concavum
1364 994 1455 1028 coeli

61 1058 224 1100 Saturni,
257 1062 292 1092 et
324 1057 417 1103 quod
449 1061 503 1092 est
534 1055 668 1090 coelum
701 1057 903 1101 septimum,
940 1058 996 1090 via
1023 1056 1091 1091 Vll.
1115 1057 1162 1091 M.
1194 1068 1382 1101 annorum,
1420 1063 1455 1094 et

60 1133 171 1168 usque
196 1123 241 1158 ad
268 1133 457 1158 concavum
483 1122 574 1158 coeli
598 1120 669 1156 Vll.
691 1121 739 1156 M.
760 1121 858 1156 DCC.
883 1132 1062 1163 annorum,
1093 1122 1127 1156 id
1149 1127 1201 1157 est
1218 1128 1348 1158 tantum
1369 1135 1451 1169 spa—

59 1189 164 1231 tium,
190 1193 354 1234 quantum
380 1188 422 1224 de
449 1190 505 1223 via
529 1188 634 1233 plana
657 1187 786 1233 aliquis
813 1189 879 1221 iret
905 1189 938 1221 in
963 1187 1023 1222 vll
1048 1188 1201 1222 millibus
1226 1188 1313 1224 DCC
1339 1192 1451 1228 annis,

60 1255 91 1287 si
115 1258 247 1288 tantum
273 1256 425 1290 viveret:
453 1256 502 1289 ita
527 1254 618 1300 quod
648 1253 795 1298 quilibet
815 1264 925 1287 annus
944 1259 1172 1299 componatur
1199 1266 1241 1289 ex
1271 1255 1453 1291 CCCLXV

60 1320 183 1356 diebus
210 1325 244 1356 et
265 1323 332 1356 iter
357 1320 548 1365 cujuslibet
574 1319 644 1353 diei
668 1321 713 1352 sit
724 1318 789 1352 XL
809 1319 1008 1353 milliarium
1038 1324 1071 1354 et
1097 1319 1278 1364 quodlibet
1302 1321 1453 1355 milliare

59 1388 106 1420 sit
137 1386 283 1421 duorum
317 1385 460 1419 millium
494 1395 658 1429 passuum
696 1385 772 1418 sive
803 1383 1007 1418 cubitorum.
1056 1384 1126 1419 Hoc
1158 1385 1272 1420 Rabbi
1296 1387 1451 1431 Moyses.

58 1450 174 1485 Utrum
199 1456 314 1486 autem
340 1450 408 1485 hoc
435 1461 550 1485 verum
576 1452 641 1492 sit,
675 1450 768 1485 Deus
794 1451 871 1484 scit.
920 1450 1016 1484 Hanc
1042 1453 1131 1485 enim
1159 1453 1452 1487 mensurationem

59 1516 260 1559 illenovit,
297 1518 356 1562 qui
390 1518 505 1551 omnia
536 1516 618 1551 fecit
654 1517 687 1550 in
714 1526 878 1557 numero,
912 1516 1068 1560 pondere
1104 1520 1138 1551 et
1160 1527 1334 1551 mensura.
1383 1517 1452 1552 Iste

61 1583 168 1628 igitur
192 1582 257 1616 suit
281 1591 428 1628 magnus
453 1582 587 1624 saltus,
615 1592 713 1627 quem
741 1581 825 1616 fecit
851 1580 1011 1616 Christus
1039 1582 1080 1617 de
1106 1587 1221 1624 terra,
1256 1584 1393 1618 scilicet
1418 1585 1452 1618 in

58 1647 191 1682 coelum
217 1652 251 1682 et
276 1631 412 1683 dehoc
436 1648 529 1682 saltu
554 1651 588 1682 et
613 1646 821 1692 quibusdam
845 1646 925 1680 aliis
949 1647 1099 1682 saltibus
1126 1648 1258 1683 Christi
1290 1651 1342 1683 sie
1367 1649 1453 1683 dicit

58 1712 283 1747 Ambrosius:
319 1713 411 1747 saltu
446 1712 596 1758 quodam
635 1712 794 1746 Christus
832 1714 927 1747 venit
961 1714 996 1747 in
1022 1713 1112 1748 hunc
1138 1714 1321 1757 mundum,
1359 1716 1452 1760 apud

57 1783 190 1822 patrem
231 1782 306 1813 erat
343 1783 378 1814 et
414 1780 449 1812 in
475 1780 644 1825 virginem
672 1779 765 1813 venit
790 1782 823 1813 et
849 1789 890 1813 ex
920 1780 1054 1825 virgine
1080 1781 1113 1814 in
1139 1791 1311 1825 praesepe
1336 1785 1452 1816 trans-

58 1842 163 1886 siliit,
201 1843 386 1879 deseendit
420 1846 455 1878 in
480 1844 693 1886 Jordanem,
736 1843 924 1878 adscendit
948 1846 982 1879 in
1009 1856 1166 1889 crucem,
1207 1846 1391 1881 descendit
1417 1848 1452 1881 in

56 1909 244 1954 tumulum,
289 1898 443 1945 surrexit
479 1921 499 1945 e
533 1910 664 1944 tumulo
700 1915 735 1944 et
766 1909 869 1945 sedet
904 1911 949 1945 ad
983 1913 1094 1955 patris
1130 1912 1299 1947 dextram.
1349 1913 1453 1947 Circa

60 1978 232 2019 quartum,
259 1962 336 2009 cum·
359 1975 485 2021 quibus
512 1976 649 2010 scilicet
673 1975 879 2018 adscendit,
913 1976 1125 2020 notandum,
1151 1978 1245 2023 quod
1268 1978 1454 2013 adscendit

59 2050 134 2073 cum
158 2049 285 2085 magna
309 2040 444 2085 praeda
469 2040 642 2075 hominum
660 2045 695 2075 et
712 2051 841 2087 inagna
857 2042 1078 2076 multitudine
1095 2043 1313 2087 angelorum.
1350 2043 1452 2083 Quod

58 2107 147 2139 enim
176 2115 250 2139 eum
276 2106 409 2151 praeda
436 2105 610 2140 hominum
632 2105 835 2149 adscendit,
858 2112 957 2151 patet
980 2118 1044 2161 per
1071 2107 1178 2150 illud,
1205 2100 1298 2152 quod
1324 2107 1454 2142 dicitur

58 2172 93 2204 in
132 2170 288 2215 psalmo:
322 2171 543 2206 adscendisti
579 2172 613 2205 in
646 2171 773 2214 altum,
809 2174 936 2217 cepisti
963 2174 1202 2217 captivitatem
1234 2178 1300 2208 etc.
1350 2173 1452 2213 Quod

58 2239 173 2269 autem
204 2236 387 2272 adscendit
411 2248 486 2273 cum
511 2236 730 2272 multitudine
756 2237 983 2283 angelorum,
1019 2244 1118 2284 patet
1150 2250 1214 2284 per
1236 2239 1316 2273 illas
1343 2240 1451 2274 inter-

59 2301 286 2345 rogationes,
322 2313 409 2347 quas
436 2303 577 2338 Christo
605 2302 844 2338 adscendente
868 2306 1021 2340 minores
1048 2305 1168 2350 angeli
1193 2305 1353 2340 fecerunt
1376 2314 1450 2339 ma-

54 2366 215 2411 joribus,
241 2370 279 2399 ut
302 2365 452 2401 habetur
476 2367 602 2402 Ysaias
626 2367 758 2403 LXIII:
785 2371 862 2414 quis
890 2374 945 2405 est
970 2371 1048 2412 iste,
1074 2372 1133 2415 qui
1157 2371 1253 2405 venit
1278 2369 1321 2403 de
1341 2368 1450 2404 Edom

57 2432 176 2465 tinctis
202 2431 360 2466 vestibus
376 2430 420 2465 de
438 2430 562 2474 Bosra,
588 2432 648 2466 ubi
672 2433 756 2467 dicit
782 2433 922 2477 Glossa‚
949 2435 1042 2480 quod
1069 2435 1209 2480 quidam
1237 2434 1358 2481 angeli
1381 2445 1451 2469 non

57 2496 159 2540 plene
174 2500 432 2542 cognoscentes
444 2498 642 2541 mysterium
655 2499 917 2541 incarnationis,
939 2500 1116 2543 passionis
1136 2504 1170 2534 et
1181 2502 1449 2535 resurrectionis

58 2561 216 2596 videntes
242 2561 459 2596 adscendere
487 2562 531 2596 ad
558 2563 677 2598 coelos
704 2562 877 2598 dominum
905 2574 979 2598 cuin
1003 2564 1222 2600 multitudine
1243 2565 1448 2612 angelorum

59 2630 93 2660 et
115 2631 314 2662 sanctorum
338 2626 512 2662 hominum
539 2629 684 2673 propria
707 2630 855 2672 virtute,
889 2630 1002 2674 ipsum
1028 2631 1279 2665 incarnationis
1304 2636 1339 2666 et
1362 2642 1447 2677 pas-

57 2692 168 2726 sionis
202 2694 400 2737 m)·steriuin
435 2693 650 2728 admirantur
682 2699 716 2730 et
747 2695 887 2742 angelis
924 2696 1169 2731 comitantibus
1196 2697 1368 2732 dominum
1394 2697 1448 2732 ‹li-

1074 2762 1119 2797 21
