1742 3005
159 112 251 160 Cap.
284 109 347 146 lX.
405 107 462 145 De
494 113 623 143 sancto
651 106 823 144 Johanne
855 105 1031 156 apostolo
1063 111 1099 142 et
1129 105 1373 154 evangelista.
1432 104 1484 142 59

97 217 193 249 riosa
217 223 453 260 permansura.
512 212 561 248 De
589 212 725 247 inferno
753 216 866 246 autem
892 216 971 246 octo
1000 221 1132 256 poenas
1159 210 1269 253 dixit,
1317 221 1406 255 quae
1433 211 1484 245 his

99 280 258 315 versibus
283 281 519 314 continentur:

312 345 455 380 Vermes
484 349 518 380 et
542 344 720 385 tenebrae,
747 344 936 390 flagellum,
964 345 1076 391 frigus
1106 349 1138 379 et
1167 344 1259 389 ignis

314 411 501 446 Daemonis
528 415 704 457 aspectuS,
732 411 900 445 scelerum
924 410 1095 451 confusio,
1123 410 1248 443 luctus.

101 478 197 513 Tunc
222 477 293 520 ille,
321 479 379 522 qui
406 477 520 512 suerat
545 478 754 517 suscitatus,
779 479 813 510 et
840 475 891 508 illi
919 475 987 509 duo
1014 475 1175 519 discipuli
1201 474 1245 508 ad
1271 476 1379 519 pedes
1400 487 1482 522 apo>

100 544 267 578 stolorum
292 554 330 578 se
352 547 614 588 prosternentes
640 540 834 586 rogabant,
870 544 907 574 ut
933 539 1206 574 misericordiam
1232 550 1488 587 1·01130111101·011η

100 614 166 644 tur.
187 593 190 597 ,
215 608 347 649 Quibus
373 608 556 653 apostolus
581 609 650 641 ait:
694 605 794 640 XXX
820 604 943 640 dicbus
969 607 1217 650 poenitentiam
1245 609 1359 652 agite,
1400 610 1489 643 inter

101 685 187 720 quos
215 678 326 717 orate,
352 677 390 708 ut
416 676 537 719 virgae
565 677 599 708 et
622 671 758 717 lapides
787 671 832 705 ad
860 675 1017 706 naturam
1042 673 1225 716 pristinam
1258 677 1488 708 revertantur.

102 740 201 781 Quod
226 750 301 774 cum
329 740 455 775 factum
481 742 588 780 esset,
616 740 665 772 ait
690 739 752 771 iis:
788 739 835 772 ite
861 741 895 772 et
922 738 1012 773 unde
1038 738 1167 772 tulistis
1193 740 1314 784 virgas
1341 743 1375 773 et
1399 739 1489 784 lapi-

101 805 176 849 des,
203 805 383 841 deferatis.
433 804 533 846 Quod
561 814 635 838 cum
659 804 826 838 fecissent
850 808 885 839 et
908 805 1032 850 virgae
1059 808 1093 838 et
1122 804 1258 849 lapides
1284 806 1319 838 in
1349 807 1403 839 sui
1428 815 1489 840 na-

101 875 213 906 turam
241 873 374 907 reversi
396 876 532 912 essent,
574 871 722 904 omnium
747 872 910 905 virtutum
932 871 1104 916 gratiam,
1155 880 1256 914 quam
1283 869 1491 907 habuerant.

104 942 319 982 receperunt.
343 958 388 963 —
413 958 453 963 -
478 939 522 974 5.
552 936 634 971 Cum
659 940 773 971 autem
805 936 930 971 beatus
954 936 1133 971 Johannes
1162 946 1225 980 per
1248 939 1357 970 totam
1371 936 1491 971 Asiam

103 1002 366 1051 praedicasset,
416 1003 569 1055 cultores
605 1002 786 1047 ydolorum
821 1002 1027 1037 seditionem
1061 1003 1095 1035 in
1120 1001 1251 1047 populo
1277 1004 1492 1038 concitantes

101 1067 292 1103 Johannem
330 1069 374 1103 ad
402 1069 565 1114 templum
592 1069 734 1117 Djanae
758 1068 947 1103 trahebant
979 1069 1012 1110 ¹)
1044 1072 1211 1113 cogentes
1249 1078 1325 1102 eum
1359 1069 1491 1102 sacriti-

102 1135 189 1168 c-ium
214 1134 353 1178 offerre,
381 1134 506 1180 quibus
529 1133 709 1171 Johannes
740 1134 828 1168 hanc
853 1133 1120 1179 disjunctionem
1147 1135 1344 1178 proposuit,
1372 1138 1407 1168 ut
1434 1139 1494 1169 aut

104 1202 172 1246 ipsi
204 1201 250 1235 ad
279 1202 536 1237 invocationem
568 1200 711 1246 Dyanae
738 1201 920 1235 ecclesiam
956 1198 1085 1235 Christi
1119 1203 1317 1234 everterent
1351 1204 1384 1234 et
1417 1202 1494 1245 ipse

101 1266 216 1312 ydolis
242 1268 468 1310 sacrificaret,
497 1271 557 1301 aut
582 1269 658 1312 ipse
683 1266 727 1300 ad
749 1268 1002 1300 invocationem
1019 1265 1148 1299 Christi
1173 1266 1335 1310 templum
1350 1266 1494 1311 Dyanae

106 1336 280 1368 everteret
308 1337 343 1368 et
369 1334 437 1378 ipsi
464 1334 499 1367 in
525 1332 698 1367 Christum
731 1331 924 1366 crederent.
974 1331 1057 1365 Huic
1090 1341 1176 1376 ergo
1201 1333 1395 1366 sententiae
1420 1342 1494 1365 cum

106 1399 219 1443 major
244 1408 327 1442 pars
364 1398 486 1443 populi
511 1399 749 1432 consensisset
773 1396 979 1431 exeuntibus
1004 1397 1136 1430 cunctis
1161 1395 1204 1430 de
1228 1396 1357 1441 temp-lo
1383 1400 1497 1432 oravit

107 1463 290 1507 apostolus
315 1467 350 1498 et
377 1463 529 1497 funditus
554 1463 717 1508 templum
741 1463 872 1496 corruit
895 1466 929 1496 et
943 1461 1085 1506 Dyanae
1112 1463 1228 1507 imago
1253 1463 1391 1506 1101111113
1405 1473 1497 1497 00111-

106 1530 327 1567 11111111111031.
376 1529 617 1563 Aristodemus
643 1532 757 1563 autem
791 1528 948 1572 pontifex
981 1527 1163 1572 §dolorum
1190 1529 1224 1561 in
1248 1528 1378 1572 populo
1404 1529 1497 1563 sedi-

106 1596 234 1628 tionem
259 1595 441 1628 maximam
466 1595 666 1636 concitavit,
708 1595 757 1628 ita
786 1598 821 1627 ut
847 1603 915 1627 una
940 1604 1023 1638 pars
1048 1598 1171 1628 contra
1195 1593 1299 1627 aliam
1326 1593 1370 1627 ad
1393 1604 1496 1639 prae-

106 1660 189 1694 lium
213 1663 410 1704 pararetur.
460 1659 523 1695 Cui
549 1660 754 1704 apostolus:
799 1659 892 1705 quod
919 1658 982 1692 tibi
1008 1660 1082 1700 vis,
1121 1658 1246 1693 faciam
1272 1663 1308 1693 ut
1333 1658 1497 1704 placeris.

108 1725 171 1759 Cui
194 1725 274 1759 ille:
299 1727 328 1759 si
357 1727 421 1767 vis,
448 1729 485 1760 ut
508 1725 646 1760 credam
671 1727 706 1759 111
732 1725 839 1760 Deum
865 1729 971 1763 tuum,
1000 1725 1091 1759 dabo
1109 1725 1172 1759 tibi
1187 1735 1355 1760 venenum
1377 1725 1495 1761 bibere

108 1795 143 1826 et
167 1792 197 1825 si
220 1791 349 1826 nullam
374 1792 409 1826 in
435 1795 469 1826 te
494 1791 685 1826 laesionem
714 1792 749 1835 ²)
787 1791 928 1829 videro,
979 1802 1081 1826 verus
1106 1791 1199 1826 Deus
1235 1790 1393 1825 dominus
1418 1795 1497 1825 tuus

108 1855 302 1902 apparebit.
352 1856 414 1892 Cui
440 1857 639 1902 apostolus:
668 1858 723 1892 fac
749 1862 786 1892 ut
813 1858 948 1892 locutus
973 1867 1022 1892 es.
1071 1856 1115 1892 Et
1142 1857 1220 1892 ille:
1247 1857 1328 1891 volo
1357 1861 1394 1891 ut
1421 1861 1501 1892 ante

109 1922 200 1957 alios
221 1924 409 1958 morientes
435 1922 580 1965 videas,
614 1924 649 1968 3)
699 1928 736 1958 111
770 1925 819 1958 sic
852 1924 1000 1969 amplius
1034 1925 1273 1968 pertimescas.
1345 1923 1501 1970 Pei-gens

109 1991 217 2036 igitur
250 1988 492 2024 Aristodemus
526 1988 571 2023 ad
603 1990 846 2034 proconsulem
880 1989 967 2024 duos
996 1991 1091 2024 viros
1120 1989 1374 2034 decapitandos
1403 1991 1504 2034 petiit

111 2059 145 2090 et
168 2064 285 2089 eoram
308 2055 351 2089 iis
376 2055 533 2089 omnibus
560 2065 727 2091 venenum
753 2055 867 2098 dedit,
920 2057 979 2100 qui
1014 2066 1094 2090 mox
1129 2059 1166 2089 ut
1200 2066 1366 2090 venenum
1392 2054 1499 2098 dedit,

110 2120 272 2155 biberunt
297 2124 331 2155 et
355 2122 513 2166 spiritum
542 2121 804 2156 exhalaverunt.
880 2121 978 2156 Tunc
1011 2122 1194 2166 apostolus
1230 2121 1373 2156 calicem
1411 2123 1498 2155 aeci>

111 2189 210 2232 piens
244 2190 279 2222 et
311 2188 414 2233 signo
448 2189 560 2221 crucis
594 2198 632 2222 se
664 2189 819 2222 muniens
854 2191 963 2222 totum
999 2198 1165 2222 venenum
1201 2187 1289 2222 bibit
1315 2193 1350 2224 et
1374 2189 1501 2222 nullam

110 2251 300 2287 laesionem
324 2253 481 2295 incurrit,
505 2258 721 2299 quapropter
734 2254 843 2289 Deum
869 2264 987 2288 omnes
1012 2253 1158 2288 laudare
1184 2258 1387 2299 coeperunt.
1422 2255 1502 2288 Ari-

113 2315 288 2351 stodemus
321 2321 437 2353 autem
473 2319 579 2353 dixit:
629 2318 742 2354 adhuc
768 2319 851 2353 mihi
875 2321 967 2354 inest
991 2318 1176 2362 dubietas,
1225 2319 1288 2354 sed
1314 2321 1344 2354 si
1369 2329 1503 2354 veneno

112 2384 268 2415 mortuos
294 2384 535 2426 suscitaverit,
587 2383 722 2430 absque
747 2385 853 2419 dubio
878 2395 960 2420 vere
984 2385 1134 2420 credam.
1198 2384 1295 2419 Tunc
1319 2384 1504 2429 apostolus

112 2448 145 2481 ei
169 2447 320 2481 tunicam
345 2457 441 2482 suam
462 2448 595 2484 tribuit.
655 2450 719 2485 Cui
743 2450 822 2485 ille:
847 2460 918 2503 rur
946 2450 1026 2484 mihi
1054 2452 1202 2484 tunicam
1228 2454 1322 2484 tuam
1347 2449 1505 2485 dedisti?

759 2521 775 2528 r

201 2595 227 2626 1)
254 2593 306 2619 Est.
327 2593 417 2619 Prinne.
439 2594 517 2621 1472.
538 2592 614 2619 1111110
636 2594 744 2620 omittit
767 2594 857 2620 verba
886 2598 1074 2625 cogentes
1101 2603 1177 2620 eum
1207 2598 1232 2620 et
1255 2593 1365 2620 deinde
1386 2601 1503 2626 1111011111-1

114 2641 180 2670 post
201 2645 306 2664 vocem
328 2637 469 2663 invoca
483 2643 489 2663 t
503 2638 508 2663 ἐ
521 2646 564 2664 on
577 2647 646 2663 em:
669 2640 690 2663 D
702 2648 717 2671 y
729 2647 743 2663 a
756 2648 796 2664 na
808 2647 822 2664 e
843 2646 857 2662 e
868 2646 882 2664 c
893 2647 905 2663 c
916 2638 924 2664 l
935 2648 950 2663 e
961 2638 1015 2664 sia
1029 2649 1064 2665 m.
1169 2639 1196 2670 2)
1215 2637 1424 2665 Recentiores:
1445 2637 1480 2663 in
1494 2653 1503 2656 -

116 2681 252 2708 interit
279 2681 462 2717 praeferunt,
611 2683 635 2712 ’1)
662 2681 713 2709 m.
743 2685 783 2708 Pr.
814 2682 889 2709 mato
918 2682 1006 2715 tegit:
1045 2688 1077 2709 ot
1104 2687 1139 2709 ut
1170 2683 1335 2717 amplius
1364 2683 1503 2717 partim

117 2735 236 2753 νς11113.
