1742 3005
269 103 353 144 684
390 103 654 155 Cap.·CL111.
690 102 749 140 De
782 100 922 138 sanctis
941 100 1142 149 Dionysio,
1169 101 1325 140 Rustico
1357 108 1394 140 et
1418 101 1654 139 Eleutherio.

270 210 509 254 conspexisse.
563 205 818 250 ¹)Prophetiae
850 205 976 249 spiritu
1001 204 1146 246 claruit,
1182 206 1271 240 sicut
1303 209 1399 251 patet
1432 208 1465 240 in
1490 206 1654 251 epistola,

270 285 371 321 quam
397 274 491 306 misit
515 271 560 305 ad
582 271 776 307 Johannem
802 269 1054 315 evangelistam
1087 270 1121 302 in
1147 268 1312 304 Pathmos
1347 271 1495 305 insulam
1521 273 1554 305 in
1591 281 1652 306 ex-

269 339 349 372 silio
372 337 585 382 relegatum,
621 336 693 382 ubi,¹
716 336 954 383 prophetavit,
984 334 1076 380 quod
1100 334 1277 369 rediturus
1304 339 1410 378 esset,
1437 337 1487 370 sic
1515 336 1652 371 dicens:

267 403 383 449 gaude
417 413 499 438 vere
532 403 676 445 dilecte,
721 413 803 437 vere
839 401 1001 436 amabilis
1043 405 1077 435 et
1108 399 1357 435 desiderabilis
1399 403 1433 435 et
1468 400 1652 445 diligibilis

267 468 370 503 valde
411 468 558 509 dilecte3
614 472 649 503 et
690 467 801 502 infra:
849 478 892 502 ex
932 466 1115 509 custodia,
1161 476 1251 512 quae
1296 470 1352 502 est
1403 467 1438 500 in
1475 465 1652 509 Pathmos,

267 534 450 569 dimitteris
484 538 519 569 et
555 534 600 569 ad
635 538 762 569 terram
790 517 909 568 ⁷Asiae
942 533 1133 567 reverteris
1178 536 1213 568 et
1243 531 1353 567 facies
1391 531 1440 567 ibi
1472 531 1557 566 boni
1589 531 1654 566 Dei

267 601 480 634 imitationes
516 604 549 635 et
580 599 656 643 his,
690 601 748 645 qui
780 603 881 634 crunt
914 602 1076 643 postte,
1112 598 1244 633 trades.
1292 598 1502 632 Dormitioni
1527 596 1653 632 bea-tae

264 665 403 700 Mariae
429 666 607 708 interfuit,
636 667 726 700 sicut
751 667 826 709 ipse
851 666 886 699 in
912 664 1002 698 libro
1029 664 1071 699 de
1099 664 1225 698 divinis
1251 665 1449 699 nominibus
1475 666 1654 699 insinuare

265 730 415 764 videtur.
466 731 548 765 Cum
576 741 661 775 ergo
686 730 894 772 audivisset,
920 727 1058 764 Petrum
1087 734 1120 763 et
1143 730 1286 764 Paulum
1311 729 1443 765 Romae
1468 740 1489 764 a
1514 729 1651 764 Nerone

266 797 302 829 in
327 796 528 830 carceribus
556 795 728 838 detineri,
762 796 963 840 episcopum
989 796 1057 828 sibi
1085 794 1265 828 substituit
1290 799 1324 828 et
1348 795 1393 829 ad
1419 806 1480 830 eos
1505 797 1651 830 visitan-

266 861 330 895 dos
356 862 517 896 accessit.
565 861 693 896 Verum
728 871 803 895 cum
837 861 888 895 illi
922 860 967 894 ad
1003 860 1174 894 domiuum
1210 859 1360 894 feliciter
1384 861 1595 906 migrassent
1619 864 1653 895 et

266 926 486 971 postmodum
513 926 671 961 Clemens
697 927 939 971 praesideret,
972 926 1016 960 ab
1043 927 1120 971 ipso
1145 925 1250 961 beato
1278 926 1454 961 Clemente
1480 929 1559 970 post
1586 925 1651 959 ali-

266 992 360 1038 quod
397 994 546 1036 spatium
577 994 746 1037 temporis
778 994 812 1026 in
838 991 1020 1026 Franciam
1056 991 1252 1026 destinatur
1277 995 1311 1027 et
1335 992 1403 1026 sibi
1427 991 1590 1026 Rusticus
1618 995 1653 1026 et

264 1056 487 1092 Eleutherius
514 1059 704 1092 sociantur.
752 1057 887 1093 Missus
907 1059 1015 1103 igitur
1030 1056 1187 1091 Parisios
1210 1059 1303 1092 venit
1321 1062 1355 1092 et
1375 1057 1500 1091 multos
1524 1056 1652 1091 ibidem

264 1122 309 1156 ad
342 1122 442 1157 fidem
474 1124 646 1157 convertit
683 1127 717 1157 ct
753 1123 921 1158 ecclesias
955 1123 1122 1167 plurimas
1149 1122 1335 1157 fabricavit
1362 1127 1396 1158 et
1421 1123 1568 1158 clericos
1598 1122 1651 1156 di-

263 1190 358 1223 versi
384 1188 517 1222 ordinis
542 1188 740 1222 collocavit.
790 1188 906 1222 Tanta
932 1192 1043 1222 autem
1069 1190 1104 1221 in
1130 1198 1171 1222 eo
1197 1190 1314 1234 gratia
1334 1188 1481 1224 coelitus
1500 1189 1650 1231 emicuit,

264 1253 379 1299 quod,
415 1264 488 1287 cum
514 1255 656 1298 saepius
682 1253 863 1298 pontifices
893 1253 1075 1299 ydolorum
1100 1257 1221 1288 contra
1247 1265 1323 1289 eum
1353 1254 1559 1289 seditionem
1587 1264 1650 1298 po-

263 1319 336 1364 puli
369 1320 585 1354 concitarent
616 1323 650 1354 et
683 1320 832 1365 populus
870 1319 914 1353 ad
949 1330 1024 1354 eum
1062 1318 1275 1364 perdendum
1311 1329 1418 1364 saepe
1444 1330 1517 1354 cum
1544 1321 1649 1354 armis

263 1389 506 1427 concurreret,
541 1396 619 1419 mox
655 1385 716 1419 illo
752 1386 827 1420 viso
861 1389 922 1419 aut
946 1386 1036 1419 omni
1063 1385 1204 1420 feritate
1229 1385 1394 1430 deposita
1417 1395 1455 1420 se
1485 1387 1560 1431 ejus
1588 1396 1649 1430 pe-

264 1450 366 1484 dibus
393 1451 649 1495 provolvebant
674 1455 734 1485 aut
767 1452 871 1485 nimio
897 1452 1023 1485 timore
1057 1451 1163 1485 soluti
1190 1450 1233 1485 ab
1262 1452 1339 1496 ejus
1366 1452 1568 1496 praesentia
1595 1450 1648 1486 su-

262 1516 420 1561 gicbant.
479 1516 549 1551 Sed
591 1516 761 1561 dyabolus
807 1516 928 1551 videns
970 1521 1004 1551 et
1036 1518 1217 1561 invidens,
1267 1517 1362 1562 qnod
1397 1516 1556 1562 quotidie
1594 1518 1649 1551 sui

262 1582 398 1616 cultura
432 1580 655 1616 decresceret
691 1587 724 1616 et
755 1583 996 1627 multiplicatis
1034 1582 1196 1618 fidelihus
1232 1583 1382 1618 ecclesia
1407 1583 1649 1627 triumpharet,

262 1647 492 1682 Domitianum
530 1649 774 1691 imperatorem
808 1650 840 1681 in
876 1653 1008 1682 tantam
1039 1651 1224 1684 commovit
1249 1651 1450 1692 saevitiam,
1484 1652 1522 1683 ut
1546 1658 1650 1693 prae-

263 1716 398 1757 ceptum
425 1711 544 1755 daret,
570 1712 684 1757 quod,
712 1714 909 1757 quicunque
936 1713 1162 1748 christianum
1189 1715 1339 1760 aliquem
1365 1716 1558 1760 reperiret,
1589 1717 1650 1748 aut

261 1779 374 1821 ipsum
409 1777 610 1812 sacrificare
641 1782 787 1823 cogeret
820 1781 879 1812 aut
913 1778 1064 1813 diversis
1089 1779 1273 1824 suppliciis
1302 1781 1487 1816 cruciaret.
1541 1778 1648 1813 Prae-

261 1842 376 1877 fectus
403 1844 511 1888 igitur
537 1842 817 1886 2)Fescenniuus
843 1847 965 1878 contra
990 1844 1201 1878 christianos
1226 1844 1384 1879 Parisios
1415 1854 1436 1878 a
1460 1843 1569 1879 Roma
1593 1843 1646 1877 di-

261 1913 379 1944 rectus
413 1909 549 1943 beatum
585 1909 785 1953 Dionysium
820 1908 949 1953 populo
986 1909 1245 1954 praedicantem
1274 1910 1425 1952 invenit,
1460 1910 1647 1954 statimque

260 1979 416 2019 captum,
444 1974 723 2019 colaphizatum,
755 1978 970 2018 consputum,
997 1974 1148 2008 derisum
1176 1978 1210 2010 et
1234 1975 1320 2009 loris
1347 1974 1542 2009 durissimis
1568 1975 1646 2009 alli-

259 2044 378 2085 gaturn
405 2051 479 2074 cum
505 2041 635 2073 sanctis
661 2039 804 2073 Rustico
830 2043 865 2073 et
895 2039 1100 2074 Eleutherio
1126 2039 1194 2074 sibi
1216 2039 1437 2085 praesentari
1457 2041 1648 2086 praecepit.

262 2106 343 2139 Cum
361 2116 447 2151 ergo
465 2106 576 2139 sancti
599 2115 716 2138 coram
744 2104 803 2138 illo
829 2092 863 2138 iu
891 2105 1116 2140 consessione
1136 2105 1200 2140 Dei
1227 2109 1429 2140 constantes
1455 2105 1647 2149 adstarent,

261 2182 340 2207 ecce
367 2171 538 2216 quaedam
565 2174 724 2204 matrona
747 2169 877 2204 nobilis
904 2170 1047 2205 advenit
1073 2174 1107 2206 et
1132 2172 1239 2205 virum
1267 2181 1364 2205 suum
1383 2170 1552 2205 lubricum
1574 2175 1647 2206 tur-

261 2239 353 2282 piter
380 2236 422 2270 ab
458 2236 512 2270 his
546 2237 658 2281 magis
686 2235 866 2280 deceptum
893 2238 1056 2271 assernit.
1106 2237 1172 2271 Pro
1196 2238 1272 2281 ejtts
1299 2238 1416 2281 itaque
1445 2238 1517 2271 viro
1544 2238 1647 2272 citius

261 2303 407 2336 mittitur
443 2305 478 2336 et
512 2302 545 2334 in
576 2301 640 2335 Dei
675 2301 899 2336 consessione
924 2312 1154 2346 perseverans
1181 2303 1311 2347 injuste
1338 2305 1498 2344 necatur,
1536 2305 1647 2337 sancti

261 2379 345 2403 vero
381 2377 403 2401 a
443 2366 622 2401 duodecim
665 2367 833 2400 militibus
874 2367 1109 2413 flagellantur.
1157 2368 1292 2402 Deinde
1327 2378 1453 2413 magno
1492 2368 1646 2413 pondere

260 2439 459 2469 catenarum
493 2433 671 2466 constricti
703 2432 837 2466 carceri
871 2434 1124 2477 mancipantur.
1172 2433 1339 2478 Sequenti
1372 2433 1428 2468 die
1461 2433 1645 2478 Dionysius

262 2510 368 2544 super
392 2502 520 2534 cratein
548 2499 696 2534 ferream
723 2500 916 2543 suppositis
943 2499 1086 2533 ssanunis
1113 2498 1223 2533 nudus
1249 2497 1465 2541 extenditur,
1497 2498 1554 2531 ubi
1581 2496 1644 2531 do-

264 2567 354 2598 mino
388 2564 598 2600 decantabat
629 2564 767 2599 dicens:
814 2565 960 2611 ignitum
997 2569 1088 2600 tuum
1130 2565 1304 2610 eloquium
1345 2562 1565 2600 vehementer
1612 2567 1643 2597 ct

331 2708 358 2739 l)
380 2706 430 2733 Ed.
452 2711 493 2733 rr.
515 2708 797 2743 philosophiae
818 2708 957 2743 prm-fert.
1070 2709 1098 2741 2¹)
1117 2707 1189 2735 Atii:
1217 2704 1459 2733 reses-nnius.
