1742 3005
341 136 436 185 Cap.
465 133 564 171 LVI.
623 133 682 170 De
713 139 842 170 sancta
869 132 990 171 Maria
1018 132 1260 183 Aegyptiaea.
1410 129 1491 169 249

102 242 310 277 vestimenta
345 242 459 274 autem
491 248 569 272 mea
588 237 792 282 jamdudum
819 238 1016 283 putrefacta
1041 242 1139 281 sunt,
1165 236 1308 282 xx'111)
1332 238 1432 271 annis
1458 238 1492 271 in

103 307 171 341 hoe
197 306 338 341 deserto
366 315 387 340 a
411 303 667 339 tentationibus
693 303 892 338 carnalibus
917 304 1104 339 molestata
1129 304 1201 346 fui,
1228 303 1292 339 sed
1315 314 1405 338 nunc
1430 314 1495 349 per

102 372 166 408 Dei
186 372 335 418 gratiam
357 380 474 405 omnes
497 370 582 404 vici:
613 378 693 404 ecce
714 370 829 403 omnia
854 380 963 414 opera
984 379 1061 405 mea
1083 370 1148 404 tibi
1172 372 1315 405 narravi
1333 374 1368 405 et
1391 381 1493 416 rogo,

102 442 140 473 ut
162 449 226 483 pro
263 449 317 472 me
342 436 386 471 ad
412 436 520 470 Deum
553 445 677 480 preces
704 434 842 469 fundas.
900 435 1001 469 Tunc
1034 445 1142 470 senex
1178 436 1221 469 ad
1255 440 1383 471 terram
1411 447 1495 481 pro-

105 508 235 539 stratus
262 505 296 537 in
318 502 448 536 famula
472 511 536 535 sua
563 500 735 534 dominum
759 500 950 535 benedixit.
1011 500 1075 535 Cui
1101 501 1179 535 illa:
1204 501 1351 535 obsecro
1378 506 1432 544 te,
1459 507 1498 537 ut

106 572 142 604 iu
168 569 225 604 die
249 569 444 603 dominicae
470 575 601 600 coenae
625 565 670 599 ad
695 565 883 600 Jordanem
909 565 1036 601 redeas
1075 570 1109 601 ct
1134 576 1261 611 corpus
1290 566 1497 602 dominicum

105 640 220 670 tecum
246 634 360 675 seras;
397 643 463 678 ego
488 630 618 665 ibidem
641 630 708 664 tibi
740 641 918 665 occurram
944 636 977 667 et
1005 620 1175 667 de'manu
1196 637 1257 667 tua
1286 644 1412 678 corpus
1437 644 1496 668 sa-

106 711 199 736 crum
229 699 441 744 suscipiam,
476 707 556 731 nam
583 706 603 730 a
630 696 708 739 die,
749 707 818 743 qua
844 698 910 732 huc
934 699 1035 741 veni,
1067 699 1338 733 communionem
1366 699 1496 733 domini

104 777 174 801 non
191 766 322 810 accepi.
371 763 523 799 Rediens
548 764 659 809 igitur
683 773 790 797 senex
815 762 859 797 ad
884 765 1132 798 monasterium
1156 764 1273 799 voluto
1291 775 1393 808 anno,
1419 766 1498 801 dum

106 830 184 866 dies
208 840 339 865 coenae
372 831 690 875 appropinquaret,
726 829 806 863 tulit
839 840 967 874 corpus
1004 829 1212 864 dominicum
1251 835 1286 866 et
1318 842 1429 877 usque
1455 832 1500 867 ad

107 899 219 942 ripam
244 896 411 932 Jordanis
438 896 581 931 veniens
617 905 661 929 ex
694 895 766 929 alia
797 896 876 940 ripa
910 896 1088 930 mulierem
1121 900 1269 931 stantem
1304 899 1500 942 prospexit,

109 973 199 1009 quae
233 973 341 1007 super
374 971 483 1007 aquas
521 960 615 995 facto
651 961 764 994 crucis
800 961 986 1006 signaculo
1020 962 1081 995 ivit
1111 961 1213 995 etad
1248 972 1365 997 senem
1392 974 1502 1009 usque

108 1029 280 1074 pervenit.
328 1027 437 1067 Quam
464 1026 584 1061 videns
610 1036 718 1062 senex
744 1028 925 1071 obstupuit
950 1031 984 1061 et
1010 1026 1054 1061 ad
1084 1027 1193 1072 pedes
1223 1029 1299 1073 eJ'us
1326 1027 1504 1063 humiliter

107 1104 147 1129 se
170 1094 372 1139 prostravit.
422 1093 486 1128 Cui
512 1092 592 1127 illa:
624 1092 713 1135 vid'e,
738 1104 780 1128 ue
807 1093 955 1135 seceris,
984 1103 1057 1127 cuin
1084 1099 1302 1129 sacramenta
1328 1095 1503 1131 dominica.

108 1170 216 1205 penes
240 1164 276 1194 te
300 1159 435 1195 habeas
463 1164 497 1195 et
524 1159 715 1195 sacerdotii
749 1159 922 1205 dignitate
955 1160 1147 1205 refulgeas,
1175 1161 1240 1195 sed
1266 1161 1440 1203 obsecre,
1466 1167 1504 1197 ut

112 1227 274 1272 sequenti
300 1236 389 1260 anno
422 1226 468 1260 ad
493 1237 559 1262 me.
587 1230 701 1271 pater,
734 1226 849 1261 redire
875 1226 1043 1271 digneris
1071 1228 1170 1262 Tune
1198 1228 1256 1262 illa
1282 1227 1375 1261 sacto
1402 1230 1504 1273 signo

111 1294 226 1327 crucis
249 1303 357 1338 super
379 1291 545 1328 Jordanis
566 1302 676 1337 aquas
700 1293 763 1326 ivit
789 1296 823 1327 et
847 1295 951 1327 eremi
972 1293 1196 1328 solitudinem
1214 1295 1349 1338 petivit.
1389 1294 1504 1329 Senex

111 1368 193 1393 vero
222 1358 267 1392 ad
294 1369 392 1392 suum
418 1359 667 1392 monasterium
692 1357 832 1391 rediens
854 1360 1016 1403 sequenti
1040 1368 1130 1392 anno
1157 1358 1201 1393 ad
1224 1359 1349 1402 locum,
1377 1361 1411 1394 in
1436 1370 1504 1406 quo

112 1425 256 1469 primum
282 1433 398 1457 secum
422 1423 560 1457 locutus
590 1422 724 1465 fuerat,
758 1424 853 1458 venit
885 1428 920 1459 et
953 1434 1028 1459 eam
1062 1424 1190 1459 ibidem
1219 1427 1422 1470 exspirasse
1449 1437 1505 1461 re-

114 1491 217 1535 perit.
267 1488 332 1529 Qui
357 1488 543 1533 lacrymari
567 1490 684 1533 coepit
710 1493 744 1524 et
768 1490 878 1533 ipsam
895 1494 1042 1535 tangere
1059 1501 1127 1525 non
1151 1493 1374 1535 prae-sumsit,
1400 1491 1505 1525 dixit-

113 1565 180 1600 que
206 1555 300 1589 intra
323 1563 380 1589 se:
416 1564 484 1599 ego
513 1554 651 1599 quidem
688 1555 931 1599 corpusculum
962 1560 1105 1591 sanctae
1143 1556 1297 1601 sepelire
1331 1556 1504 1600 volebam,

113 1620 177 1656 sed
199 1622 318 1663 timeo,
344 1630 388 1655 ne
413 1620 479 1654 hoe
504 1619 574 1654 sibi
600 1618 800 1665 displiceat.
848 1620 921 1655 Hoc
944 1631 985 1656 eo
1005 1623 1185 1667 cogitante
1209 1622 1297 1656 vidit
1316 1624 1420 1667 juxta
1446 1633 1506 1657 ca-

113 1690 176 1732 put
200 1697 298 1721 suum
324 1686 462 1721 litteras
487 1687 523 1720 in
556 1690 653 1720 terra
680 1686 876 1732 descriptas
911 1688 962 1721 ita
994 1689 1231 1723 continentes:
1268 1688 1401 1734 sepeli,
1437 1688 1508 1723 Zo-

115 1753 214 1794 sima,
240 1751 376 1787 Mariae
405 1752 669 1797 corpusculum,
695 1752 804 1787 redde
827 1757 944 1788 terrae
968 1753 1146 1798 pulverem
1174 1765 1272 1789 suum
1298 1758 1333 1789 et
1357 1765 1421 1789 ora
1444 1766 1508 1800 pro

114 1828 168 1853 me
191 1818 236 1852 ad
262 1817 457 1860 dominum,
491 1818 663 1863 adcujus
695 1823 921 1863 praeceptum
955 1819 1111 1854 secundo
1140 1820 1197 1855 die
1221 1820 1356 1866 Aprilis
1384 1821 1510 1867 reliqui

115 1884 184 1918 hoc
208 1883 396 1918 saeculum.
445 1883 547 1918 Tunc
572 1893 679 1919 senex
704 1895 768 1930 pro
792 1888 888 1919 certo
913 1886 1100 1931 cognovit,
1136 1882 1230 1931 quod
1255 1897 1356 1928 mox,
1384 1891 1421 1920 ut
1446 1886 1510 1920 do-

114 1950 197 1984 mini
221 1953 474 1985 sacramentum
491 1951 630 1994 accepit
656 1954 690 1984 et
713 1950 758 1984 ad
783 1950 959 1985 desertum
986 1950 1103 1993 rediit,
1140 1953 1247 1986 vitam
1269 1951 1378 1986 linivit
1403 1952 1510 1986 illud-

115 2025 183 2060 que
209 2014 405 2057 desertum,
443 2014 538 2061 quod
569 2015 731 2050 Zosimas
757 2026 820 2060 per
842 2015 945 2050 XXX
970 2015 1104 2051 dierum
1131 2019 1282 2062 spatium
1306 2018 1364 2052 vix
1390 2017 1510 2052 ambu-

116 2079 213 2122 lavit,
237 2079 302 2114 illa
326 2081 361 2114 in
386 2090 456 2114 una
480 2080 569 2114 hora
592 2082 768 2125 percurrit
792 2085 827 2115 et
851 2080 896 2115 ad
921 2082 1030 2116 Deum
1053 2084 1228 2128 migravit.
1276 2082 1427 2128 Cumque
1452 2094 1510 2119 se-

116 2156 184 2180 nex
208 2149 337 2181 terram
361 2145 523 2188 foderet,
567 2145 630 2181 sed
661 2147 841 2191 nequiret,
881 2147 969 2181 vidit
991 2147 1128 2182 leonem
1162 2147 1207 2182 ad
1245 2158 1285 2182 se
1316 2149 1512 2183 venientem

117 2215 308 2254 mansuete,
340 2211 495 2257 dixitque
521 2212 594 2245 illi:
629 2215 752 2246 sancta
775 2211 842 2245 huc
864 2211 989 2246 mulier
1012 2214 1192 2258 praecepit
1214 2213 1360 2258 sepeliri
1384 2225 1512 2260 corpus

119 2286 217 2310 suum
242 2281 277 2311 et
302 2288 383 2323 ego,
409 2288 484 2312 eum
510 2279 574 2313 siin
597 2288 724 2320 senex,
759 2276 882 2312 fodere
908 2287 977 2311 non
1000 2288 1144 2322 possum
1166 2289 1232 2314 nee
1269 2281 1372 2314 etiam
1396 2279 1512 2315 habeo

123 2342 159 2386 ²)
174 2341 439 2385 ferramentum,
483 2347 522 2378 tu
556 2354 642 2390 ergo
676 2347 806 2378 terram
843 2343 945 2387 fode,
995 2348 1034 2379 ut
1064 2347 1240 2390 possimus
1275 2347 1352 2391 ejus
1385 2355 1513 2390 corpus

120 2408 378 2442 sanctissimum
404 2408 566 2452 sepelire.
624 2408 725 2443 Tune
758 2408 814 2444 leo
851 2410 969 2453 coepit
1001 2409 1124 2445 fodere
1159 2415 1194 2444 et
1226 2415 1341 2455 aptam
1376 2410 1512 2446 foveam

121 2473 365 2518 praeparavit,
398 2483 466 2518 quo
490 2477 635 2518 peracto
660 2473 717 2508 leo
741 2477 779 2508 ut
800 2483 913 2519 agnus
939 2479 1139 2510 mansuetus
1165 2475 1254 2509 abiit
1275 2480 1310 2510 et
1334 2486 1443 2512 senex
1466 2477 1512 2511 ad

121 2548 219 2573 suum
242 2538 490 2572 monasterium
513 2537 716 2584 glorificans
739 2538 849 2574 Deum
879 2539 986 2574 venit.

191 2678 220 2711 ι)
238 2679 359 2705 necent,
379 2678 494 2705 addunt
513 2678 663 2713 primis,
768 2677 796 2709 2)
817 2676 868 2704 Ed.
892 2679 935 2705 Pr.
957 2678 1048 2705 male:
1068 2678 1371 2709 firmamentum.
