<?xml version="1.0" encoding="UTF-8"?>
<!DOCTYPE html PUBLIC "-//W3C//DTD XHTML 1.0 Transitional//EN"
    "http://www.w3.org/TR/xhtml1/DTD/xhtml1-transitional.dtd">
<html xmlns="http://www.w3.org/1999/xhtml" xml:lang="en" lang="en">
 <head>
  <title>
</title>
<meta http-equiv="Content-Type" content="text/html;charset=utf-8" />
  <meta name='ocr-system' content='tesseract 3.04.00' />
  <meta name='ocr-capabilities' content='ocr_page ocr_carea ocr_par ocr_line ocrx_word'/>
</head>
<body>
  <div class='ocr_page' id='page_1' title='image "./legendaaureavulg00jacouoft_0815.png"; bbox 0 0 1742 3005; ppageno 0'>
   <div class='ocr_carea' id='block_1_1' title="bbox 411 118 1495 168">
    <p class='ocr_par' dir='ltr' id='par_1_1' title="bbox 411 118 1495 168">
     <span class='ocr_line' id='line_1_1' title="bbox 411 118 1495 168; baseline 0.007 -14"><span class='ocrx_word' id='word_1_1' title='bbox 411 118 505 168; x_wconf 87' lang='lat' dir='ltr'><strong>Cap.</strong></span> <span class='ocrx_word' id='word_1_2' title='bbox 536 118 705 158; x_wconf 81' lang='lat' dir='ltr'><strong>CLXlX.</strong></span> <span class='ocrx_word' id='word_1_3' title='bbox 762 119 821 158; x_wconf 90' lang='lat' dir='ltr'><strong>De</strong></span> <span class='ocrx_word' id='word_1_4' title='bbox 853 129 982 158; x_wconf 85' lang='lat' dir='ltr'><strong>sancta</strong></span> <span class='ocrx_word' id='word_1_5' title='bbox 1013 121 1192 160; x_wconf 84' lang='lat' dir='ltr'><strong>Caecilia.</strong></span> <span class='ocrx_word' id='word_1_6' title='bbox 1417 122 1495 162; x_wconf 80' lang='lat'><strong>775</strong></span> 
     </span>
    </p>
   </div>
   <div class='ocr_carea' id='block_1_2' title="bbox 46 221 1494 2772">
    <p class='ocr_par' dir='ltr' id='par_1_2' title="bbox 46 221 1494 2772">
     <span class='ocr_line' id='line_1_2' title="bbox 109 221 1494 269; baseline 0.006 -15"><span class='ocrx_word' id='word_1_7' title='bbox 109 221 223 254; x_wconf 84' lang='lat' dir='ltr'><strong>munia</strong></span> <span class='ocrx_word' id='word_1_8' title='bbox 252 221 390 255; x_wconf 87' lang='lat' dir='ltr'><strong>inimica</strong></span> <span class='ocrx_word' id='word_1_9' title='bbox 422 223 564 269; x_wconf 85' lang='lat' dir='ltr'><strong>gaudiis</strong></span> <span class='ocrx_word' id='word_1_10' title='bbox 598 223 785 258; x_wconf 79' lang='lat' dir='ltr'><strong>affectatis.</strong></span> <span class='ocrx_word' id='word_1_11' title='bbox 836 223 935 258; x_wconf 89' lang='lat' dir='ltr'><strong>Tunc</strong></span> <span class='ocrx_word' id='word_1_12' title='bbox 959 223 1167 259; x_wconf 81' lang='lat' dir='ltr'>Valerianus</span> <span class='ocrx_word' id='word_1_13' title='bbox 1205 235 1244 261; x_wconf 88' lang='lat' dir='ltr'><strong>se</strong></span> <span class='ocrx_word' id='word_1_14' title='bbox 1278 226 1410 263; x_wconf 89' lang='lat' dir='ltr'><strong>vidisse</strong></span> <span class='ocrx_word' id='word_1_15' title='bbox 1444 231 1494 263; x_wconf 87' lang='lat' dir='ltr'><strong>ait</strong></span> 
     </span>
     <span class='ocr_line' id='line_1_3' title="bbox 107 285 1491 337; baseline 0.007 -18"><span class='ocrx_word' id='word_1_16' title='bbox 107 285 251 331; x_wconf 85' lang='lat' dir='ltr'><strong>glaciali</strong></span> <span class='ocrx_word' id='word_1_17' title='bbox 277 290 432 331; x_wconf 87' lang='lat' dir='ltr'><strong>tempore</strong></span> <span class='ocrx_word' id='word_1_18' title='bbox 459 290 594 323; x_wconf 90' lang='lat' dir='ltr'><strong>otiosos</strong></span> <span class='ocrx_word' id='word_1_19' title='bbox 617 291 783 334; x_wconf 79' lang='lat' dir='ltr'><strong>Jocantes</strong></span> <span class='ocrx_word' id='word_1_20' title='bbox 810 293 844 324; x_wconf 86' lang='lat' dir='ltr'><strong>et</strong></span> <span class='ocrx_word' id='word_1_21' title='bbox 868 292 1051 334; x_wconf 87' lang='lat' dir='ltr'><strong>operarios</strong></span> <span class='ocrx_word' id='word_1_22' title='bbox 1078 291 1254 337; x_wconf 76' lang='lat' dir='ltr'>agricolas</span> <span class='ocrx_word' id='word_1_23' title='bbox 1277 292 1491 335; x_wconf 83' lang='lat' dir='ltr'><strong>deridentes,</strong></span> 
     </span>
     <span class='ocr_line' id='line_1_4' title="bbox 106 351 1490 402; baseline 0.007 -17"><span class='ocrx_word' id='word_1_24' title='bbox 106 351 171 386; x_wconf 86' lang='lat' dir='ltr'><strong>sed</strong></span> <span class='ocrx_word' id='word_1_25' title='bbox 203 355 340 387; x_wconf 88' lang='lat' dir='ltr'><strong>aestivo</strong></span> <span class='ocrx_word' id='word_1_26' title='bbox 375 357 552 399; x_wconf 86' lang='lat' dir='ltr'><strong>tempore,</strong></span> <span class='ocrx_word' id='word_1_27' title='bbox 598 354 675 389; x_wconf 88' lang='lat' dir='ltr'><strong>dum</strong></span> <span class='ocrx_word' id='word_1_28' title='bbox 712 355 937 389; x_wconf 85' lang='lat' dir='ltr'><strong>advenissent</strong></span> <span class='ocrx_word' id='word_1_29' title='bbox 968 356 1118 401; x_wconf 80' lang='lat' dir='ltr'>gloriosi</span> <span class='ocrx_word' id='word_1_30' title='bbox 1153 357 1286 392; x_wconf 83' lang='lat' dir='ltr'><strong>fructus</strong></span> <span class='ocrx_word' id='word_1_31' title='bbox 1319 359 1490 402; x_wconf 88' lang='lat' dir='ltr'><strong>laborum,</strong></span> 
     </span>
     <span class='ocr_line' id='line_1_5' title="bbox 105 417 1488 469; baseline 0.007 -18"><span class='ocrx_word' id='word_1_32' title='bbox 105 417 341 463; x_wconf 81' lang='lat' dir='ltr'>gaudentibus</span> <span class='ocrx_word' id='word_1_33' title='bbox 371 419 459 461; x_wconf 89' lang='lat' dir='ltr'><strong>illis,</strong></span> <span class='ocrx_word' id='word_1_34' title='bbox 494 421 551 465; x_wconf 87' lang='lat' dir='ltr'><strong>qui</strong></span> <span class='ocrx_word' id='word_1_35' title='bbox 578 420 792 465; x_wconf 87' lang='lat' dir='ltr'><strong>putabantur</strong></span> <span class='ocrx_word' id='word_1_36' title='bbox 816 422 916 461; x_wconf 84' lang='lat' dir='ltr'><strong>vani,</strong></span> <span class='ocrx_word' id='word_1_37' title='bbox 949 425 1140 464; x_wconf 87' lang='lat' dir='ltr'><strong>coeperunt</strong></span> <span class='ocrx_word' id='word_1_38' title='bbox 1165 422 1268 465; x_wconf 82' lang='lat' dir='ltr'><strong>llere,</strong></span> <span class='ocrx_word' id='word_1_39' title='bbox 1303 427 1362 469; x_wconf 89' lang='lat' dir='ltr'><strong>qui</strong></span> <span class='ocrx_word' id='word_1_40' title='bbox 1389 426 1488 461; x_wconf 82' lang='lat' dir='ltr'><strong>vide-</strong></span> 
     </span>
     <span class='ocr_line' id='line_1_6' title="bbox 72 482 1490 537; baseline 0.007 -21"><span class='ocrx_word' id='word_1_41' title='bbox 72 482 233 537; x_wconf 18' lang='lat' dir='ltr'><strong>*xbantur</strong></span> <span class='ocrx_word' id='word_1_42' title='bbox 256 484 392 519; x_wconf 87' lang='lat' dir='ltr'><strong>urbani.</strong></span> <span class='ocrx_word' id='word_1_43' title='bbox 441 485 499 519; x_wconf 86' lang='lat' dir='ltr'><strong>Sic</strong></span> <span class='ocrx_word' id='word_1_44' title='bbox 531 489 565 519; x_wconf 88' lang='lat' dir='ltr'><strong>et</strong></span> <span class='ocrx_word' id='word_1_45' title='bbox 595 496 658 519; x_wconf 89' lang='lat' dir='ltr'><strong>nos</strong></span> <span class='ocrx_word' id='word_1_46' title='bbox 690 495 778 518; x_wconf 90' lang='lat' dir='ltr'><strong>nunc</strong></span> <span class='ocrx_word' id='word_1_47' title='bbox 805 484 943 530; x_wconf 88' lang='lat' dir='ltr'><strong>quidem</strong></span> <span class='ocrx_word' id='word_1_48' title='bbox 970 487 1180 519; x_wconf 80' lang='lat' dir='ltr'><strong>sustinemus</strong></span> <span class='ocrx_word' id='word_1_49' title='bbox 1207 488 1431 532; x_wconf 79' lang='lat' dir='ltr'>ignominiam</span> <span class='ocrx_word' id='word_1_50' title='bbox 1456 496 1490 526; x_wconf 83' lang='lat' dir='ltr'><strong>et</strong></span> 
     </span>
     <span class='ocr_line' id='line_1_7' title="bbox 105 549 1488 595; baseline 0.007 -13"><span class='ocrx_word' id='word_1_51' title='bbox 105 549 278 592; x_wconf 87' lang='lat' dir='ltr'><strong>laborem,</strong></span> <span class='ocrx_word' id='word_1_52' title='bbox 305 552 338 584; x_wconf 92' lang='lat' dir='ltr'><strong>in</strong></span> <span class='ocrx_word' id='word_1_53' title='bbox 368 549 483 583; x_wconf 86' lang='lat' dir='ltr'><strong>futuro</strong></span> <span class='ocrx_word' id='word_1_54' title='bbox 500 554 613 584; x_wconf 89' lang='lat' dir='ltr'><strong>autem</strong></span> <span class='ocrx_word' id='word_1_55' title='bbox 630 551 839 594; x_wconf 75' lang='lat' dir='ltr'><strong>recipiemus</strong></span> <span class='ocrx_word' id='word_1_56' title='bbox 858 550 1008 595; x_wconf 76' lang='lat' dir='ltr'><strong>gloriam</strong></span> <span class='ocrx_word' id='word_1_57' title='bbox 1034 555 1069 586; x_wconf 88' lang='lat' dir='ltr'><strong>et</strong></span> <span class='ocrx_word' id='word_1_58' title='bbox 1087 555 1264 586; x_wconf 83' lang='lat' dir='ltr'><strong>aeternam</strong></span> <span class='ocrx_word' id='word_1_59' title='bbox 1280 556 1488 594; x_wconf 85' lang='lat' dir='ltr'><strong>mercedem.</strong></span> 
     </span>
     <span class='ocr_line' id='line_1_8' title="bbox 103 614 1488 661; baseline 0.006 -12"><span class='ocrx_word' id='word_1_60' title='bbox 103 614 173 649; x_wconf 84' lang='lat' dir='ltr'><strong>Vos</strong></span> <span class='ocrx_word' id='word_1_61' title='bbox 199 620 312 650; x_wconf 84' lang='lat' dir='ltr'><strong>autem</strong></span> <span class='ocrx_word' id='word_1_62' title='bbox 337 624 426 649; x_wconf 88' lang='lat' dir='ltr'><strong>nunc</strong></span> <span class='ocrx_word' id='word_1_63' title='bbox 453 616 692 649; x_wconf 85' lang='lat' dir='ltr'><strong>transitorium</strong></span> <span class='ocrx_word' id='word_1_64' title='bbox 719 614 858 650; x_wconf 89' lang='lat' dir='ltr'><strong>habetis</strong></span> <span class='ocrx_word' id='word_1_65' title='bbox 884 615 1063 661; x_wconf 80' lang='lat' dir='ltr'><strong>gaudium,</strong></span> <span class='ocrx_word' id='word_1_66' title='bbox 1091 619 1124 651; x_wconf 89' lang='lat' dir='ltr'><strong>in</strong></span> <span class='ocrx_word' id='word_1_67' title='bbox 1152 617 1268 652; x_wconf 89' lang='lat' dir='ltr'><strong>futuro</strong></span> <span class='ocrx_word' id='word_1_68' title='bbox 1295 625 1409 656; x_wconf 86' lang='lat' dir='ltr'><strong>autem</strong></span> <span class='ocrx_word' id='word_1_69' title='bbox 1436 623 1488 657; x_wconf 86' lang='lat' dir='ltr'><strong>in-</strong></span> 
     </span>
     <span class='ocr_line' id='line_1_9' title="bbox 103 680 1487 732; baseline 0.004 -16"><span class='ocrx_word' id='word_1_70' title='bbox 103 682 250 716; x_wconf 87' lang='lat' dir='ltr'><strong>venietis</strong></span> <span class='ocrx_word' id='word_1_71' title='bbox 270 685 448 716; x_wconf 82' lang='lat' dir='ltr'><strong>aeternum</strong></span> <span class='ocrx_word' id='word_1_72' title='bbox 467 680 604 715; x_wconf 88' lang='lat' dir='ltr'><strong>luctum.</strong></span> <span class='ocrx_word' id='word_1_73' title='bbox 639 682 702 716; x_wconf 80' lang='lat' dir='ltr'><strong>Cui</strong></span> <span class='ocrx_word' id='word_1_74' title='bbox 722 682 940 726; x_wconf 79' lang='lat' dir='ltr'><strong>praefectus:</strong></span> <span class='ocrx_word' id='word_1_75' title='bbox 968 692 1054 728; x_wconf 83' lang='lat' dir='ltr'><strong>crgo</strong></span> <span class='ocrx_word' id='word_1_76' title='bbox 1071 694 1135 717; x_wconf 89' lang='lat' dir='ltr'><strong>nos</strong></span> <span class='ocrx_word' id='word_1_77' title='bbox 1154 685 1372 720; x_wconf 78' lang='lat' dir='ltr'><strong>invictissimi</strong></span> <span class='ocrx_word' id='word_1_78' title='bbox 1390 690 1487 732; x_wconf 92' lang='lat' dir='ltr'><strong>prin-</strong></span> 
     </span>
     <span class='ocr_line' id='line_1_10' title="bbox 101 745 1486 798; baseline 0.006 -18"><span class='ocrx_word' id='word_1_79' title='bbox 101 748 198 791; x_wconf 80' lang='lat' dir='ltr'><strong>cipes</strong></span> <span class='ocrx_word' id='word_1_80' title='bbox 219 750 398 782; x_wconf 85' lang='lat' dir='ltr'><strong>aeternum</strong></span> <span class='ocrx_word' id='word_1_81' title='bbox 424 745 631 782; x_wconf 83' lang='lat' dir='ltr'><strong>habebimus</strong></span> <span class='ocrx_word' id='word_1_82' title='bbox 649 746 776 781; x_wconf 88' lang='lat' dir='ltr'><strong>luctum</strong></span> <span class='ocrx_word' id='word_1_83' title='bbox 799 751 833 782; x_wconf 93' lang='lat' dir='ltr'><strong>et</strong></span> <span class='ocrx_word' id='word_1_84' title='bbox 855 758 916 781; x_wconf 94' lang='lat' dir='ltr'><strong>vos</strong></span> <span class='ocrx_word' id='word_1_85' title='bbox 944 759 1117 792; x_wconf 85' lang='lat' dir='ltr'><strong>personae</strong></span> <span class='ocrx_word' id='word_1_86' title='bbox 1142 749 1333 787; x_wconf 85' lang='lat' dir='ltr'><strong>vilissimae</strong></span> <span class='ocrx_word' id='word_1_87' title='bbox 1358 764 1486 798; x_wconf 87' lang='lat' dir='ltr'><strong>perpe-</strong></span> 
     </span>
     <span class='ocr_line' id='line_1_11' title="bbox 98 812 1486 861; baseline 0.006 -15"><span class='ocrx_word' id='word_1_88' title='bbox 98 815 190 847; x_wconf 89' lang='lat' dir='ltr'><strong>tuum</strong></span> <span class='ocrx_word' id='word_1_89' title='bbox 212 812 442 857; x_wconf 86' lang='lat' dir='ltr'><strong>possidebitis</strong></span> <span class='ocrx_word' id='word_1_90' title='bbox 462 812 627 858; x_wconf 82' lang='lat' dir='ltr'><strong>gaudium</strong></span> <span class='ocrx_word' id='word_1_91' title='bbox 641 813 659 846; x_wconf 65' lang='lat'><strong>:³</strong></span> <span class='ocrx_word' id='word_1_92' title='bbox 699 812 762 846; x_wconf 90' lang='lat' dir='ltr'><strong>Cui</strong></span> <span class='ocrx_word' id='word_1_93' title='bbox 780 812 1006 848; x_wconf 77' lang='lat' dir='ltr'><strong>Valerianus:</strong></span> <span class='ocrx_word' id='word_1_94' title='bbox 1028 814 1269 851; x_wconf 88' lang='lat' dir='ltr'><strong>homuntiones</strong></span> <span class='ocrx_word' id='word_1_95' title='bbox 1289 820 1374 852; x_wconf 88' lang='lat' dir='ltr'><strong>estis</strong></span> <span class='ocrx_word' id='word_1_96' title='bbox 1388 847 1396 861; x_wconf 92' lang='lat'>‚</span> <span class='ocrx_word' id='word_1_97' title='bbox 1419 831 1486 854; x_wconf 87' lang='lat' dir='ltr'><strong>non</strong></span> 
     </span>
     <span class='ocr_line' id='line_1_12' title="bbox 98 880 1485 924; baseline 0.005 -12"><span class='ocrx_word' id='word_1_98' title='bbox 98 880 302 923; x_wconf 80' lang='lat' dir='ltr'><strong>principes,</strong></span> <span class='ocrx_word' id='word_1_99' title='bbox 340 883 497 924; x_wconf 88' lang='lat' dir='ltr'><strong>tempore</strong></span> <span class='ocrx_word' id='word_1_100' title='bbox 529 883 650 912; x_wconf 89' lang='lat' dir='ltr'><strong>nostro</strong></span> <span class='ocrx_word' id='word_1_101' title='bbox 684 881 775 920; x_wconf 85' lang='lat' dir='ltr'><strong>nati,</strong></span> <span class='ocrx_word' id='word_1_102' title='bbox 812 880 915 912; x_wconf 90' lang='lat' dir='ltr'><strong>citius</strong></span> <span class='ocrx_word' id='word_1_103' title='bbox 949 881 1106 913; x_wconf 87' lang='lat' dir='ltr'><strong>morituri</strong></span> <span class='ocrx_word' id='word_1_104' title='bbox 1142 885 1177 915; x_wconf 88' lang='lat' dir='ltr'><strong>et</strong></span> <span class='ocrx_word' id='word_1_105' title='bbox 1208 881 1281 916; x_wconf 90' lang='lat' dir='ltr'><strong>Deo</strong></span> <span class='ocrx_word' id='word_1_106' title='bbox 1318 886 1485 920; x_wconf 82' lang='lat' dir='ltr'><strong>rationein</strong></span> 
     </span>
     <span class='ocr_line' id='line_1_13' title="bbox 97 944 1483 992; baseline 0.006 -15"><span class='ocrx_word' id='word_1_107' title='bbox 97 944 176 989; x_wconf 88' lang='lat' dir='ltr'><strong>plus</strong></span> <span class='ocrx_word' id='word_1_108' title='bbox 209 945 369 978; x_wconf 89' lang='lat' dir='ltr'><strong>omnibus</strong></span> <span class='ocrx_word' id='word_1_109' title='bbox 404 944 586 980; x_wconf 83' lang='lat' dir='ltr'><strong>reddituri.</strong></span> <span class='ocrx_word' id='word_1_110' title='bbox 645 944 740 978; x_wconf 82' lang='lat' dir='ltr'><strong>Dixit</strong></span> <span class='ocrx_word' id='word_1_111' title='bbox 776 949 889 979; x_wconf 86' lang='lat' dir='ltr'><strong>autem</strong></span> <span class='ocrx_word' id='word_1_112' title='bbox 927 945 1147 989; x_wconf 79' lang='lat' dir='ltr'><strong>praefectus:</strong></span> <span class='ocrx_word' id='word_1_113' title='bbox 1182 947 1262 992; x_wconf 90' lang='lat' dir='ltr'><strong>quid</strong></span> <span class='ocrx_word' id='word_1_114' title='bbox 1301 949 1483 985; x_wconf 83' lang='lat' dir='ltr'><strong>verborum</strong></span> 
     </span>
     <span class='ocr_line' id='line_1_14' title="bbox 98 1010 1484 1052; baseline 0.006 -8"><span class='ocrx_word' id='word_1_115' title='bbox 98 1012 244 1045; x_wconf 86' lang='lat' dir='ltr'><strong>circuitu</strong></span> <span class='ocrx_word' id='word_1_116' title='bbox 263 1012 509 1045; x_wconf 78' lang='lat' dir='ltr'><strong>immoramur?</strong></span> <span class='ocrx_word' id='word_1_117' title='bbox 531 1011 654 1045; x_wconf 81' lang='lat' dir='ltr'><strong>offerte</strong></span> <span class='ocrx_word' id='word_1_118' title='bbox 672 1010 747 1044; x_wconf 93' lang='lat' dir='ltr'><strong>Diis</strong></span> <span class='ocrx_word' id='word_1_119' title='bbox 765 1010 930 1044; x_wconf 82' lang='lat' dir='ltr'><strong>libamina</strong></span> <span class='ocrx_word' id='word_1_120' title='bbox 947 1014 980 1045; x_wconf 90' lang='lat' dir='ltr'><strong>et</strong></span> <span class='ocrx_word' id='word_1_121' title='bbox 1002 1011 1116 1046; x_wconf 89' lang='lat' dir='ltr'><strong>illaesi</strong></span> <span class='ocrx_word' id='word_1_122' title='bbox 1137 1012 1331 1050; x_wconf 86' lang='lat' dir='ltr'><strong>abscedite.</strong></span> <span class='ocrx_word' id='word_1_123' title='bbox 1365 1016 1484 1052; x_wconf 86' lang='lat' dir='ltr'><strong>Sancti</strong></span> 
     </span>
     <span class='ocr_line' id='line_1_15' title="bbox 97 1076 1484 1122; baseline 0.005 -12"><span class='ocrx_word' id='word_1_124' title='bbox 97 1076 370 1121; x_wconf 88' lang='lat' dir='ltr'><strong>responderunt:</strong></span> <span class='ocrx_word' id='word_1_125' title='bbox 397 1086 460 1110; x_wconf 92' lang='lat' dir='ltr'><strong>nos</strong></span> <span class='ocrx_word' id='word_1_126' title='bbox 478 1076 550 1110; x_wconf 83' lang='lat' dir='ltr'><strong>Deo</strong></span> <span class='ocrx_word' id='word_1_127' title='bbox 569 1087 651 1110; x_wconf 89' lang='lat' dir='ltr'><strong>vero</strong></span> <span class='ocrx_word' id='word_1_128' title='bbox 673 1076 831 1122; x_wconf 87' lang='lat' dir='ltr'><strong>quotidie</strong></span> <span class='ocrx_word' id='word_1_129' title='bbox 852 1078 1058 1111; x_wconf 79' lang='lat' dir='ltr'><strong>sacrificium</strong></span> <span class='ocrx_word' id='word_1_130' title='bbox 1084 1078 1301 1114; x_wconf 75' lang='lat' dir='ltr'><strong>exhibemus.</strong></span> <span class='ocrx_word' id='word_1_131' title='bbox 1350 1082 1484 1121; x_wconf 90' lang='lat' dir='ltr'><strong>Quibus</strong></span> 
     </span>
     <span class='ocr_line' id='line_1_16' title="bbox 95 1142 1481 1191; baseline 0.004 -15"><span class='ocrx_word' id='word_1_132' title='bbox 95 1142 317 1186; x_wconf 85' lang='lat' dir='ltr'><strong>praefectus:</strong></span> <span class='ocrx_word' id='word_1_133' title='bbox 345 1142 437 1187; x_wconf 89' lang='lat' dir='ltr'><strong>quod</strong></span> <span class='ocrx_word' id='word_1_134' title='bbox 467 1145 520 1177; x_wconf 86' lang='lat' dir='ltr'><strong>est</strong></span> <span class='ocrx_word' id='word_1_135' title='bbox 544 1153 667 1177; x_wconf 87' lang='lat' dir='ltr'><strong>nomen</strong></span> <span class='ocrx_word' id='word_1_136' title='bbox 694 1143 800 1187; x_wconf 79' lang='lat' dir='ltr'><strong>ejus?</strong></span> <span class='ocrx_word' id='word_1_137' title='bbox 849 1142 912 1176; x_wconf 88' lang='lat' dir='ltr'><strong>Cui</strong></span> <span class='ocrx_word' id='word_1_138' title='bbox 932 1142 1159 1178; x_wconf 77' lang='lat' dir='ltr'><strong>Valerianus:</strong></span> <span class='ocrx_word' id='word_1_139' title='bbox 1186 1155 1308 1180; x_wconf 91' lang='lat' dir='ltr'><strong>nomen</strong></span> <span class='ocrx_word' id='word_1_140' title='bbox 1331 1148 1406 1191; x_wconf 83' lang='lat' dir='ltr'><strong>ejus</strong></span> <span class='ocrx_word' id='word_1_141' title='bbox 1429 1150 1481 1182; x_wconf 93' lang='lat' dir='ltr'><strong>in-</strong></span> 
     </span>
     <span class='ocr_line' id='line_1_17' title="bbox 46 1208 1482 1260; baseline 0.005 -18"><span class='ocrx_word' id='word_1_142' title='bbox 46 1214 58 1222; x_wconf 74' lang='lat'><em>&#39;</em></span> <span class='ocrx_word' id='word_1_143' title='bbox 95 1209 213 1243; x_wconf 83' lang='lat' dir='ltr'><strong>venire</strong></span> <span class='ocrx_word' id='word_1_144' title='bbox 232 1219 300 1242; x_wconf 86' lang='lat' dir='ltr'><strong>non</strong></span> <span class='ocrx_word' id='word_1_145' title='bbox 320 1210 467 1253; x_wconf 86' lang='lat' dir='ltr'><strong>poteris,</strong></span> <span class='ocrx_word' id='word_1_146' title='bbox 495 1210 631 1243; x_wconf 87' lang='lat' dir='ltr'><strong>etiamsi</strong></span> <span class='ocrx_word' id='word_1_147' title='bbox 662 1210 784 1253; x_wconf 86' lang='lat' dir='ltr'><strong>pennis</strong></span> <span class='ocrx_word' id='word_1_148' title='bbox 802 1208 989 1243; x_wconf 82' lang='lat' dir='ltr'><strong>velaveris.</strong></span> <span class='ocrx_word' id='word_1_149' title='bbox 1038 1208 1242 1245; x_wconf 81' lang='lat' dir='ltr'><strong>Praefectus</strong></span> <span class='ocrx_word' id='word_1_150' title='bbox 1263 1212 1369 1247; x_wconf 82' lang='lat' dir='ltr'><strong>dixit:</strong></span> <span class='ocrx_word' id='word_1_151' title='bbox 1395 1224 1482 1260; x_wconf 82' lang='lat' dir='ltr'><strong>ergo</strong></span> 
     </span>
     <span class='ocr_line' id='line_1_18' title="bbox 90 1273 1482 1319; baseline 0.004 -10"><span class='ocrx_word' id='word_1_152' title='bbox 90 1273 229 1319; x_wconf 82' lang='lat' dir='ltr'><strong>Jupiter</strong></span> <span class='ocrx_word' id='word_1_153' title='bbox 252 1285 376 1309; x_wconf 89' lang='lat' dir='ltr'><strong>nomen</strong></span> <span class='ocrx_word' id='word_1_154' title='bbox 407 1274 470 1309; x_wconf 91' lang='lat' dir='ltr'><strong>Dei</strong></span> <span class='ocrx_word' id='word_1_155' title='bbox 499 1285 567 1308; x_wconf 89' lang='lat' dir='ltr'><strong>non</strong></span> <span class='ocrx_word' id='word_1_156' title='bbox 595 1276 675 1309; x_wconf 78' lang='lat' dir='ltr'><strong>est?</strong></span> <span class='ocrx_word' id='word_1_157' title='bbox 725 1275 787 1308; x_wconf 77' lang='lat' dir='ltr'><strong>(lui</strong></span> <span class='ocrx_word' id='word_1_158' title='bbox 813 1274 1046 1309; x_wconf 80' lang='lat' dir='ltr'><strong>Valerianus:</strong></span> <span class='ocrx_word' id='word_1_159' title='bbox 1077 1286 1198 1311; x_wconf 88' lang='lat' dir='ltr'><strong>nomen</strong></span> <span class='ocrx_word' id='word_1_160' title='bbox 1224 1276 1422 1314; x_wconf 82' lang='lat' dir='ltr'><strong>homicidae</strong></span> <span class='ocrx_word' id='word_1_161' title='bbox 1448 1285 1482 1315; x_wconf 86' lang='lat' dir='ltr'><strong>et</strong></span> 
     </span>
     <span class='ocr_line' id='line_1_19' title="bbox 91 1340 1482 1385; baseline 0.004 -10"><span class='ocrx_word' id='word_1_162' title='bbox 91 1342 304 1385; x_wconf 83' lang='lat' dir='ltr'><strong>stupratoris</strong></span> <span class='ocrx_word' id='word_1_163' title='bbox 332 1344 399 1375; x_wconf 90' lang='lat' dir='ltr'><strong>est.</strong></span> <span class='ocrx_word' id='word_1_164' title='bbox 448 1340 501 1374; x_wconf 74' lang='lat' dir='ltr'><strong>Ad</strong></span> <span class='ocrx_word' id='word_1_165' title='bbox 530 1351 628 1385; x_wconf 88' lang='lat' dir='ltr'><strong>quem</strong></span> <span class='ocrx_word' id='word_1_166' title='bbox 655 1340 876 1375; x_wconf 83' lang='lat' dir='ltr'><strong>Almaehius:</strong></span> <span class='ocrx_word' id='word_1_167' title='bbox 912 1351 998 1385; x_wconf 80' lang='lat' dir='ltr'><strong>ergo</strong></span> <span class='ocrx_word' id='word_1_168' title='bbox 1030 1345 1122 1376; x_wconf 89' lang='lat' dir='ltr'><strong>totus</strong></span> <span class='ocrx_word' id='word_1_169' title='bbox 1156 1344 1302 1379; x_wconf 80' lang='lat' dir='ltr'><strong>mumlus</strong></span> <span class='ocrx_word' id='word_1_170' title='bbox 1328 1349 1422 1380; x_wconf 87' lang='lat' dir='ltr'><strong>errat</strong></span> <span class='ocrx_word' id='word_1_171' title='bbox 1447 1351 1482 1381; x_wconf 90' lang='lat' dir='ltr'><strong>ct</strong></span> 
     </span>
     <span class='ocr_line' id='line_1_20' title="bbox 90 1406 1480 1454; baseline 0.004 -14"><span class='ocrx_word' id='word_1_172' title='bbox 90 1410 127 1441; x_wconf 91' lang='lat' dir='ltr'><strong>tu</strong></span> <span class='ocrx_word' id='word_1_173' title='bbox 164 1417 239 1441; x_wconf 85' lang='lat' dir='ltr'><strong>cum</strong></span> <span class='ocrx_word' id='word_1_174' title='bbox 276 1407 384 1441; x_wconf 85' lang='lat' dir='ltr'><strong>fratre</strong></span> <span class='ocrx_word' id='word_1_175' title='bbox 417 1410 475 1440; x_wconf 88' lang='lat' dir='ltr'><strong>tuo</strong></span> <span class='ocrx_word' id='word_1_176' title='bbox 503 1417 619 1441; x_wconf 83' lang='lat' dir='ltr'><strong>verum</strong></span> <span class='ocrx_word' id='word_1_177' title='bbox 646 1406 753 1441; x_wconf 88' lang='lat' dir='ltr'><strong>Deum</strong></span> <span class='ocrx_word' id='word_1_178' title='bbox 780 1407 899 1440; x_wconf 78' lang='lat' dir='ltr'><strong>nosti?</strong></span> <span class='ocrx_word' id='word_1_179' title='bbox 947 1406 1155 1443; x_wconf 87' lang='lat' dir='ltr'><strong>Valerianus</strong></span> <span class='ocrx_word' id='word_1_180' title='bbox 1182 1410 1381 1454; x_wconf 88' lang='lat' dir='ltr'><strong>respondit:</strong></span> <span class='ocrx_word' id='word_1_181' title='bbox 1415 1422 1480 1446; x_wconf 92' lang='lat' dir='ltr'><strong>nos</strong></span> 
     </span>
     <span class='ocr_line' id='line_1_21' title="bbox 89 1472 1479 1515; baseline 0.004 -9"><span class='ocrx_word' id='word_1_182' title='bbox 89 1473 157 1507; x_wconf 91' lang='lat' dir='ltr'><strong>soli</strong></span> <span class='ocrx_word' id='word_1_183' title='bbox 182 1484 250 1507; x_wconf 86' lang='lat' dir='ltr'><strong>non</strong></span> <span class='ocrx_word' id='word_1_184' title='bbox 277 1483 415 1515; x_wconf 88' lang='lat' dir='ltr'><strong>sumus,</strong></span> <span class='ocrx_word' id='word_1_185' title='bbox 450 1472 515 1507; x_wconf 90' lang='lat' dir='ltr'><strong>sed</strong></span> <span class='ocrx_word' id='word_1_186' title='bbox 549 1472 811 1508; x_wconf 91' lang='lat' dir='ltr'><strong>innumerabilis</strong></span> <span class='ocrx_word' id='word_1_187' title='bbox 843 1472 1028 1507; x_wconf 90' lang='lat' dir='ltr'><strong>multitudo</strong></span> <span class='ocrx_word' id='word_1_188' title='bbox 1062 1473 1153 1508; x_wconf 81' lang='lat' dir='ltr'><strong>lianc</strong></span> <span class='ocrx_word' id='word_1_189' title='bbox 1178 1478 1397 1511; x_wconf 81' lang='lat' dir='ltr'><strong>sanctitatem</strong></span> <span class='ocrx_word' id='word_1_190' title='bbox 1425 1489 1479 1512; x_wconf 88' lang='lat' dir='ltr'><strong>re-</strong></span> 
     </span>
     <span class='ocr_line' id='line_1_22' title="bbox 87 1538 1479 1584; baseline 0.002 -10"><span class='ocrx_word' id='word_1_191' title='bbox 87 1541 191 1584; x_wconf 84' lang='lat' dir='ltr'><strong>cepit.</strong></span> <span class='ocrx_word' id='word_1_192' title='bbox 241 1538 446 1574; x_wconf 86' lang='lat' dir='ltr'><strong>Traduntur</strong></span> <span class='ocrx_word' id='word_1_193' title='bbox 480 1540 588 1584; x_wconf 84' lang='lat' dir='ltr'><strong>igitur</strong></span> <span class='ocrx_word' id='word_1_194' title='bbox 619 1541 730 1573; x_wconf 85' lang='lat' dir='ltr'><strong>sancti</strong></span> <span class='ocrx_word' id='word_1_195' title='bbox 765 1540 798 1573; x_wconf 88' lang='lat' dir='ltr'><strong>in</strong></span> <span class='ocrx_word' id='word_1_196' title='bbox 833 1538 1027 1573; x_wconf 87' lang='lat' dir='ltr'><strong>custodiam</strong></span> <span class='ocrx_word' id='word_1_197' title='bbox 1055 1539 1210 1574; x_wconf 79' lang='lat' dir='ltr'><strong>Maximi.</strong></span> <span class='ocrx_word' id='word_1_198' title='bbox 1260 1542 1393 1581; x_wconf 82' lang='lat' dir='ltr'><strong>Quibus</strong></span> <span class='ocrx_word' id='word_1_199' title='bbox 1420 1544 1479 1578; x_wconf 86' lang='lat' dir='ltr'><strong>ille</strong></span> 
     </span>
     <span class='ocr_line' id='line_1_23' title="bbox 87 1605 1478 1651; baseline 0.003 -11"><span class='ocrx_word' id='word_1_200' title='bbox 87 1607 156 1640; x_wconf 79' lang='lat' dir='ltr'><strong>ait:</strong></span> <span class='ocrx_word' id='word_1_201' title='bbox 185 1616 205 1640; x_wconf 92' lang='grc' dir='ltr'><strong>ο</strong></span> <span class='ocrx_word' id='word_1_202' title='bbox 228 1605 424 1650; x_wconf 86' lang='lat' dir='ltr'><strong>juventutis</strong></span> <span class='ocrx_word' id='word_1_203' title='bbox 451 1605 515 1639; x_wconf 81' lang='lat' dir='ltr'><strong>flos</strong></span> <span class='ocrx_word' id='word_1_204' title='bbox 547 1616 762 1650; x_wconf 87' lang='lat' dir='ltr'><strong>purpureus,</strong></span> <span class='ocrx_word' id='word_1_205' title='bbox 795 1616 815 1639; x_wconf 93' lang='lat' dir='ltr'><strong>o</strong></span> <span class='ocrx_word' id='word_1_206' title='bbox 841 1615 1028 1651; x_wconf 79' lang='lat' dir='ltr'><strong>germanus</strong></span> <span class='ocrx_word' id='word_1_207' title='bbox 1056 1605 1289 1642; x_wconf 86' lang='lat' dir='ltr'><strong>fraternitatis</strong></span> <span class='ocrx_word' id='word_1_208' title='bbox 1318 1609 1478 1651; x_wconf 78' lang='lat' dir='ltr'><strong>affectus,</strong></span> 
     </span>
     <span class='ocr_line' id='line_1_24' title="bbox 88 1670 1477 1718; baseline 0.004 -13"><span class='ocrx_word' id='word_1_209' title='bbox 88 1671 262 1717; x_wconf 86' lang='lat' dir='ltr'><strong>quomodo</strong></span> <span class='ocrx_word' id='word_1_210' title='bbox 292 1670 338 1705; x_wconf 85' lang='lat' dir='ltr'><strong>ad</strong></span> <span class='ocrx_word' id='word_1_211' title='bbox 361 1675 503 1705; x_wconf 88' lang='lat' dir='ltr'><strong>mortem</strong></span> <span class='ocrx_word' id='word_1_212' title='bbox 524 1672 626 1716; x_wconf 84' lang='lat' dir='ltr'><strong>quasi</strong></span> <span class='ocrx_word' id='word_1_213' title='bbox 646 1670 688 1705; x_wconf 87' lang='lat' dir='ltr'><strong>ad</strong></span> <span class='ocrx_word' id='word_1_214' title='bbox 710 1670 833 1715; x_wconf 86' lang='lat' dir='ltr'><strong>epulas</strong></span> <span class='ocrx_word' id='word_1_215' title='bbox 855 1670 1058 1707; x_wconf 58' lang='lat' dir='ltr'><strong>festinatis?</strong></span> <span class='ocrx_word' id='word_1_216' title='bbox 1108 1672 1168 1707; x_wconf 72' lang='lat' dir='ltr'><strong>(lui</strong></span> <span class='ocrx_word' id='word_1_217' title='bbox 1189 1673 1394 1710; x_wconf 86' lang='lat' dir='ltr'><strong>Valerianus</strong></span> <span class='ocrx_word' id='word_1_218' title='bbox 1415 1678 1477 1718; x_wconf 87' lang='lat' dir='ltr'><strong>ait,</strong></span> 
     </span>
     <span class='ocr_line' id='line_1_25' title="bbox 87 1736 1480 1787; baseline 0.004 -15"><span class='ocrx_word' id='word_1_219' title='bbox 87 1737 202 1783; x_wconf 87' lang='lat' dir='ltr'><strong>quod,</strong></span> <span class='ocrx_word' id='word_1_220' title='bbox 229 1738 262 1771; x_wconf 91' lang='lat' dir='ltr'><strong>si</strong></span> <span class='ocrx_word' id='word_1_221' title='bbox 285 1737 498 1772; x_wconf 88' lang='lat' dir='ltr'><strong>crediturum</strong></span> <span class='ocrx_word' id='word_1_222' title='bbox 525 1747 563 1772; x_wconf 88' lang='lat' dir='ltr'><strong>se</strong></span> <span class='ocrx_word' id='word_1_223' title='bbox 590 1738 828 1782; x_wconf 81' lang='lat' dir='ltr'><strong>promitteret,</strong></span> <span class='ocrx_word' id='word_1_224' title='bbox 861 1736 1011 1783; x_wconf 85' lang='lat' dir='ltr'><strong>gloriam</strong></span> <span class='ocrx_word' id='word_1_225' title='bbox 1036 1740 1225 1774; x_wconf 86' lang='lat' dir='ltr'><strong>animarum</strong></span> <span class='ocrx_word' id='word_1_226' title='bbox 1255 1751 1371 1775; x_wconf 88' lang='lat' dir='ltr'><strong>corum</strong></span> <span class='ocrx_word' id='word_1_227' title='bbox 1398 1747 1480 1787; x_wconf 93' lang='lat' dir='ltr'><strong>post</strong></span> 
     </span>
     <span class='ocr_line' id='line_1_26' title="bbox 87 1801 1477 1851; baseline 0.004 -14"><span class='ocrx_word' id='word_1_228' title='bbox 87 1808 232 1839; x_wconf 88' lang='lat' dir='ltr'><strong>mortem</strong></span> <span class='ocrx_word' id='word_1_229' title='bbox 257 1803 403 1839; x_wconf 85' lang='lat' dir='ltr'><strong>videret.</strong></span> <span class='ocrx_word' id='word_1_230' title='bbox 450 1801 494 1837; x_wconf 91' lang='lat' dir='ltr'><strong>Et</strong></span> <span class='ocrx_word' id='word_1_231' title='bbox 518 1802 713 1838; x_wconf 87' lang='lat' dir='ltr'><strong>Maximus:</strong></span> <span class='ocrx_word' id='word_1_232' title='bbox 742 1802 944 1838; x_wconf 89' lang='lat' dir='ltr'><strong>fulminibus</strong></span> <span class='ocrx_word' id='word_1_233' title='bbox 969 1806 1083 1851; x_wconf 82' lang='lat' dir='ltr'><strong>igneis</strong></span> <span class='ocrx_word' id='word_1_234' title='bbox 1113 1816 1317 1849; x_wconf 87' lang='lat' dir='ltr'><strong>consumar,</strong></span> <span class='ocrx_word' id='word_1_235' title='bbox 1353 1809 1381 1842; x_wconf 90' lang='lat' dir='ltr'><strong>si</strong></span> <span class='ocrx_word' id='word_1_236' title='bbox 1410 1819 1477 1842; x_wconf 90' lang='lat' dir='ltr'><strong>non</strong></span> 
     </span>
     <span class='ocr_line' id='line_1_27' title="bbox 85 1868 1475 1918; baseline 0.003 -15"><span class='ocrx_word' id='word_1_237' title='bbox 85 1869 179 1905; x_wconf 78' lang='lat' dir='ltr'><strong>illum</strong></span> <span class='ocrx_word' id='word_1_238' title='bbox 198 1869 308 1904; x_wconf 87' lang='lat' dir='ltr'><strong>solum</strong></span> <span class='ocrx_word' id='word_1_239' title='bbox 328 1870 436 1905; x_wconf 88' lang='lat' dir='ltr'><strong>Deum</strong></span> <span class='ocrx_word' id='word_1_240' title='bbox 458 1868 637 1912; x_wconf 80' lang='lat' dir='ltr'><strong>confitear,</strong></span> <span class='ocrx_word' id='word_1_241' title='bbox 658 1880 758 1914; x_wconf 86' lang='lat' dir='ltr'><strong>quem</strong></span> <span class='ocrx_word' id='word_1_242' title='bbox 778 1869 950 1913; x_wconf 85' lang='lat' dir='ltr'><strong>adoratis,</strong></span> <span class='ocrx_word' id='word_1_243' title='bbox 971 1872 1002 1905; x_wconf 90' lang='lat' dir='ltr'><strong>si</strong></span> <span class='ocrx_word' id='word_1_244' title='bbox 1023 1873 1218 1918; x_wconf 79' lang='lat' dir='ltr'><strong>contingat,</strong></span> <span class='ocrx_word' id='word_1_245' title='bbox 1238 1873 1328 1918; x_wconf 88' lang='lat' dir='ltr'><strong>quod</strong></span> <span class='ocrx_word' id='word_1_246' title='bbox 1345 1872 1475 1909; x_wconf 86' lang='lat' dir='ltr'><strong>dicitis.</strong></span> 
     </span>
     <span class='ocr_line' id='line_1_28' title="bbox 83 1935 1474 1981; baseline 0.002 -11"><span class='ocrx_word' id='word_1_247' title='bbox 83 1935 164 1980; x_wconf 89' lang='lat' dir='ltr'><strong>lpse</strong></span> <span class='ocrx_word' id='word_1_248' title='bbox 185 1937 296 1981; x_wconf 81' lang='lat' dir='ltr'><strong>igitur</strong></span> <span class='ocrx_word' id='word_1_249' title='bbox 311 1936 487 1972; x_wconf 84' lang='lat' dir='ltr'><strong>Maximus</strong></span> <span class='ocrx_word' id='word_1_250' title='bbox 508 1939 543 1970; x_wconf 86' lang='lat' dir='ltr'><strong>et</strong></span> <span class='ocrx_word' id='word_1_251' title='bbox 562 1937 674 1970; x_wconf 86' lang='lat' dir='ltr'><strong>onmis</strong></span> <span class='ocrx_word' id='word_1_252' title='bbox 694 1937 771 1981; x_wconf 84' lang='lat' dir='ltr'><strong>ejus</strong></span> <span class='ocrx_word' id='word_1_253' title='bbox 789 1935 922 1971; x_wconf 84' lang='lat' dir='ltr'><strong>familia</strong></span> <span class='ocrx_word' id='word_1_254' title='bbox 939 1941 972 1972; x_wconf 91' lang='lat' dir='ltr'><strong>ct</strong></span> <span class='ocrx_word' id='word_1_255' title='bbox 991 1939 1142 1973; x_wconf 81' lang='lat' dir='ltr'><strong>universi</strong></span> <span class='ocrx_word' id='word_1_256' title='bbox 1161 1938 1343 1974; x_wconf 82' lang='lat' dir='ltr'><strong>carnifices</strong></span> <span class='ocrx_word' id='word_1_257' title='bbox 1361 1939 1474 1974; x_wconf 88' lang='lat' dir='ltr'><strong>credi-</strong></span> 
     </span>
     <span class='ocr_line' id='line_1_29' title="bbox 84 2000 1476 2050; baseline 0.003 -15"><span class='ocrx_word' id='word_1_258' title='bbox 84 2001 212 2035; x_wconf 87' lang='lat' dir='ltr'><strong>derunt</strong></span> <span class='ocrx_word' id='word_1_259' title='bbox 237 2005 272 2036; x_wconf 90' lang='lat' dir='ltr'><strong>et</strong></span> <span class='ocrx_word' id='word_1_260' title='bbox 296 2000 339 2035; x_wconf 88' lang='lat' dir='ltr'><strong>ab</strong></span> <span class='ocrx_word' id='word_1_261' title='bbox 365 2000 519 2044; x_wconf 85' lang='lat' dir='ltr'><strong>Urbano,</strong></span> <span class='ocrx_word' id='word_1_262' title='bbox 545 2003 604 2046; x_wconf 91' lang='lat' dir='ltr'><strong>qui</strong></span> <span class='ocrx_word' id='word_1_263' title='bbox 631 2001 714 2035; x_wconf 89' lang='lat' dir='ltr'><strong>illuc</strong></span> <span class='ocrx_word' id='word_1_264' title='bbox 740 2002 875 2036; x_wconf 90' lang='lat' dir='ltr'><strong>occulte</strong></span> <span class='ocrx_word' id='word_1_265' title='bbox 902 2005 1008 2046; x_wconf 82' lang='lat' dir='ltr'><strong>venit,</strong></span> <span class='ocrx_word' id='word_1_266' title='bbox 1034 2004 1210 2049; x_wconf 85' lang='lat' dir='ltr'><strong>baptisma</strong></span> <span class='ocrx_word' id='word_1_267' title='bbox 1233 2009 1476 2050; x_wconf 75' lang='lat' dir='ltr'><strong>susceperunt,</strong></span> 
     </span>
     <span class='ocr_line' id='line_1_30' title="bbox 84 2066 1474 2112; baseline 0.002 -11"><span class='ocrx_word' id='word_1_268' title='bbox 84 2066 196 2112; x_wconf 84' lang='lat' dir='ltr'><strong>Igitur</strong></span> <span class='ocrx_word' id='word_1_269' title='bbox 230 2066 310 2101; x_wconf 89' lang='lat' dir='ltr'><strong>dum</strong></span> <span class='ocrx_word' id='word_1_270' title='bbox 343 2076 473 2101; x_wconf 88' lang='lat' dir='ltr'><strong>aurora</strong></span> <span class='ocrx_word' id='word_1_271' title='bbox 506 2068 599 2100; x_wconf 91' lang='lat' dir='ltr'><strong>nocti</strong></span> <span class='ocrx_word' id='word_1_272' title='bbox 631 2066 729 2101; x_wconf 86' lang='lat' dir='ltr'><strong>linem</strong></span> <span class='ocrx_word' id='word_1_273' title='bbox 753 2067 874 2109; x_wconf 88' lang='lat' dir='ltr'><strong>daret,</strong></span> <span class='ocrx_word' id='word_1_274' title='bbox 923 2067 1078 2102; x_wconf 83' lang='lat' dir='ltr'><strong>Caecilia</strong></span> <span class='ocrx_word' id='word_1_275' title='bbox 1103 2069 1313 2104; x_wconf 76' lang='lat' dir='ltr'><strong>exclamavit</strong></span> <span class='ocrx_word' id='word_1_276' title='bbox 1338 2071 1474 2104; x_wconf 87' lang='lat' dir='ltr'><strong>dicens:</strong></span> 
     </span>
     <span class='ocr_line' id='line_1_31' title="bbox 84 2132 1475 2177; baseline 0.002 -11"><span class='ocrx_word' id='word_1_277' title='bbox 84 2134 141 2167; x_wconf 86' lang='lat' dir='ltr'><strong>eia</strong></span> <span class='ocrx_word' id='word_1_278' title='bbox 175 2133 304 2167; x_wconf 84' lang='lat' dir='ltr'><strong>milites</strong></span> <span class='ocrx_word' id='word_1_279' title='bbox 342 2132 493 2174; x_wconf 83' lang='lat' dir='ltr'><strong>Christi,</strong></span> <span class='ocrx_word' id='word_1_280' title='bbox 528 2132 671 2177; x_wconf 79' lang='lat' dir='ltr'><strong>abjicite</strong></span> <span class='ocrx_word' id='word_1_281' title='bbox 706 2142 816 2176; x_wconf 85' lang='lat' dir='ltr'><strong>opera</strong></span> <span class='ocrx_word' id='word_1_282' title='bbox 842 2132 1063 2167; x_wconf 87' lang='lat' dir='ltr'><strong>tenebrarum</strong></span> <span class='ocrx_word' id='word_1_283' title='bbox 1099 2138 1133 2168; x_wconf 91' lang='lat' dir='ltr'><strong>et</strong></span> <span class='ocrx_word' id='word_1_284' title='bbox 1165 2135 1344 2168; x_wconf 89' lang='lat' dir='ltr'><strong>induimini</strong></span> <span class='ocrx_word' id='word_1_285' title='bbox 1380 2145 1475 2170; x_wconf 85' lang='lat' dir='ltr'><strong>arma</strong></span> 
     </span>
     <span class='ocr_line' id='line_1_32' title="bbox 83 2197 1473 2244; baseline 0.001 -10"><span class='ocrx_word' id='word_1_286' title='bbox 83 2199 184 2234; x_wconf 87' lang='lat' dir='ltr'><strong>lucis.</strong></span> <span class='ocrx_word' id='word_1_287' title='bbox 243 2199 376 2239; x_wconf 85' lang='lat' dir='ltr'><strong>Quarto</strong></span> <span class='ocrx_word' id='word_1_288' title='bbox 409 2200 518 2244; x_wconf 86' lang='lat' dir='ltr'><strong>igitur</strong></span> <span class='ocrx_word' id='word_1_289' title='bbox 551 2197 716 2231; x_wconf 88' lang='lat' dir='ltr'><strong>milliario</strong></span> <span class='ocrx_word' id='word_1_290' title='bbox 749 2198 792 2232; x_wconf 89' lang='lat' dir='ltr'><strong>ab</strong></span> <span class='ocrx_word' id='word_1_291' title='bbox 824 2198 910 2232; x_wconf 87' lang='lat' dir='ltr'><strong>urhe</strong></span> <span class='ocrx_word' id='word_1_292' title='bbox 945 2201 1058 2233; x_wconf 88' lang='lat' dir='ltr'><strong>sancti</strong></span> <span class='ocrx_word' id='word_1_293' title='bbox 1100 2200 1144 2233; x_wconf 92' lang='lat' dir='ltr'><strong>ad</strong></span> <span class='ocrx_word' id='word_1_294' title='bbox 1189 2204 1337 2234; x_wconf 86' lang='lat' dir='ltr'><strong>statuam</strong></span> <span class='ocrx_word' id='word_1_295' title='bbox 1373 2201 1473 2236; x_wconf 82' lang='lat' dir='ltr'><strong>Jovis</strong></span> 
     </span>
     <span class='ocr_line' id='line_1_33' title="bbox 82 2264 1473 2309; baseline 0.002 -10"><span class='ocrx_word' id='word_1_296' title='bbox 82 2264 252 2299; x_wconf 87' lang='lat' dir='ltr'><strong>ducuntur</strong></span> <span class='ocrx_word' id='word_1_297' title='bbox 288 2268 323 2299; x_wconf 89' lang='lat' dir='ltr'><strong>et</strong></span> <span class='ocrx_word' id='word_1_298' title='bbox 357 2264 435 2299; x_wconf 90' lang='lat' dir='ltr'><strong>dum</strong></span> <span class='ocrx_word' id='word_1_299' title='bbox 471 2264 670 2299; x_wconf 79' lang='lat' dir='ltr'><strong>sacrificare</strong></span> <span class='ocrx_word' id='word_1_300' title='bbox 709 2264 862 2307; x_wconf 86' lang='lat' dir='ltr'><strong>nollent,</strong></span> <span class='ocrx_word' id='word_1_301' title='bbox 905 2267 1036 2309; x_wconf 86' lang='lat' dir='ltr'><strong>pariter</strong></span> <span class='ocrx_word' id='word_1_302' title='bbox 1081 2265 1309 2302; x_wconf 86' lang='lat' dir='ltr'><strong>decollantur.</strong></span> <span class='ocrx_word' id='word_1_303' title='bbox 1373 2267 1473 2302; x_wconf 89' lang='lat' dir='ltr'><strong>Tunc</strong></span> 
     </span>
     <span class='ocr_line' id='line_1_34' title="bbox 81 2324 1471 2377; baseline 0.003 -13"><span class='ocrx_word' id='word_1_304' title='bbox 81 2329 257 2365; x_wconf 83' lang='lat' dir='ltr'><strong>Maximus</strong></span> <span class='ocrx_word' id='word_1_305' title='bbox 288 2340 364 2364; x_wconf 87' lang='lat' dir='ltr'><strong>eum</strong></span> <span class='ocrx_word' id='word_1_306' title='bbox 393 2324 626 2375; x_wconf 78' lang='lat' dir='ltr'><strong>jnreJurando</strong></span> <span class='ocrx_word' id='word_1_307' title='bbox 661 2332 837 2373; x_wconf 85' lang='lat' dir='ltr'><strong>asseruit,</strong></span> <span class='ocrx_word' id='word_1_308' title='bbox 877 2342 916 2366; x_wconf 90' lang='lat' dir='ltr'><strong>se</strong></span> <span class='ocrx_word' id='word_1_309' title='bbox 952 2333 986 2365; x_wconf 88' lang='lat' dir='ltr'><strong>in</strong></span> <span class='ocrx_word' id='word_1_310' title='bbox 1019 2332 1108 2366; x_wconf 81' lang='lat' dir='ltr'><strong>liora</strong></span> <span class='ocrx_word' id='word_1_311' title='bbox 1140 2335 1318 2377; x_wconf 84' lang='lat' dir='ltr'><strong>passionis</strong></span> <span class='ocrx_word' id='word_1_312' title='bbox 1353 2344 1471 2368; x_wconf 88' lang='lat' dir='ltr'><strong>eorum</strong></span> 
     </span>
     <span class='ocr_line' id='line_1_35' title="bbox 81 2395 1471 2444; baseline 0.002 -15"><span class='ocrx_word' id='word_1_313' title='bbox 81 2395 230 2441; x_wconf 84' lang='lat' dir='ltr'><strong>angelos</strong></span> <span class='ocrx_word' id='word_1_314' title='bbox 267 2395 399 2430; x_wconf 89' lang='lat' dir='ltr'><strong>vidisse</strong></span> <span class='ocrx_word' id='word_1_315' title='bbox 433 2396 609 2442; x_wconf 83' lang='lat' dir='ltr'><strong>fulgentes</strong></span> <span class='ocrx_word' id='word_1_316' title='bbox 646 2400 680 2431; x_wconf 87' lang='lat' dir='ltr'><strong>ct</strong></span> <span class='ocrx_word' id='word_1_317' title='bbox 714 2398 847 2431; x_wconf 88' lang='lat' dir='ltr'><strong>animas</strong></span> <span class='ocrx_word' id='word_1_318' title='bbox 874 2408 990 2432; x_wconf 88' lang='lat' dir='ltr'><strong>eorum</strong></span> <span class='ocrx_word' id='word_1_319' title='bbox 1018 2400 1117 2443; x_wconf 86' lang='lat' dir='ltr'><strong>quasi</strong></span> <span class='ocrx_word' id='word_1_320' title='bbox 1145 2400 1300 2444; x_wconf 85' lang='lat' dir='ltr'><strong>virgines</strong></span> <span class='ocrx_word' id='word_1_321' title='bbox 1329 2399 1372 2434; x_wconf 89' lang='lat' dir='ltr'><strong>de</strong></span> <span class='ocrx_word' id='word_1_322' title='bbox 1395 2399 1471 2433; x_wconf 85' lang='lat' dir='ltr'><strong>tha-</strong></span> 
     </span>
     <span class='ocr_line' id='line_1_36' title="bbox 81 2461 1470 2509; baseline 0.003 -14"><span class='ocrx_word' id='word_1_323' title='bbox 81 2461 172 2495; x_wconf 88' lang='lat' dir='ltr'><strong>lamo</strong></span> <span class='ocrx_word' id='word_1_324' title='bbox 206 2464 394 2503; x_wconf 82' lang='lat' dir='ltr'><strong>exeuntes,</strong></span> <span class='ocrx_word' id='word_1_325' title='bbox 430 2472 519 2506; x_wconf 83' lang='lat' dir='ltr'><strong>quas</strong></span> <span class='ocrx_word' id='word_1_326' title='bbox 552 2463 586 2495; x_wconf 89' lang='lat' dir='ltr'><strong>in</strong></span> <span class='ocrx_word' id='word_1_327' title='bbox 625 2464 759 2508; x_wconf 85' lang='lat' dir='ltr'><strong>gremio</strong></span> <span class='ocrx_word' id='word_1_328' title='bbox 796 2473 859 2497; x_wconf 90' lang='lat' dir='ltr'><strong>suo</strong></span> <span class='ocrx_word' id='word_1_329' title='bbox 897 2464 930 2497; x_wconf 90' lang='lat' dir='ltr'><strong>in</strong></span> <span class='ocrx_word' id='word_1_330' title='bbox 957 2464 1090 2498; x_wconf 89' lang='lat' dir='ltr'><strong>coelum</strong></span> <span class='ocrx_word' id='word_1_331' title='bbox 1117 2464 1236 2509; x_wconf 81' lang='lat' dir='ltr'><strong>angeli</strong></span> <span class='ocrx_word' id='word_1_332' title='bbox 1262 2464 1470 2500; x_wconf 87' lang='lat' dir='ltr'><strong>detulerunt.</strong></span> 
     </span>
     <span class='ocr_line' id='line_1_37' title="bbox 82 2526 1468 2575; baseline 0.002 -14"><span class='ocrx_word' id='word_1_333' title='bbox 82 2526 284 2561; x_wconf 86' lang='lat' dir='ltr'><strong>Almachius</strong></span> <span class='ocrx_word' id='word_1_334' title='bbox 311 2537 392 2561; x_wconf 88' lang='lat' dir='ltr'><strong>vero</strong></span> <span class='ocrx_word' id='word_1_335' title='bbox 418 2526 566 2561; x_wconf 85' lang='lat' dir='ltr'><strong>audiens</strong></span> <span class='ocrx_word' id='word_1_336' title='bbox 590 2526 777 2562; x_wconf 84' lang='lat' dir='ltr'><strong>Maximum</strong></span> <span class='ocrx_word' id='word_1_337' title='bbox 803 2528 1030 2562; x_wconf 89' lang='lat' dir='ltr'><strong>christianum</strong></span> <span class='ocrx_word' id='word_1_338' title='bbox 1057 2529 1228 2572; x_wconf 81' lang='lat' dir='ltr'><strong>ellectum,</strong></span> <span class='ocrx_word' id='word_1_339' title='bbox 1255 2541 1330 2564; x_wconf 90' lang='lat' dir='ltr'><strong>eum</strong></span> <span class='ocrx_word' id='word_1_340' title='bbox 1358 2530 1468 2575; x_wconf 86' lang='lat' dir='ltr'><strong>plum-</strong></span> 
     </span>
     <span class='ocr_line' id='line_1_38' title="bbox 80 2592 1468 2641; baseline 0.001 -13"><span class='ocrx_word' id='word_1_341' title='bbox 80 2593 174 2628; x_wconf 87' lang='lat' dir='ltr'><strong>batis</strong></span> <span class='ocrx_word' id='word_1_342' title='bbox 198 2593 328 2628; x_wconf 83' lang='lat' dir='ltr'><strong>tamdiu</strong></span> <span class='ocrx_word' id='word_1_343' title='bbox 353 2592 452 2627; x_wconf 88' lang='lat' dir='ltr'><strong>caedi</strong></span> <span class='ocrx_word' id='word_1_344' title='bbox 479 2592 575 2634; x_wconf 79' lang='lat' dir='ltr'><strong>fecit,</strong></span> <span class='ocrx_word' id='word_1_345' title='bbox 602 2603 783 2638; x_wconf 86' lang='lat' dir='ltr'><strong>quousque</strong></span> <span class='ocrx_word' id='word_1_346' title='bbox 811 2595 968 2638; x_wconf 90' lang='lat' dir='ltr'><strong>spiritum</strong></span> <span class='ocrx_word' id='word_1_347' title='bbox 994 2597 1160 2629; x_wconf 86' lang='lat' dir='ltr'><strong>excussit.</strong></span> <span class='ocrx_word' id='word_1_348' title='bbox 1209 2596 1316 2640; x_wconf 83' lang='lat' dir='ltr'><strong>Cujus</strong></span> <span class='ocrx_word' id='word_1_349' title='bbox 1341 2607 1468 2641; x_wconf 87' lang='lat' dir='ltr'><strong>corpus</strong></span> 
     </span>
     <span class='ocr_line' id='line_1_39' title="bbox 80 2658 1467 2705; baseline 0.002 -11"><span class='ocrx_word' id='word_1_350' title='bbox 80 2663 203 2694; x_wconf 81' lang='lat' dir='ltr'><strong>sancta</strong></span> <span class='ocrx_word' id='word_1_351' title='bbox 232 2659 390 2695; x_wconf 85' lang='lat' dir='ltr'><strong>Caecilia</strong></span> <span class='ocrx_word' id='word_1_352' title='bbox 428 2658 531 2703; x_wconf 84' lang='lat' dir='ltr'><strong>juxta</strong></span> <span class='ocrx_word' id='word_1_353' title='bbox 566 2658 787 2693; x_wconf 82' lang='lat' dir='ltr'><strong>Valerianum</strong></span> <span class='ocrx_word' id='word_1_354' title='bbox 828 2664 862 2694; x_wconf 86' lang='lat' dir='ltr'><strong>et</strong></span> <span class='ocrx_word' id='word_1_355' title='bbox 897 2659 1096 2694; x_wconf 85' lang='lat' dir='ltr'><strong>Tiburtium</strong></span> <span class='ocrx_word' id='word_1_356' title='bbox 1132 2661 1307 2705; x_wconf 88' lang='lat' dir='ltr'><strong>sepelivit.</strong></span> <span class='ocrx_word' id='word_1_357' title='bbox 1367 2662 1467 2697; x_wconf 79' lang='lat' dir='ltr'><strong>&#39;sum-</strong></span> 
     </span>
     <span class='ocr_line' id='line_1_40' title="bbox 80 2724 1446 2772; baseline 0.002 -13"><span class='ocrx_word' id='word_1_358' title='bbox 80 2724 282 2771; x_wconf 83' lang='lat' dir='ltr'><strong>Almachius</strong></span> <span class='ocrx_word' id='word_1_359' title='bbox 316 2724 502 2762; x_wconf 85' lang='lat' dir='ltr'><strong>facultates</strong></span> <span class='ocrx_word' id='word_1_360' title='bbox 534 2724 713 2760; x_wconf 87' lang='lat' dir='ltr'><strong>amborum</strong></span> <span class='ocrx_word' id='word_1_361' title='bbox 745 2727 861 2771; x_wconf 87' lang='lat' dir='ltr'><strong>coepit</strong></span> <span class='ocrx_word' id='word_1_362' title='bbox 893 2726 1072 2772; x_wconf 87' lang='lat' dir='ltr'><strong>inquirere</strong></span> <span class='ocrx_word' id='word_1_363' title='bbox 1106 2730 1140 2763; x_wconf 92' lang='lat' dir='ltr'><strong>et</strong></span> <span class='ocrx_word' id='word_1_364' title='bbox 1164 2727 1351 2763; x_wconf 84' lang='lat' dir='ltr'><strong>Caeciliam</strong></span> <span class='ocrx_word' id='word_1_365' title='bbox 1381 2732 1446 2762; x_wconf 88' lang='lat' dir='ltr'><strong>tam</strong></span> 
     </span>
    </p>
   </div>
  </div>
 </body>
</html>
