1742 3005
249 111 331 152 768
508 110 605 159 Cap.
637 107 842 145 CLXVIII.
902 107 961 145 De
995 115 1125 145 sancta
1157 109 1369 148 Elizabetli.

248 217 446 253 videntibus
481 217 515 248 et
550 211 802 246 admirantibus
837 212 904 246 sibi
939 214 1136 247 restituitur
1170 213 1266 248 salus
1291 219 1326 249 et
1350 217 1431 252 vita.
1458 237 1500 242 —
1524 235 1568 241 —
1592 237 1635 242 —

250 287 293 320 7.
328 281 472 316 Juvenis
508 279 645 324 quidam
684 282 758 313 tres
796 282 976 313 annos-et
1009 278 1186 312 dimidium
1224 278 1358 314 hahens
1400 281 1443 316 de
1474 282 1638 328 dyoecesi

248 346 533 393 Moguntinensi,
568 344 763 390 Hugolinus
797 345 958 386 nomine,
995 343 1072 377 dum
1105 345 1262 388 spiritum
1299 346 1474 381 emisisset
1508 352 1543 382 et
1577 359 1638 383 eor

247 414 325 458 ejus
350 422 415 457 per
429 412 577 456 spatium
601 415 750 456 quatuor
768 410 964 444 milliarium
981 410 1234 443 teutonicorum
1254 410 1404 456 rigidum
1426 415 1460 446 et
1479 415 1635 448 exanime

241 479 436 524 jacuisset,
474 481 584 511 mater
617 476 661 511 ad
695 476 924 511 invocandam
953 479 1108 509 sanctam
1134 474 1318 511 Elizabeth
1343 480 1418 511 tota
1447 477 1634 514 devotione

246 555 287 580 se
314 544 461 579 contulit
490 547 524 577 et
548 554 691 588 puerum
720 544 831 576 vivum
860 546 894 576 et
921 551 1041 576 sanum
1070 542 1213 586 recepit.
1246 563 1290 566 —
1315 563 1359 567 ——
1381 563 1427 569 -—
1474 546 1521 581 S.
1546 543 1636 579 Puer

248 611 386 657 quidam
422 614 572 655 quatuor
600 619 766 643 annorum
802 608 879 641 dum
908 609 942 641 in
969 612 1107 652 puteum
1143 607 1349 649 cecidisset,
1384 618 1467 643 casu
1495 609 1635 655 quidam

246 678 389 712 veniens
416 685 539 721 aquam
565 674 705 708 haurire
731 673 977 708 animadvertit
992 683 1134 717 puerum
1155 672 1368 707 submersum
1391 675 1481 708 intus
1499 675 1632 720 Jaeere.

247 742 353 782 Quem
388 744 571 786 postquam
606 750 680 773 eum
707 738 914 772 difficultate
946 740 1119 779 extraxit,
1155 740 1265 782 ipsum
1303 742 1470 774 mortuum
1509 740 1635 785 depre-

247 807 380 843 hendit.
429 805 537 850 Cujus
573 804 709 850 quidem
751 804 871 836 mortis
907 806 1006 837 erant
1047 802 1177 836 indicia
1208 806 1376 849 temporis
1409 805 1632 849 diuturnitas,

246 874 406 918 corporis
432 871 615 917 rigiditas,
650 871 722 904 oris
757 873 792 904 et
826 868 1002 903 oculorum
1031 867 1213 902 horribilis
1239 871 1395 913 apertio,
1435 870 1632 916 denigratio

247 940 358 979 eutis,
400 937 533 972 ventris
573 936 707 970 inflatio
753 939 789 970 et
830 934 1026 969 omnimoda
1068 938 1180 968 motus
1223 938 1258 969 et
1300 945 1424 970 sensus
1468 938 1632 980 privatio.

246 1005 314 1041 Pro
341 1006 418 1049 ipso
445 1004 553 1048 igitur
578 1000 781 1036 suscitando
808 1000 851 1034 ad
879 999 1015 1034 beatam
1041 998 1225 1035 Etizabeth
1259 1005 1373 1035 votum
1410 1004 1577 1037 emittitur
1602 1006 1637 1038 et

247 1072 412 1105 continuo
456 1070 547 1102 vitae
582 1068 750 1112 pristinae
791 1069 1021 1100 restauratur.
1088 1065 1265 1105 Quaedam
1309 1069 1411 1102 etiam
1445 1068 1564 1117 puella
1598 1070 1632 1103 in

247 1137 385 1170 flumine
402 1134 596 1175 submersa,
624 1132 701 1166 dum
722 1131 847 1166 suisset
865 1135 1032 1173 extracta,
1059 1131 1186 1166 beatae
1198 1131 1381 1167 Elizabeth
1396 1135 1530 1168 meritis
1551 1145 1634 1179 pro-

246 1203 340 1236 tinus
361 1204 414 1235 est
432 1201 525 1234 vitae
546 1200 720 1234 restituta.
738 1219 782 1223 —
801 1217 846 1223 —
862 1218 905 1222 -—
953 1200 1004 1234 9.
1026 1196 1090 1232 Vir
1115 1198 1254 1243 quidam
1280 1201 1415 1234 nomine
1432 1199 1633 1235 Fridericus

247 1267 292 1302 de
314 1267 477 1312 dyoecesi
504 1266 769 1311 Moguntinensi
794 1265 827 1298 in
858 1268 931 1298 arte
957 1263 1101 1298 natandi
1126 1265 1227 1300 valde
1252 1267 1403 1310 peritus,
1430 1265 1507 1300 dum
1534 1277 1572 1301 se
1601 1267 1634 1301 in

248 1333 398 1380 quadam
424 1342 517 1378 aqua
541 1331 743 1373 balnearet,
771 1334 824 1372 et,
854 1340 1041 1375 pauperem
1070 1330 1239 1375 quendam
1267 1342 1331 1376 per
1355 1331 1491 1366 beatam
1518 1331 1634 1367 Eliza-

246 1399 331 1434 beth
361 1399 589 1433 illuminatum
626 1396 803 1439 deridenS,
846 1398 880 1430 in
913 1398 989 1442 ejus
1029 1396 1152 1431 faeiem
1189 1407 1313 1442 aquam
1351 1397 1635 1433 contemtibiliter

248 1468 456 1511 spargeret,
492 1464 552 1499 ille
583 1466 795 1508 provocatus
831 1462 938 1497 dixit:
978 1462 1116 1497 domina
1148 1463 1210 1497 illa
1244 1468 1387 1506 saneta,
1428 1474 1518 1509 quae
1550 1464 1634 1498 mihi

247 1532 398 1577 gra-tiam
433 1531 628 1574 praestitit,
662 1529 706 1564 de
738 1533 772 1563 te
804 1539 857 1563 me
890 1528 1061 1570 vindicet,
1098 1530 1147 1563 ita
1185 1533 1222 1563 ut
1252 1529 1308 1563 hie
1341 1540 1408 1564 non
1435 1540 1541 1564 exeas
1566 1531 1635 1565 nisi

247 1601 404 1631 mortuus
438 1600 473 1630 et
506 1595 720 1629 submersus.
767 1593 829 1629 Ille
861 1598 975 1629 autem
1009 1597 1292 1640 imprecationem
1334 1597 1501 1640 pauperis
1535 1597 1633 1640 parvi

246 1662 402 1707 pendens
429 1664 462 1696 et
486 1662 519 1694 in
546 1670 669 1705 aquam
697 1670 734 1694 se
759 1660 890 1694 lascive
917 1661 1103 1694 immittens
1133 1661 1264 1696 viribus
1287 1663 1424 1706 penitus
1445 1661 1633 1696 destitutus

246 1739 286 1764 se
315 1730 442 1774 juvare
476 1737 543 1761 non
577 1727 710 1770 potuit,
751 1725 814 1759 sed
855 1727 888 1759 in
931 1726 1138 1769 profundum
1173 1729 1273 1772 quasi
1310 1728 1401 1772 lapis
1439 1726 1633 1763 descendit.

245 1794 331 1830 Post
358 1793 500 1827 multum
525 1803 608 1826 vero
635 1792 800 1835 temporis
828 1792 1017 1836 requisitus
1047 1791 1090 1826 de
1116 1802 1207 1837 aqua
1233 1798 1387 1827 mortuus
1410 1797 1462 1827 est
1481 1792 1631 1834 delatus,

245 1870 389 1904 cumque
415 1867 560 1903 magnus
586 1858 746 1902 planetus
773 1856 871 1890 fieret
895 1867 1002 1900 super
1034 1868 1127 1899 eum,
1160 1858 1297 1902 quidam
1333 1860 1409 1903 eJus
1444 1858 1630 1902 propinqui

246 1929 437 1969 coeperunt
457 1935 519 1968 pro
539 1934 580 1958 eo
597 1923 639 1956 ad
661 1924 797 1957 beatam
819 1921 1000 1957 Elizabetli
1023 1926 1135 1956 votnm
1163 1922 1281 1958 facere
1307 1928 1341 1957 et
1360 1925 1436 1968 ejus
1458 1923 1631 1967 suffragia

245 1990 472 2025 devotissime
499 1989 698 2033 implorare.
749 1988 871 2021 Statim
893 1989 1001 2032 igitur
1024 1989 1057 2022 in
1079 1999 1153 2022 eum
1181 1990 1325 2032 spiritus
1354 1989 1459 2023 rediit
1478 1993 1512 2023 et
1533 1990 1630 2023 vivus

245 2059 279 2089 et
296 2065 401 2089 sanus
420 2056 582 2088 surrexit.
597 2073 638 2078 —
659 2073 698 2078 —
718 2072 763 2077 -—
786 2057 863 2100 10.
884 2053 1028 2093 Quidam
1051 2055 1188 2087 nomine
1206 2054 1382 2089 Joliannes
1405 2054 1448 2089 de
1468 2054 1631 2099 dyoecesi

243 2120 507 2165 Moguntinensi
534 2130 607 2153 cum
634 2118 781 2164 quodam
815 2118 891 2153 sure
921 2120 1123 2153 innocenter
1147 2119 1387 2164 deprehensus
1421 2123 1455 2154 et
1484 2129 1631 2163 suspen-

244 2187 302 2220 dio
331 2196 405 2220 cum
437 2186 515 2230 ipso
547 2184 771 2230 adjudicatus
805 2189 947 2219 cunctos
988 2187 1150 2230 rogavit,
1191 2189 1228 2219 ut
1268 2185 1405 2219 beatam
1447 2184 1630 2219 Elizabeth

243 2255 403 2293 orarent,
431 2255 469 2285 ut
494 2250 680 2284 secundum
709 2260 773 2284 sna
802 2252 927 2285 merita
948 2252 1143 2296 juvaretur.
1194 2251 1275 2285 Cum
1305 2255 1399 2285 esset
1426 2260 1630 2295 suspensus,

243 2317 377 2352 audivit
402 2327 520 2351 vocem
547 2325 653 2360 super
678 2326 716 2350 se
743 2316 932 2351 dicentem:
968 2316 1102 2351 eontide
1134 2321 1168 2351 et
1202 2318 1234 2350 in
1260 2321 1414 2351 sanctam
1447 2315 1630 2351 Elizabetll

244 2383 404 2418 fiduciam
439 2382 530 2417 habe
565 2386 600 2416 et
631 2381 855 2424 liberaberis,
891 2383 1077 2427 statimque
1107 2382 1177 2416 alio
1203 2386 1402 2417 remanente
1436 2383 1512 2426 ipso
1549 2381 1629 2416 sune

244 2450 356 2484 fracto
384 2449 427 2484 de
452 2449 529 2482 loco
556 2447 626 2481 alto
652 2448 862 2493 gravissime
889 2447 1035 2489 cecidit,
1069 2448 1195 2482 millam
1223 2452 1335 2482 tamen
1361 2448 1550 2482 laesionem
1575 2448 1627 2480 in-

242 2516 367 2556 currit,
403 2515 485 2549 licet
516 2523 627 2556 nova,
663 2523 732 2558 qua
766 2512 905 2547 indutus
945 2517 1042 2556 erat,
1083 2515 1228 2548 camisia
1278 2517 1504 2558 rumperetur.
1562 2512 1628 2551 Qui

245 2580 462 2615 exhilaratus
495 2582 561 2615 ait:
602 2583 725 2614 sancta
759 2578 962 2621 Elizabetli,
999 2584 1035 2613 tu
1069 2590 1122 2613 me
1156 2579 1317 2614 liberasti
1349 2583 1384 2614 et
1417 2580 1450 2611 in
1483 2581 1627 2611 stratum

244 2645 346 2678 molle
373 2656 425 2680 me
452 2646 579 2681 cadere
606 2646 731 2681 fecisti.
781 2645 863 2679 Cum
891 2647 978 2679 enim
1007 2645 1115 2690 aliqui
1146 2646 1325 2686 dicerent,
1358 2645 1467 2687 ipsum
1503 2644 1624 2677 iterum

243 2709 538 2753 suspendendum,
560 2713 670 2756 judex
698 2713 767 2746 ait:
795 2721 893 2757 quem
913 2711 1005 2747 Deus
1025 2711 1200 2754 liberavit,
1227 2709 1339 2745 denuo
1367 2708 1532 2753 suspendi
1559 2719 1626 2743 non
