1742 3005
294 127 376 166 (3ss8
570 126 669 174 Cap.
702 123 870 161 CXLIX.
935 125 994 162 De
1026 131 1155 162 sancto
1187 126 1399 163 Francksen.

295 233 373 267 dum
412 228 666 265 sanctunrllei
695 239 759 274 per
794 239 857 264 sua
882 231 1048 275 stigmata
1073 234 1276 272 exorasset,
1310 230 1374 265 fnit
1398 232 1560 264 continuo
1586 230 1674 265 libe·
1718 250 1719 283 3

295 301 401 330 ratus.
449 294 485 328 In
512 305 622 341 regno
649 305 788 340 quoque
816 295 1012 337 CasteHae,
1043 305 1118 329 cum
1153 294 1292 339 quidam
1328 297 1381 329 v1r
1413 300 1534 330 sancto
1567 295 1676 330 Fran-

291 363 387 395 risco
422 360 567 395 devotus
601 360 647 395 ad
681 360 945 406 completorium
980 365 1167 407 pergeret,
1213 360 1257 395 ab
1290 360 1429 394 insidiis
1454 361 1500 395 ad
1533 365 1676 396 mortem

292 427 438 461 alterius
465 426 513 460 ibi
542 429 677 472 paratis
711 437 754 462 ex
780 437 899 461 errore
926 428 1106 472 impetitur
1130 431 1164 461 et
1182 425 1337 461 letaliter
1353 426 1552 461 vulneratus
1572 428 1676 460 semi-

292 495 390 528 vivus
416 493 634 538 relinquitur.
682 492 816 528 Deinde
842 492 998 538 gladium
1028 494 1061 526 in
1095 496 1237 539 gutture
1264 491 1417 526 crudelis
1441 492 1543 526 lictor
1567 491 1679 526 infixit
1719 527 1720 531 ,

293 563 327 594 et
354 559 540 594 extrahere
565 569 633 593 non
659 559 779 593 valens
807 560 969 593 recessit.
1017 557 1072 592 Fit
1095 558 1247 603 undique
1273 567 1463 592 concursus
1489 562 1524 592 et
1550 557 1679 592 clamor

292 629 326 660 et
360 625 404 659 ab
438 624 597 659 omnibus
630 624 810 670 plangitur
840 628 1007 659 mortuus.
1059 624 1141 659 Cum
1174 628 1289 659 autem
1317 627 1419 658 nocte
1444 623 1559 658 media
1583 633 1676 657 cam·

291 701 384 735 pana
417 691 560 724 fratrum
593 690 637 724 ad
669 692 856 724 matutinas
892 690 1114 734 pulsaretur,
1134 695 1242 723 ‘uxor
1277 690 1429 724 clamare
1462 691 1599 733 coepit:
1633 690 1677 722 mi
1720 720 1721 732 ,

291 756 448 798 domine,
485 766 592 800 surge
627 759 661 789 et
694 754 785 790 vade
819 754 863 788 ad
897 756 1106 797 matutinas,
1151 756 1233 800 quia
1275 765 1444 800 campana
1484 759 1518 790 te
1563 758 1677 789 vocat.

291 822 415 856 Statim
450 821 510 856 ille
544 831 680 855 manum
717 819 857 855 clevans
891 819 1076 855 videbatur
1107 819 1212 853 alicui
1249 822 1415 863 innuere,
1449 825 1487 855 ut
1522 819 1676 865 gladium
1720 810 1721 834 ³

291 886 509 930 extraheret,
545 891 578 922 ct
611 897 690 922 ecce
715 886 915 921 videntibus
950 885 1109 919 omnibus
1143 885 1305 930 gladius,
1345 887 1445 930 quasi
1472 885 1676 919 validissimi

287 955 443 997 jactatus
469 962 571 986 manu
599 952 745 998 pugilis,
772 953 903 986 eminus
928 951 1112 996 prosiluit,
1139 952 1325 996 statimque
1351 951 1410 985 ille
1438 950 1592 996 perfecte
1618 960 1675 984 sa-

290 1022 392 1053 natus
430 1029 469 1054 se
502 1020 616 1053 erexit
654 1018 792 1052 dicens:
827 1017 953 1052 beatus
979 1016 1189 1052 Franciscus
1224 1016 1347 1052 adme
1375 1018 1517 1052 veniens
1543 1026 1676 1061 suaque

290 1086 458 1130 stigmata
482 1085 568 1118 meis
595 1083 796 1118 vulneribus
822 1093 1005 1128 apponens
1032 1094 1150 1118 corum
1177 1085 1352 1118 suavitate
1381 1087 1503 1117 cuncta
1533 1083 1677 1117 vulnera

291 1149 453 1184 delinivit
485 1153 520 1184 ct
554 1153 716 1183 contactu
750 1147 893 1183 mirifice
928 1148 1112 1192 solidavit3
1150 1150 1209 1195 qui
1243 1159 1317 1183 cum
1350 1149 1455 1183 vellet
1480 1148 1675 1191 discedere,

290 1216 359 1249 sibi
386 1216 591 1258 innuebam,
626 1218 663 1249 ut
695 1214 852 1261 gladium
884 1214 1130 1258 abstraheret,
1167 1216 1250 1260 quia
1276 1215 1372 1260 loqui
1398 1214 1501 1249 aliter
1525 1225 1592 1247 non
1617 1224 1676 1248 va-

289 1282 416 1317 lebam.
466 1281 572 1320 Quem
608 1280 877 1325 apprehendens
911 1280 1026 1315 valide
1062 1281 1212 1326 projecit
1237 1281 1424 1325 statimqne
1453 1281 1677 1325 stigmatibus
1722 1294 1723 1325 3

290 1349 422 1383 sanctis
465 1347 684 1383 vulneratum
727 1350 847 1392 guttur
888 1346 1087 1381 demulcens
1123 1346 1279 1391 perfecte
1320 1347 1470 1382 sanavit.
1522 1344 1559 1379 ln
1592 1345 1678 1380 urbe

289 1415 398 1449 Roma
434 1413 531 1448 clara
562 1413 749 1447 luminaria
779 1412 876 1447 orbis
915 1412 1051 1447 scilicet
1082 1412 1207 1447 beatus
1242 1411 1448 1446 Franciseus
1485 1414 1518 1446 et
1551 1410 1677 1445 beatus
1722 1409 1724 1452 3

289 1481 491 1514 Dominicus
509 1489 625 1514 coram
645 1478 782 1513 domino
800 1478 998 1521 llostiense,
1027 1480 1084 1524 qui
1106 1481 1231 1524 postea
1250 1478 1314 1512 fuit
1333 1488 1483 1512 suminus
1504 1477 1675 1522 pontifex,
1722 1465 1723 1477 ³

289 1546 435 1580 aderant
461 1546 616 1590 dixitque
643 1547 686 1579 iis
711 1526 917 1590 episcopus:
945 1554 1005 1578 cur
1029 1555 1097 1578 non
1118 1544 1266 1578 facimus
1287 1543 1329 1578 de
1356 1543 1676 1578 vestris-fratribus
1723 1554 1724 1557 ¹

289 1612 478 1656 episcopos
517 1614 551 1645 et
583 1611 783 1655 praelatos,
821 1612 879 1656 qui
913 1610 1117 1646 documento
1152 1614 1186 1644 et
1212 1609 1370 1654 exemplo
1397 1610 1547 1644 caeteris
1573 1619 1676 1653 prae--

289 1677 418 1712 valent.
467 1675 523 1710 Fit
555 1678 646 1711 inter
682 1680 825 1710 sanctos
862 1676 905 1710 de
939 1676 1185 1721 respondendo
1219 1676 1326 1721 longa
1358 1676 1558 1710 contentio:
1595 1675 1677 1708 vieit

289 1743 428 1777 tandem
452 1741 630 1777 humilitas
656 1741 899 1785 Franciscum,
927 1752 971 1776 ne
997 1752 1034 1776 se
1060 1745 1316 1786 praeponeret;
1354 1742 1438 1776 vicit
1462 1745 1496 1776 et
1520 1740 1675 1775 Domini-

289 1820 377 1851 rum,
403 1812 441 1843 ut
465 1810 597 1853 primus
624 1807 869 1853 respondendo
895 1807 1072 1842 humiliter
1098 1807 1272 1842 obediret.
1312 1807 1407 1841 Dixit
1439 1816 1523 1850 ergo
1550 1805 1674 1839 beatus

287 1875 509 1908 Doniiuieus:
556 1874 715 1916 dominc,
746 1873 860 1918 gradu
892 1873 1007 1914 bono,
1040 1876 1071 1906 si
1107 1875 1341 1917 cognoscunt,
1386 1870 1561 1904 sublimati
1596 1874 1672 1904 sunt

288 1940 417 1975 fratres
452 1941 520 1974 mei
553 1950 617 1974 uec
652 1950 715 1984 pro
748 1948 824 1972 meo
859 1948 967 1982 posse
996 1938 1213 1982 permittam,
1244 1940 1282 1970 ut
1318 1935 1413 1969 aliud
1442 1939 1675 1980 assequantur

287 2007 461 2050 specimen
487 2005 681 2050 dignitatis.
731 2004 816 2039 Post
842 2003 907 2037 boc
932 2002 1149 2047 respondens
1177 2005 1318 2035 sanctus
1337 2000 1545 2036 Franciscus
1566 2001 1673 2036 dixit:

287 2071 443 2112 domine,
471 2072 622 2104 minores
650 2070 728 2104 ideo
754 2070 869 2104 vocati
894 2072 974 2102 sunt
999 2068 1126 2102 fratres
1153 2068 1238 2109 inei,
1265 2071 1301 2101 ut
1327 2068 1478 2112 majores
1504 2066 1579 2101 fieri
1605 2078 1672 2102 non

286 2139 523 2181 praesumant.
571 2134 683 2181 lgitur
707 2134 831 2169 beatus
857 2133 1066 2168 Franciscus
1087 2133 1284 2168 columbina
1306 2133 1531 2177 simplicitate
1550 2133 1673 2178 plenus

287 2213 405 2237 omnes
439 2204 618 2236 creaturas
654 2200 700 2234 ad
733 2202 905 2235 creatoris
929 2199 1092 2234 hortatur
1114 2209 1288 2241 amorem,
1323 2198 1504 2243 praedicat
1534 2198 1672 2242 avibus,

286 2268 427 2302 auditur
467 2267 511 2301 ab
552 2268 616 2308 iis,
658 2270 850 2312 tanguntur
887 2266 931 2300 ab
966 2268 1044 2311 ipso
1077 2276 1140 2300 nec
1173 2266 1241 2299 nisi
1273 2265 1453 2300 licentiato
1489 2263 1670 2306 rccednnt3

286 2332 512 2375 hirundines,
543 2332 621 2366 dum
647 2343 687 2367 eo
714 2332 940 2377 praedicante
967 2333 1164 2378 garrirent,
1193 2332 1270 2376 ipso
1297 2332 1488 2375 imperante
1511 2331 1671 2374 protinus

286 2400 538 2434 conticescunt.
586 2397 690 2442 Apud
721 2397 979 2432 Portiunculam
1017 2398 1120 2443 juxta
1154 2398 1231 2442 eJus
1258 2396 1380 2431 cellam
1406 2395 1527 2430 cicada
1552 2397 1585 2430 in
1607 2395 1670 2429 ficu

286 2465 447 2500 residens
482 2464 686 2509 frequenter
719 2463 890 2507 canebat,
925 2473 1026 2510 quam
1063 2464 1118 2499 vir
1142 2463 1206 2498 Dei
1230 2472 1364 2496 manum
1394 2461 1583 2497 extendens
1609 2470 1669 2495 vo-

288 2533 381 2566 cavit
406 2531 544 2566 dicens:
571 2540 674 2565 soror
699 2541 777 2565 inca
802 2530 926 2565 cicada.
951 2531 1031 2565 veni
1056 2529 1099 2563 ad
1126 2540 1190 2565 me.
1241 2528 1337 2569 Quae
1361 2529 1477 2562 statim
1501 2524 1668 2560 obediens

288 2607 396 2641 super
429 2598 506 2642 eJus
539 2606 673 2631 manum
707 2595 901 2631 adscendit.
950 2597 1014 2631 Cui
1039 2596 1116 2631 ille:
1151 2598 1271 2637 canta,
1306 2604 1407 2629 soror
1433 2601 1509 2626 mea
1532 2591 1667 2634 cicada,

290 2665 324 2695 et
349 2661 519 2697 dominum
548 2668 640 2698 tuum
668 2662 784 2700 lauda.
835 2662 931 2702 Quae
964 2663 1124 2707 protinus
1156 2669 1284 2696 canens
1321 2657 1458 2691 nonnisi
1492 2656 1668 2691 licentiata

291 2728 445 2762 recessit.
495 2728 611 2763 Part-it
635 2730 809 2773 lucernis,
847 2728 1066 2774 lampadibus
1092 2731 1125 2764 ct
1151 2725 1304 2761 candelis
1333 2723 1454 2759 nolens
1480 2734 1542 2759 sua
1568 2733 1668 2759 manu
