1742 3005
413 144 506 194 Cap.
539 142 639 180 Xtv.
699 142 757 179 De
797 140 1001 191 epiphania
1031 138 1188 176 domini.
1436 140 1485 177 91

107 252 206 292 istis,
234 249 311 284 dum
340 247 453 283 adhuc-
480 252 598 283 essent
624 246 802 289 infideles,
828 256 895 280 non
918 244 1037 281 debuit
1061 253 1253 290 apparere,
1281 243 1359 278 duni
1378 244 1490 278 adhue

108 318 227 351 essent
251 316 342 364 inter
366 312 521 349 Judaeos
546 313 679 349 fideles.
728 313 821 347 llaec
846 311 974 357 triplex
999 312 1089 345 ratio
1113 311 1271 356 tangitur
1297 311 1331 343 in
1353 309 1491 346 Glossa.

108 381 190 415 Cum
216 366 329 415 autem
355 378 573 415 Jherusalem
601 380 736 425 egressi
764 379 924 420 fuissent,
951 377 1054 412 stella
1079 375 1308 411 antecedebat
1333 386 1407 418 eos,
1433 386 1491 410 us-

109 456 175 491 que
203 445 281 480 dnm
308 447 450 480 veniens
474 449 584 481 staret
611 455 730 490 supra,
755 444 815 478 ubi
841 447 917 478 erat
941 453 1038 487 puer.
1066 442 1116 476 De
1142 441 1206 475 liae
1233 441 1348 483 stella,
1375 443 1491 487 enjus-

110 511 200 545 modi
224 511 350 554 fuerit,
388 515 459 545 tres
486 515 565 545 sunt
589 512 791 555 opiniones,
818 519 904 554 quas
932 509 1030 553 ponit
1056 507 1234 553 Remigius
1260 509 1294 540 in
1318 508 1492 553 originali,

109 576 255 617 Quidam
273 576 390 610 dicunt
411 576 518 610 fuisse
530 577 686 620 spiritum
707 579 875 617 sanctum,
891 574 1036 617 scilieet,
1058 577 1094 607 ut
1108 572 1179 615 ille,
1202 574 1259 617 qui
1276 574 1493 617 postmodum

109 642 287 677 deseendit
313 651 418 686 super
444 640 615 675 dominum
640 640 856 686 baptizatum
881 642 915 674 in
941 641 1058 685 speeie
1072 638 1266 681 columbae,
1293 641 1496 683 apparuerit

109 709 212 742 etiam
238 708 349 753 magis
374 708 409 740 in
435 707 551 751 specie
572 706 708 742 stellae.
757 707 841 748 Alii,
867 711 903 740 ut
929 705 1218 751 Chrysostomus,
1247 704 1375 747 dicunt,
1404 705 1496 749 quod

109 772 214 808 fuerit
244 772 390 819 angelus
424 776 460 807 ut
493 774 591 817 ipse,
644 773 702 818 qui
738 774 905 818 apparuit
937 771 1163 817 pastoribus,
1206 771 1370 815 apparuit
1393 771 1497 805 etiam

110 842 144 873 et
176 839 300 884 magis.
371 838 440 874 Sed
476 840 562 884 ipsis
599 839 802 884 pastoribus
834 839 978 876 Judaeis
1009 843 1186 884 tamquam
1223 837 1359 871 ratione
1398 840 1497 871 uten-

110 903 202 938 tibus
248 906 413 949 apparuit
449 907 483 939 in
518 905 629 939 forma
673 905 858 947 rationali,
922 904 1111 952 gentilibus
1154 913 1258 945 vero,
1325 906 1498 948 tamquam

111 969 411 1005 irrationabilibus
444 972 493 1004 in,
511 972 627 1016 speeie
672 971 880 1005 irrationali.
952 971 1043 1013 Alii,
1095 969 1187 1015 quod
1226 971 1343 1005 verius
1385 970 1498 1005 eredi-

111 1039 186 1079 tur,
220 1035 313 1080 quod
339 1035 441 1071 suerit
469 1037 571 1072 stella
599 1036 641 1071 de
668 1047 758 1071 novo
783 1041 923 1079 creata,
975 1046 1064 1082 quae
1091 1039 1192 1079 pacto
1218 1045 1281 1069 sno
1308 1037 1499 1070 ministerio

112 1100 216 1136 rediit
241 1103 274 1135 in
297 1103 558 1148 praeJacentem
584 1104 774 1139 mater-Iam.
822 1102 894 1137 Ista
919 1106 1034 1137 autem
1060 1102 1176 1144 stella,
1204 1101 1388 1136 secundum
1407 1102 1498 1147 quod

112 1165 196 1202 dicit
219 1166 444 1213 Fulgentius,
471 1168 657 1203 differebat
683 1167 726 1202 ab
754 1168 834 1202 aliis
860 1170 892 1202 in
919 1168 1052 1209 tribus,
1079 1168 1213 1202 seilicet
1240 1169 1273 1201 in
1300 1169 1389 1211 situ,
1419 1170 1500 1213 quia

113 1243 180 1267 non
207 1237 283 1268 erat
313 1234 474 1269 localiter
506 1236 575 1269 sita
613 1236 647 1268 in
672 1235 907 1277 firmamento,
960 1233 1022 1269 sed
1048 1233 1223 1279 pendebat
1248 1236 1282 1268 in
1309 1233 1501 1268 meditullio

113 1300 206 1334 aeris
233 1301 392 1345 proximo
417 1304 558 1343 terrae3
605 1302 639 1334 in
667 1300 826 1346 fulgore,
881 1302 963 1345 quia
988 1301 1138 1335 caeteris
1165 1303 1241 1334 erat
1271 1299 1500 1344 splendidior,

113 1365 207 1410 quod
230 1365 311 1401 inde
335 1369 452 1411 patet,
504 1368 587 1411 quia
612 1365 832 1411 splendorem
869 1366 945 1410 ejus
970 1375 1037 1399 non
1064 1369 1204 1410 poterat
1228 1364 1394 1409 splendor
1418 1365 1503 1399 solis

114 1430 322 1474 obfuscare,
359 1432 461 1465 immo
484 1433 516 1465 in
544 1431 688 1466 meridie
714 1429 931 1464 lucidissima
957 1430 1176 1475 apparebat:
1221 1432 1256 1463 in
1280 1434 1392 1473 motu,
1419 1432 1502 1476 quia

116 1496 350 1541 praecedebat
375 1507 497 1543 magos
521 1507 615 1531 more
642 1497 808 1537 viatoris,
834 1506 902 1529 non
928 1498 1015 1530 enim
1043 1496 1248 1531 movebatur
1273 1499 1366 1529 motu
1391 1497 1501 1530 eircu-

117 1562 203 1606 lari,
237 1562 299 1597 sed
324 1563 425 1608 quasi
450 1566 543 1596 motu
569 1562 709 1596 animali
733 1566 767 1596 et
793 1563 1009 1606 processivo.
1058 1562 1159 1596 Aliae
1182 1565 1255 1595 tres
1284 1560 1503 1596 differentiae

117 1632 306 1674 tanguntur
331 1629 366 1662 in
393 1626 521 1662 Glossa
544 1627 717 1662 Matthaei
739 1626 781 1670 II,
811 1637 900 1672 quae
926 1628 1045 1672 incipit
1071 1629 1140 1661 sie:
1168 1626 1253 1661 haec
1278 1626 1381 1660 stella
1395 1626 1504 1660 domi-

118 1695 217 1729 nicae
238 1695 430 1730 nativitatis
451 1698 515 1728 etc.
541 1692 657 1728 Prima
682 1694 718 1727 iu
741 1694 891 1739 origine,
917 1692 1001 1738 quia*
1023 1693 1114 1728 aliae
1132 1694 1165 1727 in
1190 1691 1307 1726 mundi
1334 1693 1506 1737 principio

119 1763 199 1794 sunt
222 1759 348 1802 sactae,
374 1758 460 1794 haee
486 1758 610 1801 modo;
645 1758 799 1794 secunda
824 1760 858 1792 in
886 1759 1015 1801 officio,
1043 1761 1127 1805 quia
1152 1759 1243 1793 aliae
1272 1758 1386 1792 sactae
1415 1762 1506 1801 sunt,

120 1829 155 1859 ut
176 1827 245 1860 sint
268 1824 304 1859 in
330 1827 434 1871 signa
461 1828 495 1860 et
513 1828 686 1870 tempora,
714 1829 751 1859 ut
777 1825 903 1859 dieitur
925 1824 1072 1860 Genesis
1085 1824 1126 1868 I.‚
1152 1824 1240 1860 haec
1255 1828 1369 1859 autem
1384 1827 1506 1858 utma-

121 1893 175 1937 gis
199 1893 291 1926 viam
313 1890 519 1936 praeberet3
546 1892 652 1925 tertia
678 1893 710 1925 in
737 1891 942 1933 duratione,
972 1893 1054 1936 quia
1080 1892 1171 1926 aliae
1197 1893 1277 1926 suut
1302 1893 1506 1935 perpetuae,

121 1957 207 1992 haec
231 1958 403 2003 completo
429 1956 545 1991 officio
572 1967 635 1991 suo
659 1957 764 1992 rediit
787 1958 820 1991 in
844 1959 1022 1992 materiam
1044 1959 1315 2003 praejacentem.
1345 1956 1428 1991 Cum
1447 1966 1507 1990 au-

120 2027 188 2058 tem
216 2022 353 2058 stellam
377 2022 560 2065 vidissent,
582 2023 699 2069 gavisi
724 2027 804 2058 sunt
829 2023 961 2070 gaudio
985 2033 1111 2070 magno
1136 2023 1250 2059 valde.
1299 2021 1508 2065 Notandum,

122 2088 215 2135 quod
243 2088 447 2135 quintuplex
468 2092 522 2124 est
545 2088 664 2132 stella,
700 2099 803 2134 quam
827 2090 888 2123 isti
913 2090 1007 2135 magi
1033 2089 1214 2132 viderunt,
1247 2089 1381 2124 scilieet
1407 2087 1510 2122 stella

123 2155 326 2198 materialis,
352 2154 456 2189 stella
479 2154 686 2199 spiritualiS‚
716 2155 820 2190 stella
840 2155 1110 2198 intellectualis,
1138 2155 1242 2190 stella
1266 2153 1451 2189 rationalis
1477 2157 1510 2188 et

122 2221 225 2256 stella
247 2219 609 2266 supersubstantialis.
678 2221 848 2264 Primam,
890 2221 1024 2256 scilieet
1049 2221 1265 2256 materialem
1293 2219 1453 2255 viderunt
1477 2221 1510 2254 in

124 2287 267 2330 orienti,
304 2287 490 2323 secundam
518 2288 651 2323 scilicet
676 2287 916 2332 spiritualem,
956 2297 1045 2332 quae
1069 2290 1123 2322 est
1147 2287 1233 2322 fides
1249 2315 1257 2329 ,
1293 2286 1452 2322 viderunt
1477 2288 1510 2319 in

124 2351 242 2385 eorde.
288 2351 364 2386 Nisi
388 2355 476 2388 enim
501 2353 588 2388 haec
612 2353 729 2395 stella,
756 2353 889 2388 seilicet
913 2352 1020 2397 fides,
1049 2354 1084 2387 in
1104 2364 1221 2388 eorum
1245 2352 1350 2387 eorde
1375 2351 1512 2385 radias-

126 2419 201 2458 set,
234 2425 453 2461 nequaquam
476 2418 521 2452 ad
547 2420 715 2453 visionem
743 2420 877 2464 primae
902 2419 1026 2453 stellae
1052 2420 1242 2453 venissent.
1312 2416 1514 2451 Habuerunt

128 2483 215 2516 enim
231 2480 331 2516 fidem
355 2481 398 2516 de
423 2484 499 2528 eJus
522 2483 750 2525 humanitate,
774 2494 847 2517 eum
863 2483 1042 2517 dixerunt:
1065 2482 1123 2516 ubi
1151 2486 1204 2517 est
1229 2484 1286 2528 qui
1305 2486 1407 2516 natus
1432 2485 1485 2516 est
1498 2484 1513 2515 ἰ)

129 2550 163 2581 et
186 2547 228 2581 de
252 2547 328 2592 ejus
356 2547 468 2593 regali
497 2547 689 2594 dignitate,
730 2559 804 2582 eum
831 2548 1011 2582 dixerunt:
1055 2558 1114 2582 rex
1139 2547 1372 2589 Ju‹!ae01·mn;
1412 2551 1447 2582 et
1472 2546 1513 2581 de

129 2614 205 2658 ejus
232 2612 375 2648 deitate,
401 2623 475 2647 eum
503 2613 681 2647 dixerunt:
710 2615 863 2647 venimus
890 2612 1039 2648 adorare
1065 2623 1151 2647 eum.
1201 2612 1356 2647 Tertiam
1381 2612 1513 2647 scilieet

131 2678 421 2721 intellectualem,
456 2688 545 2723 quae
572 2682 623 2712 est
653 2678 823 2724 angelus,
865 2677 1022 2712 viderunt
1049 2680 1081 2712 in
1109 2689 1246 2719 somno,
1288 2677 1427 2723 quando
1453 2688 1515 2723 per

132 2742 294 2789 angelum
320 2748 398 2778 sunt
425 2745 554 2778 moniti.
583 2754 625 2779 ne
647 2743 800 2778 redirent
825 2743 866 2778 ad
894 2742 1073 2779 Herodem.
1101 2743 1171 2779 Sed
1196 2743 1381 2780 seeundum
1407 2753 1514 2788 quan-
