1742 3005
253 81 335 120 468
558 83 654 132 Cap.
688 82 824 118 CXlll.
885 83 942 118 De
974 87 1103 118 saneto
1135 80 1349 117 Dominico.

258 187 461 222 serebantur
488 186 658 227 insidiae,
690 197 759 220 non
787 186 898 220 solum
921 186 1137 232 intrepidus.
1176 197 1294 222 verum
1319 187 1421 221 etiam
1449 188 1592 219 cantans
1620 190 1652 219 et

257 253 377 287 alacer
409 251 632 297 procedebat.
683 251 783 291 Quod
817 251 869 285 illi
912 251 1124 286 admirantes
1167 252 1329 286 dixerunt
1371 251 1444 286 illi:
1487 250 1652 296 numquid

257 329 326 351 non
350 323 387 351 tu
414 319 533 351 mortis
560 316 692 352 honore
719 317 945 352 concuteris?
995 316 1084 356 Quid
1121 320 1261 351 aeturus
1298 326 1396 358 eras,
1435 319 1464 350 si
1492 327 1650 361 compre-

259 383 504 418 hendissemus
531 383 593 418 te?
640 384 687 417 At
717 383 792 417 ille:
831 392 1013 428 rogassem
1042 393 1128 424 vos,
1166 393 1207 416 ne
1241 383 1434 426 repentinis
1460 393 1512 417 me
1537 382 1653 417 subito

258 450 478 495 perimeretis
503 448 728 490 vulneribus,
759 447 821 483 sed
847 448 1015 493 paulatim
1042 452 1076 482 et
1107 449 1311 482 successive
1337 447 1490 482 membra
1514 448 1654 493 singula

259 515 458 549 mutilantes
495 513 622 548 deinde
658 515 811 549 ostensis
847 524 962 548 coram
990 514 1101 548 oculis
1128 515 1213 548 meis
1242 513 1456 548 detruncatis
1482 512 1654 548 membro-

260 591 332 614 rum
359 580 558 624 particulis,
593 582 690 626 ipsos
718 581 820 615 etiam
849 581 969 615 oculos
1006 585 1167 615 eruentes
1202 579 1245 613 ad
1272 579 1426 614 ultimum
1453 580 1654 614 semivivum

260 648 520 691 laceratumque
545 656 672 690 corpus
707 648 756 680 sio
780 648 1020 691 permittentes
1047 648 1081 681 in
1106 656 1169 680 suo
1196 647 1369 691 sanguine
1396 645 1564 687 volutari,
1598 644 1654 678 vel

259 722 404 757 prorsus
438 710 484 745 ad
509 710 643 745 lihitum
670 721 722 745 me
747 714 931 747 necaretis.
981 713 1064 748 Cum
1091 712 1262 758 quendam
1291 713 1484 757 reperisset
1511 714 1656 755 propter

259 778 422 819 nimiam,
463 788 563 822 quam
600 777 821 822 patiebatur,
864 779 1015 822 inopiam
1061 778 1316 813 haereticorum
1358 778 1546 812 consortiis
1589 775 1652 810 ad-

262 843 436 884 haesisse,
464 843 617 877 deerevit
644 853 683 876 se
709 844 820 887 ipsum
847 843 1068 885 venumdare,
1105 844 1196 890 quod
1231 855 1274 879 ex
1299 848 1444 888 accepto
1471 845 1583 888 pretio
1612 842 1653 877 de

263 919 301 943 se
336 910 413 952 ipso
450 913 483 942 et
516 910 687 953 egestatis
725 909 827 942 simul
863 911 1081 944 occasionem
1117 910 1340 955 praecideret
1373 914 1406 944 et
1442 909 1506 944 sub
1534 919 1654 944 errore

261 973 501 1009 venumdatum
528 973 707 1008 liberaret.
757 974 856 1013 Quod
884 979 917 1008 et
945 975 1107 1018 fecisset,
1143 977 1212 1009 nisi
1247 977 1388 1020 inopiae
1423 977 1498 1021 ejus
1535 975 1654 1009 divina

262 1039 508 1075 misericordia
528 1040 631 1073 aliter
657 1040 883 1084 providisset.
933 1041 1032 1074 Alias
1059 1043 1181 1083 etiam,
1217 1052 1291 1075 cum
1324 1041 1495 1086 quaedam
1531 1042 1654 1075 mulier

261 1107 403 1140 fratrem
432 1116 529 1139 suum
555 1107 589 1139 in
614 1106 869 1140 Saracenorum
895 1108 1099 1150 captivitate
1126 1106 1300 1141 detentum
1333 1107 1550 1141 lamentabili
1585 1106 1651 1141 sibi

264 1173 516 1217 conquestione
543 1175 734 1215 exponeret
760 1171 960 1216 nullumque
986 1172 1054 1206 sibi
1078 1171 1121 1205 ad
1149 1173 1225 1217 ejus
1252 1172 1492 1207 liberationem
1519 1172 1653 1207 fatere-

261 1243 319 1272 tur
342 1237 524 1271 consilium
549 1246 757 1280 superesse,
793 1236 853 1270 ille
888 1238 1008 1270 intima.
1041 1239 1284 1281 compassione
1319 1243 1507 1272 commotus
1533 1248 1571 1272 se
1598 1239 1652 1283 ip-

263 1314 336 1337 sum
373 1313 434 1347 pro
475 1302 689 1337 redemtione
721 1303 851 1346 captivi
891 1301 1109 1336 vendendum
1145 1303 1290 1344 obtulit,
1336 1303 1398 1338 scd
1438 1303 1551 1346 Deus,
1595 1305 1651 1349 qui

262 1372 374 1415 ipsum
410 1369 687 1403 necessariorem
722 1366 767 1400 ad
805 1367 1054 1402 redemtionem
1088 1369 1306 1413 spiritualem
1334 1368 1516 1411 multorum
1540 1371 1652 1412 capti-

264 1446 382 1469 vorum
408 1434 653 1479 praeviderat,
690 1441 757 1467 nou
785 1434 956 1477 permisit.
1003 1432 1208 1478 llospitatus
1243 1435 1276 1468 in
1311 1434 1470 1479 partibus
1499 1434 1656 1469 Tolosae

263 1500 354 1545 apud
382 1499 548 1545 quasdam
574 1503 750 1533 matronas
773 1498 816 1533 ab
846 1498 1032 1533 haereticis
1073 1511 1135 1544 per
1169 1502 1438 1535 ostentationem
1469 1501 1654 1546 religionis

264 1565 430 1610 deceptas
456 1576 518 1610 per
544 1569 648 1599 totam
679 1564 996 1611 quadragesimam,
1022 1570 1059 1599 ut
1084 1568 1134 1599 sie
1161 1565 1295 1601 clavum
1325 1567 1422 1601 clavo
1440 1566 1653 1607 retunderet,

264 1633 298 1666 in
333 1642 423 1676 pane
462 1631 572 1665 solum
611 1635 645 1666 et
678 1641 771 1675 aqua
797 1631 928 1676 frigida
955 1641 1029 1665 cum
1056 1630 1222 1676 adjuncto
1250 1631 1318 1665 sibi
1346 1633 1653 1677 socio-injuriavit,

263 1701 364 1731 nocte
393 1706 475 1730 vero
503 1697 694 1743 evigilans,
725 1707 797 1730 cum
825 1699 1019 1731 necessitas
1045 1697 1217 1741 cogebat,
1246 1697 1344 1732 lassa
1371 1697 1525 1733 membra
1548 1708 1656 1742 super

262 1762 386 1797 nudam
411 1762 563 1795 tabulam
592 1762 804 1804 reclinabat,
832 1765 952 1807 sieque
980 1763 1108 1795 sactum
1139 1766 1212 1804 cst,
1239 1767 1275 1795 ut
1301 1763 1379 1796 illas
1406 1768 1582 1796 matronas
1609 1762 1653 1796 ad

263 1829 476 1873 agnitionem
491 1827 878 1872 veritatisperduceret.
909 1827 991 1861 Post
1016 1826 1079 1860 hoc
1101 1831 1212 1862 autem
1234 1829 1351 1871 coepit
1369 1827 1411 1861 de
1435 1828 1653 1861 institutione

263 1893 396 1928 ordinis
431 1895 611 1939 cogitare,
648 1894 746 1937 cujus
781 1893 932 1927 osticium
970 1897 1083 1927 esset,
1122 1903 1185 1937 per
1222 1893 1382 1926 mundum
1415 1893 1652 1937 praedicando

264 1959 463 1993 discurrere
490 1963 523 1993 et
557 1963 677 1992 contra
704 1959 901 1993 haereticos
938 1958 1037 1992 iidem
1065 1957 1273 1991 catholicam
1299 1959 1520 1992 communire.
1571 1958 1651 1991 Cum

261 2025 372 2070 igitur
404 2026 437 2057 in
472 2024 630 2068 partibus
665 2024 865 2065 Tolosanis,
891 2025 1078 2058 mansisset
1112 2035 1174 2068 per
1214 2023 1245 2056 X
1279 2033 1408 2065 annos,
1449 2033 1470 2057 a
1504 2025 1653 2057 transitu

264 2090 473 2124 Oxoviensis
502 2092 656 2135 episcopi
692 2101 801 2135 usque
830 2090 872 2124 ad
898 2095 1054 2135 tempus,
1094 2100 1161 2135 quo
1194 2088 1434 2124 Lateranense
1470 2089 1653 2123 concilium

262 2155 383 2190 debuit
409 2155 602 2197 celebrari,
634 2166 707 2189 cum
734 2154 886 2190 Fulcone
913 2155 1094 2190 Tolosano
1123 2156 1290 2199 episcopo
1317 2154 1460 2189 Romam
1491 2155 1533 2189 ad
1571 2165 1654 2189 eon-

261 2221 375 2256 silium
401 2222 567 2266 generale
592 2222 679 2255 adiit
704 2232 743 2256 ac
769 2232 789 2255 a
814 2233 945 2257 summo
970 2220 1132 2266 pontifice
1157 2219 1357 2254 Innocentio
1386 2221 1558 2262 ordinem,
1595 2221 1655 2266 qui

262 2287 544 2332 praedicatorum
565 2288 740 2322 diceretur
758 2293 791 2321 et
810 2291 916 2329 esset,
934 2287 1128 2320 coniirmari
1151 2285 1218 2320 sihi
1232 2288 1374 2331 suisque
1388 2286 1652 2321 successoribus

263 2353 467 2397 postulavit.
519 2353 673 2392 Quicum
692 2353 942 2398 aliquantulum
967 2363 1005 2386 se
1025 2352 1200 2386 difficilem
1221 2352 1417 2394 exhiberet,
1444 2357 1547 2387 nocte
1567 2361 1653 2396 qua-

263 2418 340 2452 dam
368 2418 455 2453 idem
485 2419 641 2463 pontifex
671 2418 812 2452 videbat
839 2419 870 2451 in
904 2419 1056 2458 somnis,
1098 2417 1191 2463 quod
1225 2418 1477 2452 Later-ariensis
1504 2416 1653 2451 ecclesia.

262 2494 406 2529 gravem
442 2483 558 2517 subito
593 2485 724 2517 ruinam
761 2485 964 2517 minaretur.
1015 2483 1114 2522 Quod
1150 2483 1228 2517 (lum
1263 2488 1413 2518 tremens
1441 2482 1650 2526 adspiceret,

265 2559 306 2582 ex
343 2549 493 2583 adverso
530 2550 581 2582 vir
614 2548 677 2583 llei
712 2549 912 2583 Dominicus
950 2548 1161 2583 occurrebat
1199 2548 1421 2592 humerisque
1460 2547 1533 2580 suis
1566 2557 1650 2591 sup-

262 2614 389 2656 positis
416 2619 522 2648 totam
548 2615 641 2647 illam
667 2624 826 2649 casuram
853 2614 1021 2649 fabricam
1051 2614 1282 2649 sustentabat.
1332 2611 1510 2657 Evigilans
1537 2617 1651 2647 autem

260 2682 293 2711 et
320 2678 485 2711 visionem
511 2679 711 2725 intelligens
741 2681 943 2724 petitionem
967 2681 1031 2715 viri
1058 2680 1122 2715 Dei
1151 2679 1309 2713 hilariter
1343 2679 1541 2722 acceptavit
1566 2678 1649 2712 lior-
