1742 3005
339 141 434 190 Cap.
457 139 593 177 CClX.
652 139 710 176 De
741 143 868 175 sancta
897 134 1155 187 Kuneguncle.
1228 125 1236 135 '
1355 134 1438 174 909

53 245 160 273 liariun
189 243 360 272 incredibili
390 244 613 279 perseverantia
643 244 742 278 coepit
774 251 898 278 corpore
928 243 1119 275 languescere
1153 245 1183 269 et
1214 241 1439 274 ingravescente

53 291 160 318 morbo
185 289 330 325 paulatim
355 288 493 317 deficere.
528 288 589 316 Sed
622 288 693 315 daun
725 288 858 315 membra
889 289 994 315 dolore
1025 288 1268 314 contraherentur
1299 287 1441 319 exteri-us,

54 340 155 362 tamen
184 334 324 370 spiritus,
358 333 427 366 quia
457 332 523 360 laus
553 333 610 359 Dei
640 333 672 359 in
709 341 759 359 ore
787 333 874 367 hujus
908 342 1026 367 semper
1054 331 1279 359 confortabatur
1306 331 1441 359 interius.

55 380 192 407 vocabat
211 383 330 407 sanctos
348 377 480 410 angelos,
499 385 625 411 quorum
642 377 691 403 hic
707 376 780 409 vita,
798 377 862 404 illic
879 387 957 403 nunc
975 376 1126 404 consortio
1145 375 1266 408 fruitur,
1285 375 1441 411 apostolos

55 428 86 452 et
111 423 314 456 confessores,
350 431 476 456 quorum
504 422 597 448 fidem
629 431 750 456 semper
775 426 803 448 et
831 421 1052 448 consessionem
1077 421 1187 453 tenuit,
1218 420 1442 455 interpellabat,

56 469 205 501 virginum
232 467 340 495 Christi
363 467 395 494 in
419 475 473 494 suo
493 467 574 493 exitu
592 466 742 493 invitabat
761 467 898 497 chorum,
925 475 1048 499 quarum
1072 465 1272 492 aemulatione
1296 466 1327 491 in
1346 474 1443 497 carne,

57 514 130 540 dum
148 517 272 548 propter
289 521 408 539 carnem
424 511 552 543 viveret,
571 510 794 537 immaculatum
809 510 925 537 Christo
945 514 1171 537 consecraverat
1185 514 1292 541 torum,
1312 509 1444 536 omnium

56 561 121 585 Deo
139 558 349 585 famulantium
368 556 427 584 sibi
444 556 566 587 adesse,
592 555 651 582 sibi
669 563 822 581 occurrere
841 555 946 580 orabat
965 554 1119 581 auxilinm.
1153 557 1231 581 Vere
1251 554 1332 587 quod
1351 553 1445 587 scrip-

58 606 122 630 tum
141 607 196 630 est:
215 602 391 630 timentibus
410 604 506 627 Deum
524 600 623 626 omnia
642 603 841 635 cooperantur
860 599 889 625 in
908 599 1029 632 bonnm,
1048 599 1078 625 in
1097 599 1183 626 obitu
1201 603 1301 625 tantae
1320 597 1445 630 virginis

58 648 198 675 videmus
216 647 454 682 comprobatum.
488 645 620 672 Necdum
639 644 777 680 spiritum
795 643 998 676 exhalaverat,
1033 643 1161 671 necdum
1181 643 1294 670 Christo
1312 642 1446 669 debitam

59 691 234 719 reddiderat
250 690 346 718 vitam
363 694 393 717 et
418 691 477 723 jam
501 689 581 716 fama
596 690 706 717 volans
733 689 808 716 tanti
831 689 1009 724 praenuntia
1035 688 1131 715 luctus
1157 697 1218 715 non
1236 692 1297 714 tam
1317 690 1446 714 sacratas

58 735 190 768 virgines
207 739 259 762 aut
276 734 391 762 diversi
409 734 523 762 ordinis
540 735 638 768 viros,
663 735 716 762 sed
735 739 764 761 et
781 734 874 761 totius
891 734 975 761 urbis
994 734 1123 769 populos
1143 733 1181 760 ad
1200 732 1357 766 exsequias
1377 740 1446 759 con-

60 781 210 813 gregabat.
245 779 400 807 Sonabant
417 779 527 814 psalmi
546 784 575 806 et
593 784 688 807 totam
707 779 846 812 domum,
864 779 918 805 ubi
937 787 1052 806 sacrum
1071 778 1280 813 corpusculum
1298 777 1329 804 in
1347 776 1448 804 medio

61 833 152 860 super
175 824 229 851 illo
255 824 352 851 nobili
377 832 431 851 suo
456 824 554 851 cilicio
578 824 778 859 coinpositum
802 825 937 859 jacebat,
962 823 993 850 in
1020 823 1148 851 sublime
1174 831 1318 850 resonans
1344 822 1449 849 litania

59 878 116 906 pro
141 873 268 897 exeunte
294 869 393 895 anima
419 869 584 902 quatiebat.
619 869 742 896 Interim
772 879 808 896 ex
833 877 916 895 more
941 868 1056 900 regales
1081 872 1233 901 tamquam
1258 866 1450 901 imperatrici,

61 923 123 942 non
140 919 172 941 ut
190 913 390 949 pauperculae
409 914 557 941 debentur
582 914 693 946 sorori,
719 918 862 948 parantur
887 912 1067 945 obsequiae,
1094 922 1183 938 aurea
1205 911 1316 938 feretro
1343 912 1449 938 obten-

62 959 163 986 denda
180 958 374 994 proferuntur
390 958 551 986 velamina.
587 961 658 986 Cum
684 958 738 984 illa
763 958 912 992 pallentes
938 957 1060 989 vultus,
1085 965 1159 990 quos
1186 961 1254 982 ante
1280 961 1312 983 ut
1338 964 1450 990 sponso

62 1004 198 1031 venienti
216 1004 312 1031 laetos
330 1003 467 1036 videres,
486 1003 525 1030 ad
544 1012 577 1030 os
596 1007 784 1036 retorquere,
803 1011 893 1028 mann
911 1010 1057 1028 annuere:
1077 1001 1203 1028 amictus
1221 1001 1294 1032 iste,
1318 1000 1373 1033 ait,
1391 1009 1451 1027 non

64 1053 109 1076 est
126 1057 228 1082 meus,
248 1047 362 1075 auferte
379 1047 458 1075 hinc.
494 1050 622 1074 Ornatus
648 1047 696 1074 hic
721 1047 837 1074 alienus
857 1052 918 1080 est,
943 1047 989 1074 his
1008 1051 1126 1073 terreno
1145 1054 1273 1081 sponso,
1298 1045 1364 1072 istis
1384 1053 1452 1072 coe-

64 1093 134 1121 lesti
152 1102 218 1121 sum
244 1093 400 1128 copulata,
425 1091 506 1118 nuda
532 1091 570 1119 de
595 1097 680 1119 utero
707 1092 809 1119 matris
838 1100 922 1119 meae
949 1100 1066 1124 egressa
1093 1100 1173 1123 sum,
1196 1091 1278 1117 nuda
1302 1090 1453 1122 regrediar

63 1138 150 1171 illuc,
174 1138 221 1166 his
243 1138 371 1165 miserae
392 1136 486 1164 vilem
510 1137 606 1164 carnis
632 1137 788 1164 materiam
806 1136 955 1164 involvite
974 1141 1003 1163 et
1027 1135 1237 1170 corpusculum
1255 1144 1353 1162 meum
1372 1136 1453 1169 juxta

64 1183 211 1210 tumulum
228 1181 329 1210 fratris
348 1182 407 1209 mei
427 1191 461 1209 ac
480 1182 594 1209 domini
614 1182 732 1209 Henrici
751 1181 956 1216 imperatoris,
983 1190 1072 1214 quem
1097 1189 1145 1207 me
1168 1184 1329 1207 vocantem
1351 1179 1453 1212 video,

64 1227 97 1255 in
118 1226 243 1263 proprio
268 1226 378 1254 locello
403 1227 551 1262 reponite.
588 1226 640 1253 His
667 1226 755 1253 dictis
773 1226 804 1253 in
823 1235 942 1252 manum
963 1225 1077 1252 domini
1096 1224 1234 1260 spiritum
1252 1225 1454 1252 condemnans

65 1273 163 1300 carnis
182 1271 298 1299 sarcina
315 1272 432 1305 abjecta
450 1271 491 1298 ad
508 1280 592 1298 sunm
606 1271 700 1298 amica
716 1271 873 1298 revolabat
887 1275 1021 1298 autorem
1035 1274 1064 1297 et
1077 1269 1108 1296 in
1119 1269 1271 1303 antiquam
1284 1270 1454 1305 possessio-

65 1327 135 1345 nem
152 1317 204 1344 diu
221 1316 410 1352 peregrinata
428 1316 617 1349 conscendit,
643 1316 729 1343 terris
747 1320 873 1343 matrem
893 1324 1081 1343 communem
1100 1323 1131 1342 se
1150 1314 1285 1342 amisisse
1303 1315 1455 1349 flentibus,

66 1361 161 1390 coelis
187 1365 286 1388 autem
312 1360 468 1388 concivem
492 1360 524 1388 in
551 1371 637 1388 suum
655 1361 838 1388 consortium
857 1370 888 1388 se
907 1360 1076 1395 suscepisse
1095 1359 1304 1392 gaudentibus.
1339 1364 1384 1387 lta
1403 1361 1458 1387 de-

67 1417 149 1435 mum
175 1414 259 1434 sacro
284 1405 338 1433 illo
364 1414 489 1441 corpore
514 1406 625 1433 feretro
650 1406 809 1441 supposito
836 1405 984 1432 nobilium
1011 1405 1115 1432 ordine
1140 1410 1320 1440 praeeunte,
1354 1405 1456 1433 multis

68 1451 138 1478 hinc
159 1450 231 1478 inde
256 1450 476 1478 confluentibus
499 1451 604 1478 turmis
630 1461 697 1478 cum
722 1451 775 1478 illo
801 1450 861 1478 sibi
887 1459 1005 1485 semper
1029 1450 1265 1477 familiarissimo
1291 1460 1456 1485 pauperum

67 1495 267 1524 contubernio
284 1495 324 1522 ad
341 1495 440 1523 locum
460 1495 716 1531 praedestinatum
735 1495 906 1531 sepulturae
924 1495 1029 1522 felices
1049 1495 1208 1528 exsequiae
1227 1504 1320 1528 usque
1339 1495 1457 1522 delatae

69 1545 148 1570 sunt.
185 1543 257 1568 Cum
280 1548 355 1568 vero
381 1540 501 1569 relictas
525 1542 631 1574 nrbes,
655 1551 750 1568 vacua
769 1551 851 1573 rura,
878 1540 1029 1568 desolatas
1049 1540 1202 1573 civitates,
1229 1540 1361 1574 undique
1387 1549 1459 1568 con-

69 1595 186 1614 currere
203 1585 334 1622 populos
352 1585 490 1619 videres,
508 1591 618 1613 matres
637 1586 779 1621 parvulos
799 1594 868 1613 suos
889 1585 917 1612 in
937 1585 1065 1612 brachiis
1085 1589 1251 1618 gestantes,
1275 1585 1408 1613 infirmos
1429 1587 1457 1612 in

71 1630 224 1664 grabbatis
241 1632 373 1665 jacentes
392 1630 529 1658 sanitatis
548 1631 672 1663 gratiam
691 1640 820 1666 sperare,
839 1630 957 1658 felicem
977 1639 1008 1658 se
1028 1631 1158 1663 credere,
1178 1630 1203 1658 si
1219 1630 1266 1657 cui
1283 1635 1333 1657 aut
1349 1630 1458 1657 feretro

72 1676 153 1711 jungi
171 1679 222 1702 aut
240 1676 278 1702 ab
297 1675 365 1710 ipso
384 1675 558 1708 contigisset
578 1676 759 1703 obumbrari.
795 1676 932 1703 Tandem
955 1675 986 1702 in
1010 1676 1166 1703 ecclesiam
1186 1675 1281 1702 sancti
1299 1675 1376 1702 Petri
1395 1684 1459 1702 cor-

72 1729 129 1756 pus
147 1729 208 1747 non
226 1720 290 1747 sine
309 1720 413 1747 labore
432 1720 624 1755 deportatum
645 1720 798 1747 triduanas
818 1721 860 1747 ibi
879 1720 992 1748 meritis
1014 1720 1074 1748 suis
1089 1730 1122 1747 ac
1131 1719 1286 1746 beneficiis
1298 1719 1460 1752 condignas

73 1765 178 1792 habuit
197 1765 364 1799 exsequias.
400 1765 482 1797 Filii,
509 1774 584 1798 quos
603 1765 666 1792 illic
684 1765 750 1799 ipsa
767 1765 798 1792 in
818 1765 932 1792 Christo
953 1769 1177 1798 aggregaverat,
1205 1764 1242 1791 de
1264 1764 1367 1791 matris
1388 1774 1460 1799 pace

73 1812 133 1845 jam
152 1810 257 1843 securi,
276 1818 331 1845 pro
350 1819 382 1837 se
400 1814 499 1836 autem
517 1809 640 1836 solliciti
656 1810 840 1837 incessanter
858 1809 1040 1845 psallebant,
1060 1809 1131 1836 dum
1147 1819 1214 1836 eam
1227 1808 1286 1836 sibi
1305 1809 1343 1835 ad
1357 1809 1461 1836 horam

75 1855 258 1882 subtractam
283 1854 348 1881 sine
373 1853 480 1881 timore
514 1854 685 1882 amissionis
719 1854 749 1881 in
780 1863 833 1889 spe
862 1859 1026 1889 perpetuae
1057 1853 1281 1881 intercessionis
1312 1853 1461 1888 recepisse

75 1899 270 1934 plaudebant.
304 1901 401 1926 Mater
424 1899 462 1926 de
489 1899 574 1926 coelo
599 1899 730 1927 filiorum
748 1904 945 1934 prospectans
964 1898 1103 1926 affectum
1122 1898 1281 1931 gaudebat.
1315 1901 1361 1925 lta
1378 1898 1463 1925 vela-

75 1949 139 1972 tum
163 1952 280 1971 sacrum
305 1952 413 1979 corpus
441 1943 533 1971 sacris
557 1944 695 1972 vestibus
721 1944 899 1978 dyademate
926 1943 1033 1971 Christi
1055 1943 1214 1978 supposito
1241 1950 1295 1969 suo
1313 1942 1413 1970 loculo
1432 1943 1463 1970 in

77 1988 182 2016 dextro
208 1989 317 2021 latere,
344 1988 421 2015 sicut
445 1988 589 2016 hactenus
611 1993 787 2021 veneratur,
813 1988 978 2023 repositum
1006 1992 1061 2016 est.
1140 1987 1215 2014 felix
1233 1988 1462 2020 Bambergensis

78 2032 220 2065 ecclesia,
245 2031 387 2066 recepisti
411 2032 597 2065 thesaurum,
631 2042 719 2066 quem
743 2033 902 2065 amiseras,
933 2040 1046 2067 procax
1071 2037 1101 2058 et
1126 2031 1262 2058 malefica
1284 2032 1386 2065 lingua
1411 2034 1464 2060 de-

76 2081 239 2105 tractorum
257 2076 442 2103 occultorum
459 2076 633 2103 testimonio
653 2077 806 2103 confutata
825 2081 879 2108 est,
899 2076 970 2102 dnm
988 2075 1143 2107 virginitas
1162 2077 1225 2108 ejus
1244 2076 1333 2103 rebus
1353 2087 1465 2112 appro-

77 2123 150 2150 bata
175 2121 317 2148 sanctitas
343 2119 575 2146 clarescentibus
601 2119 693 2151 signis
719 2120 840 2146 videtur
864 2119 1025 2147 testificata
1051 2129 1105 2154 per
1131 2119 1279 2146 Christum
1310 2120 1465 2149 dominum

79 2171 225 2195 nostrum.
250 2164 433 2193 Christianae
450 2163 589 2195 religioni
606 2164 775 2198 proficiens,
793 2164 893 2191 fidelis
906 2163 1059 2196 ecclesiae,
1078 2173 1153 2197 quae
1172 2163 1202 2190 in
1219 2165 1376 2197 evangelio
1390 2175 1465 2194 voce

80 2211 197 2240 domini
213 2214 344 2238 testante
362 2209 417 2236 Dei
434 2213 530 2236 mater
549 2213 578 2236 et
595 2209 658 2236 filia
676 2218 730 2244 per
747 2208 872 2241 gratiam
897 2209 1076 2236 nominatur.
1111 2211 1223 2242 Mater,
1250 2209 1319 2242 quia
1345 2215 1465 2238 sanctae

81 2255 265 2292 operationis
284 2254 424 2289 exemplo
442 2253 522 2281 filios
542 2253 664 2281 domino
691 2258 826 2286 generat:
854 2253 933 2286 filia,
961 2253 1030 2287 quia
1052 2253 1177 2286 virginis
1200 2253 1264 2280 filio
1287 2263 1342 2289 pro
1369 2255 1465 2283 salute

81 2301 185 2330 mundi
204 2301 358 2327 incarnato
378 2298 546 2325 eruditione
565 2303 736 2326 sanctorum
755 2303 873 2333 patrum
892 2298 1028 2331 quotidie
1054 2302 1225 2331 generatur,
1249 2298 1375 2326 salutem
1394 2300 1465 2327 niis-

83 2355 147 2373 sam
165 2354 182 2372 a
200 2344 323 2372 domino
343 2343 482 2371 coelestis
502 2343 641 2370 archiatri
659 2342 816 2370 effectibus
833 2343 1000 2370 medicinae
1018 2343 1139 2378 plenam
1156 2347 1218 2369 tam
1235 2344 1368 2378 corporis
1387 2344 1466 2371 anri-

82 2391 140 2417 bus
159 2389 390 2422 animadvertat.
425 2388 595 2416 Mundanae
614 2387 768 2415 machinae
788 2387 935 2421 conditor,
953 2388 1083 2415 humano
1100 2388 1200 2420 generi
1216 2397 1270 2422 per
1288 2388 1468 2416 inobedien-

83 2434 157 2462 tiam
174 2433 262 2468 lapso
280 2433 458 2466 condolens,
484 2437 518 2460 ut
543 2438 682 2461 aeternae
699 2433 781 2460 vitae
798 2432 913 2460 fructus
931 2432 1091 2460 facientem
1109 2441 1220 2459 novam
1239 2432 1467 2467 plantationem,

84 2479 201 2508 scilieet
223 2477 408 2513 primitivam
431 2477 590 2505 ecclesiam
614 2477 774 2510 insereret,
806 2477 990 2512 patriarchas
1024 2482 1053 2504 et
1077 2477 1241 2512 prophetas
1266 2477 1298 2503 in
1321 2477 1467 2504 mundum

85 2524 203 2552 mittere
231 2523 369 2556 dignatus
396 2527 451 2549 est.
489 2522 546 2558 Qui
572 2522 719 2550 creditiun
743 2522 802 2550 sibi
827 2522 961 2549 officium
990 2521 1121 2555 quinque
1152 2520 1285 2555 corporis
1319 2521 1467 2555 sensibus,

86 2573 172 2598 sexto
197 2577 333 2603 quoque,
360 2567 411 2601 qui
437 2571 482 2594 est
511 2567 633 2603 spiritus
660 2566 846 2602 prophetiae,
869 2566 1043 2600 mysterium
1065 2565 1279 2593 incarnationis
1307 2566 1413 2594 Christi
1438 2571 1468 2594 et

86 2614 204 2646 omnia,
230 2622 306 2647 quae
325 2613 362 2640 de
380 2612 448 2648 ipso
468 2612 672 2639 annuntianda
690 2616 790 2645 erant,
816 2611 1025 2646 praedicantes
1043 2611 1095 2637 alii
1112 2610 1275 2645 asperitate
1292 2610 1389 2643 vitae,
1416 2611 1470 2638 alii

86 2658 215 2686 diversis
234 2667 398 2694 poenarum
416 2656 574 2690 mortibus,
591 2656 666 2692 ipsi,
685 2665 773 2691 quem
791 2656 1023 2691 prophetabant,
1041 2655 1218 2683 famulatum
1236 2665 1322 2683 suum
1338 2656 1469 2683 fideliter

86 2703 299 2739 impleverimt.
333 2706 446 2730 Horum
464 2702 550 2729 limes
570 2701 701 2729 Christus
720 2701 833 2728 aeterni
850 2700 946 2736 patris
965 2699 1091 2728 consilio
1114 2709 1169 2736 pro
1188 2700 1353 2728 liberandis
1372 2701 1469 2728 homi-

85 2748 178 2777 nibus
205 2747 243 2776 de
268 2747 461 2776 intemeratae
486 2745 610 2780 virginis
635 2749 720 2774 utero
748 2745 910 2781 processit,
944 2748 976 2773 ut:
1006 2746 1065 2780 iam
1097 2745 1255 2774 inchoante
1280 2746 1468 2783 plantatione
