1742 3005
412 111 508 161 Cap.
540 111 640 148 Llll.
698 111 757 149 De
787 112 967 163 passione
998 111 1156 149 domini.
1399 112 1479 150 ...Σ-9

90 221 176 246 unus
200 213 277 256 ipse
302 218 418 257 esset,
455 216 514 260 qui
540 214 713 250 offerebat
738 220 771 251 et
805 215 897 261 quod
923 214 1147 251 offerebatur.
1195 214 1248 250 De
1270 214 1339 249 hoe
1362 219 1475 250 autem

88 278 212 322 etiam,
244 277 396 323 qualiter
422 290 486 324 per
512 280 685 314 Christum
710 291 826 315 sumus
852 281 1088 323 reconciliati,
1126 280 1210 314 dicit
1233 279 1325 315 idem
1351 280 1474 326 Augu-

86 343 210 384 stinus,
238 343 330 389 quod
355 344 515 379 Christus
542 350 595 380 est
623 346 790 381 sacerdos
816 351 850 380 et
875 346 1093 387 sacrificium,
1120 345 1214 380 Deus
1241 351 1276 381 et
1299 346 1473 391 templum.

84 407 280 451 Sacerdos,
308 421 371 454 per
395 422 496 456 quem
521 422 636 446 sumus
662 411 900 452 reconciliati,
926 411 1157 453 sacrificium,
1182 422 1249 456 quo
1274 422 1391 446 sumus
1417 423 1473 447 re-

82 475 271 517 conciliati,
286 475 392 516 Deus,
410 478 463 510 cui
481 487 597 510 sumus
620 476 849 517 reconciliati,
876 475 1051 519 templum,
1076 477 1110 509 in
1126 487 1194 520 quo
1212 486 1328 510 sumus
1348 488 1470 512 recon—

81 539 201 574 ciliati.
258 539 355 575 Unde
381 540 588 585 quibusdam
622 540 712 574 lianc
753 541 1073 574 reconciliationem
1106 542 1204 585 parvi
1238 541 1472 586 pendentibus

80 604 297 650 Augustinus
322 607 356 639 in
381 616 535 650 persona
560 605 691 640 Christi
717 606 907 650 exprobrat
926 604 1068 640 dicens:
1096 615 1171 639 cum
1192 616 1291 640 esses
1312 607 1471 641 inimicus

79 671 173 714 patri
188 681 276 712 meo,
303 671 545 705 reconciliavit
561 676 595 706 te
618 682 682 716 per
705 681 770 713 me,
798 681 874 705 cum
898 670 1131 717 esseslonge,
1159 682 1225 718 ego
1253 673 1331 706 veni
1356 676 1393 705 ut
1411 683 1468 707 re-

79 734 242 770 dimerem
267 741 314 778 te,
341 746 416 771 cum
443 738 535 771 inter
558 746 677 770 omnes
702 741 838 771 montes
865 741 899 771 et
919 737 1026 771 silvas
1054 747 1214 779 errares,
1241 739 1399 784 quaesivi
1422 743 1468 779 te,

77 803 168 836 iuter
191 801 329 847 lapides
371 808 405 837 et
430 803 528 848 ligna
554 803 669 836 inveni
704 806 740 837 te
766 807 799 837 et
830 813 874 837 ne
900 803 1058 847 luporum
1094 803 1316 849 ferarumque
1344 804 1468 849 rapido

77 878 139 901 ore
161 867 359 909 laniareris,
385 868 516 914 collegi
538 873 584 909 te,
611 867 762 902 humeris
780 870 866 902 meis
884 870 1022 912 portavi
1047 873 1092 910 te,
1119 871 1211 913 patri
1227 880 1302 904 meo
1328 870 1468 904 reddidi

74 937 121 974 te,
147 933 319 975 laboravi,
339 933 475 975 sudavi,
500 938 604 978 caput
630 944 739 967 meum
765 935 876 978 spinis
903 936 1069 978 opposui,
1100 944 1219 969 manus
1245 945 1341 969 meas
1357 935 1466 969 clavis

74 997 210 1043 objeci,
237 998 362 1033 lancea
384 999 476 1033 latus
502 1000 645 1043 aperui,
672 1003 723 1032 tot
748 1010 817 1032 non
844 998 955 1033 dicam
979 1000 1138 1044 injuriis,
1174 999 1237 1034 sed
1261 1002 1464 1045 asperitati-

72 1063 138 1098 bus
161 1064 312 1098 laniatus
337 1074 429 1106 sum,
466 1066 670 1109 sanguinem
703 1075 814 1099 meum
845 1065 939 1107 sudi,
977 1065 1127 1098 animam
1160 1075 1270 1099 meam
1303 1068 1406 1110 posui
1430 1071 1466 1100 ut

72 1130 320 1175 conjungerem
353 1134 389 1164 te
413 1130 520 1171 milii,
562 1134 596 1164 et
629 1134 667 1164 tu
701 1129 870 1165 divideris
905 1141 926 1164 a
960 1141 1023 1165 me.
1082 1130 1243 1165 Secundo
1278 1130 1343 1164 suit
1379 1141 1461 1165 con-

69 1196 340 1241 gruentissimus
364 1195 408 1230 ad
423 1195 610 1230 curandum
635 1195 804 1238 morbum,
831 1198 1037 1241 congruitas
1065 1200 1180 1230 autem
1211 1196 1401 1230 attenditur
1420 1208 1461 1232 ex

70 1265 170 1305 parte
193 1262 380 1305 temporis,
415 1272 458 1296 ex
482 1266 582 1306 parte
611 1261 701 1303 loci,
735 1272 778 1297 ex
804 1266 902 1307 parte
929 1261 1032 1295 modi.
1081 1261 1132 1296 Ex
1155 1266 1256 1307 parte
1281 1265 1460 1307 temporis,

69 1327 153 1372 quia-
171 1325 282 1361 Adam
303 1326 417 1361 faetus
443 1327 508 1361 suit
528 1332 561 1362 et
577 1328 738 1372 peccavit
761 1328 926 1361 inmense
944 1327 1086 1370 Martio,
1101 1328 1189 1361 seria
1200 1331 1298 1362 sexta
1324 1332 1357 1361 et
1374 1327 1460 1362 hora

69 1396 172 1426 sexta
197 1397 232 1427 et
258 1392 339 1427 ideo
367 1392 528 1426 Christus
555 1394 629 1436 pati
656 1392 765 1425 voluit
790 1394 825 1426 iu
849 1392 1000 1434 Martio,
1029 1394 1110 1438 quia
1137 1394 1170 1426 in
1199 1392 1274 1434 (lie,
1303 1402 1371 1439 qua
1397 1392 1462 1427 suit

70 1459 307 1499 annuntiatus,
334 1457 400 1491 suit
429 1462 463 1492 et
485 1468 624 1502 passus.
663 1457 749 1491 Item
776 1460 809 1492 in
833 1457 921 1492 seria
948 1463 1047 1493 sexta
1078 1464 1111 1492 et
1134 1458 1223 1492 hora
1249 1462 1359 1492 sexta.
1393 1458 1458 1493 Se-

69 1522 182 1556 cundo
210 1533 252 1557 ex
277 1527 377 1568 parte
405 1523 495 1565 loci,
530 1525 691 1567 quoniam
715 1523 815 1557 loeus
841 1534 926 1557 suae
959 1525 1136 1568 passionis
1161 1524 1347 1568 tripliciter
1374 1534 1457 1557 con-

67 1586 248 1630 fidei-atur,
274 1588 412 1624 seilicet
436 1594 496 1623 aut
517 1591 705 1623 communis
732 1594 791 1623 aut
817 1589 983 1634 specialis
1014 1593 1073 1622 aut
1096 1589 1299 1634 singularis.
1341 1588 1458 1624 Locus

69 1656 257 1689 communis
286 1655 351 1689 suit
374 1659 470 1689 terra
496 1656 760 1699 promissionis,
787 1654 953 1699 specialis
982 1653 1156 1688 calvariae
1181 1654 1300 1697 locus,
1334 1657 1456 1701 singu-

66 1719 152 1755 laris
179 1731 273 1755 crux.
331 1720 369 1755 In
400 1720 478 1754 loeo
514 1724 628 1754 autem
669 1722 838 1754 communi
871 1721 1002 1764 primus
1034 1719 1138 1753 homo
1175 1719 1239 1753 suit
1275 1720 1456 1763 formatus,

67 1787 149 1831 quia.
179 1787 215 1820 in
240 1785 398 1830 partibus
433 1786 503 1820 illis
527 1787 630 1831 juxta
653 1785 859 1821 Damascum
896 1787 930 1820 in
970 1795 1056 1831 agro
1083 1785 1301 1819 Damasceno
1329 1785 1457 1819 dicitur

64 1850 176 1886 fuisse
202 1851 383 1886 formatus.
437 1850 476 1887 In
508 1851 584 1886 loeo
614 1851 760 1896 speciali
797 1851 862 1885 suit
887 1851 1067 1896 sepultus,
1103 1851 1185 1896 quia
1216 1850 1363 1893 ibidem,
1396 1851 1456 1884 ubi

65 1904 225 1951 Christus
252 1927 379 1962 passus
406 1921 470 1959 est,
495 1917 605 1951 Adam
633 1916 761 1951 dicitur
784 1917 894 1951 fuisse
920 1916 1098 1961 sepultus,
1136 1915 1221 1951 lieet
1244 1918 1455 1951 autenticum

62 1992 133 2016 non
157 1983 213 2024 sit,
238 1992 313 2016 cum
339 1982 527 2017 secuudum
544 1982 785 2028 Hieronymum
801 1982 913 2016 Adam
940 1983 975 2015 in
988 1981 1129 2016 Hebron
1155 1986 1271 2016 monte
1295 1982 1454 2027 sepultus

63 2047 148 2089 fuit,
181 2050 271 2082 sicut
293 2049 394 2082 etiam
422 2048 496 2083 Jos.
522 2048 600 2082 XIV
626 2058 795 2092 expresse
820 2047 980 2081 habetur.
1028 2045 1065 2080 In
1090 2046 1167 2080 loeo
1193 2047 1365 2092 singulari
1389 2046 1455 2080 suit

63 2112 242 2157 deceptus,
266 2123 335 2147 non
362 2113 454 2159 quod
480 2115 516 2147 in
538 2113 600 2147 illo
625 2113 735 2158 ligno,
763 2114 797 2146 in
821 2124 890 2158 quo
911 2112 1069 2146 Christus
1095 2122 1222 2156 passus
1249 2115 1314 2153 est,
1340 2110 1453 2145 Adam

61 2178 127 2213 suit
152 2177 332 2223 deceptus,
360 2178 423 2213 sed
449 2190 512 2224 pro
536 2183 633 2213 tanto
663 2178 808 2220 dieitur,
834 2179 916 2223 quia
942 2179 1032 2211 sicut
1057 2176 1167 2211 Adam
1196 2176 1363 2221 deceptus
1387 2176 1453 2211 suit

60 2244 97 2276 in
119 2242 230 2288 ligno,
246 2245 296 2278 ita
315 2243 476 2278 Christus
501 2255 627 2290 passus
649 2244 713 2278 suit
737 2246 772 2277 iu
795 2243 904 2289 ligno.
939 2242 975 2276 In
1001 2241 1150 2287 quadam
1166 2241 1324 2287 hystoria
1340 2242 1448 2277 Grae-

62 2317 179 2341 corum
207 2307 346 2350 dicitur,
372 2309 464 2354 quod
493 2311 526 2343 in
561 2310 694 2345 eodem.
745 2309 868 2344 Tertio
890 2319 932 2343 ex
958 2312 1058 2352 parte
1086 2306 1181 2341 modi
1208 2307 1364 2349 eui-andi,
1392 2310 1449 2352 qui

60 2372 199 2417 quidem
224 2371 347 2406 modus
371 2373 437 2408 fuit
465 2385 529 2418 per
552 2375 679 2409 similia
710 2380 743 2409 et
769 2386 830 2419 per
864 2375 1059 2407 contraria:
1097 2383 1159 2417 per
1183 2372 1330 2406 similia.
1361 2383 1427 2416 quo

58 2439 151 2471 niam
185 2438 275 2471 sicut
309 2437 393 2471 dicit
434 2438 650 2483 Augustinus
677 2442 709 2473 in
745 2440 835 2473 libro
869 2438 912 2471 de
939 2438 1099 2471 doctrina
1136 2437 1348 2477 christiana,
1386 2448 1449 2481 pei·

58 2502 220 2538 seminam
248 2501 427 2547 deceptus,
453 2513 516 2546 per
540 2504 699 2538 feminam
724 2509 826 2538 natus
851 2503 953 2537 homo
977 2501 1146 2542 homines,
1172 2502 1328 2536 mortalis
1354 2513 1439 2536 mor-

56 2567 161 2610 tales,
188 2572 299 2602 moite
323 2572 478 2602 mortuos
505 2567 678 2603 liberavit.
727 2568 952 2602 Ambrosius:
981 2577 1023 2600 ex
1048 2570 1144 2600 terra
1168 2567 1304 2612 virgine
1322 2567 1444 2608 Adam,

58 2631 216 2667 Christus
245 2643 289 2667 ex
312 2634 460 2678 virgine.
508 2632 570 2667 Ille
598 2632 642 2668 ad
666 2634 852 2678 imaginem
872 2632 947 2673 Dei,
974 2630 1029 2664 hic
1053 2632 1168 2677 imago
1187 2630 1263 2674 Dei,
1288 2643 1351 2677 per
1369 2644 1444 2668 mu-

57 2696 176 2732 lierem
202 2696 372 2740 stultitia,
399 2708 463 2743 per
488 2698 664 2733 mulierem
692 2699 883 2743 sapientia,
913 2697 1025 2733 nudus
1052 2697 1172 2740 Adam,
1201 2697 1314 2732 nudus
1342 2697 1441 2732 Chri-
