1742 3005
332 67 427 117 Cap.
451 64 625 103 LXXXl.
682 65 742 104 De
773 71 903 101 sancto
935 63 1111 102 Barnaba
1140 63 1330 114 apostolo.
1443 61 1522 99 349

140 176 174 207 et
206 172 353 206 animam
385 174 478 206 tuam
510 181 573 216 pro
602 171 738 206 nomine
767 180 843 205 meo
869 169 1058 206 tradidisti.
1109 169 1192 204 Cum
1224 178 1311 215 ergo
1336 166 1465 203 Paulus
1490 171 1523 202 et

137 237 319 271 Barnabas
354 236 413 271 diu
447 238 481 271 in
507 236 695 272 Antiochia
720 236 1005 281 praedicassent,
1042 234 1190 281 angelus
1222 244 1359 280 quoque
1394 233 1523 267 domini

137 302 245 337 Paulo
271 303 436 348 apparuit
462 303 602 337 dicens:
633 302 763 337 festina
787 303 905 338 venire
929 301 1124 338 Jerusalem
1140 328 1148 343 ,
1175 302 1258 345 quia
1282 299 1421 345 quidam
1449 299 1521 333 sra-

135 372 190 403 ter
223 368 409 403 adventum
443 372 537 405 tuum
570 368 810 413 praestolatur
842 367 981 402 ibidem.
1030 366 1112 400 Cum
1138 376 1224 411 ergo
1250 365 1431 399 Barnabas
1458 364 1523 409 Cy-

137 445 233 479 prum
258 434 363 470 vellet
387 445 538 480 pergere
567 438 601 469 et
626 438 788 479 parentes
814 443 896 466 suos
924 433 1076 466 invisere
1092 459 1099 473 ,
1128 431 1256 466 Paulus
1281 435 1394 465 autem
1420 430 1521 465 Jeru«

136 500 246 534 salem
279 510 472 545 properare
507 500 632 541 vellet,
668 503 788 533 saneto
822 498 873 531 sic
907 497 1099 542 instigante
1137 498 1262 541 spiritu
1298 496 1342 529 ab
1377 498 1523 530 invicem

137 565 390 601 discesserunt.
437 564 563 599 Verum
588 574 661 598 eum
687 562 815 598 Paulus
842 562 1048 603 Barnabae,
1082 561 1174 607 quod
1201 561 1271 595 sibi
1297 561 1436 595 dixerat
1460 571 1522 595 an—

134 632 257 677 gelus,
291 630 500 671 indicasset,
534 628 717 674 respondit
740 627 923 663 Barnabas
936 638 949 662 ε·
977 627 1037 662 fiat
1061 627 1222 661 voluntas
1250 627 1400 668 domini,
1435 637 1525 661 nune

135 701 246 731 autem
275 696 422 741 Cyprum
450 694 539 729 vado
566 699 600 730 et
625 694 752 729 ibidem
780 696 884 729 vitam
910 693 1033 728 finiens
1058 697 1091 728 te
1117 694 1265 738 amplius
1291 704 1360 727 non
1384 692 1521 727 videbo.

134 761 176 796 Et
210 772 284 796 cum
319 761 406 796 flens
444 762 520 806 ejus
554 760 703 805 pedibus
739 771 777 796 se
810 760 988 794 humiliter
1020 760 1214 801 volutaret,
1249 760 1465 803 compatiens
1491 759 1524 791 ei

133 827 261 862 Paulus
287 827 393 861 dixit:
421 826 493 860 noli
518 826 624 869 flere,
654 827 736 871 qnia
761 827 813 861 sic
839 826 969 861 ‹lomini
998 830 1051 861 est
1078 826 1251 866 voluntas,
1276 835 1354 858 nam
1381 828 1415 858 et
1440 823 1523 856 mihi

134 893 292 928 dominus
319 894 353 926 in
378 892 445 926 hac
471 896 574 927 nocte
601 894 764 936 apparuit
790 892 929 926 dicens:
964 902 1006 926 ne
1033 890 1223 936 prohibeas
1249 890 1445 924 Barnabam
1473 891 1524 923 ire

134 959 304 1004 Cyprum,
333 960 414 1003 quia
439 958 565 992 multos
594 957 722 992 ibidem
749 957 958 991 illuminabit
985 962 1018 992 et
1043 958 1232 991 martirium
1259 955 1520 990 consummabit.

133 1024 289 1070 Pergens
323 1025 432 1070 igitur
464 1022 647 1057 Barnabas
683 1023 831 1068 Cyprum
867 1034 940 1058 cum
974 1022 1132 1058 Johanne
1164 1022 1383 1068 evangelium
1408 1022 1522 1054 sancti

132 1089 306 1124 Matthaei
331 1099 447 1123 secum
472 1088 595 1124 detulit
620 1093 654 1123 et
679 1100 786 1134 snper
814 1088 966 1123 infirmos
993 1099 1125 1133 ponens
1152 1088 1278 1121 multos
1300 1087 1364 1121 Dei
1394 1089 1522 1121 virtute

132 1156 280 1190 sanavit.
330 1155 412 1190 Cum
440 1159 553 1190 autem
580 1155 622 1190 de
651 1155 764 1201 Cypro
793 1157 982 1197 exiissent,
1022 1156 1226 1189 invenerunt
1261 1153 1412 1198 Elymam
1447 1163 1518 1187 ma-

130 1232 233 1268 gum,
260 1232 360 1266 quem
384 1221 514 1256 Paulus
540 1221 668 1256 lumine
696 1222 872 1255 oculorum
899 1221 941 1255 ad
968 1226 1102 1265 tempus
1129 1221 1351 1265 privaverat3
1386 1220 1442 1263 qui
1478 1220 1521 1251 iis

131 1288 262 1322 restitit
285 1292 319 1322 et
347 1287 547 1332 ¹)Paphum
571 1289 701 1322 intrare
719 1287 908 1331 prohibuit.
956 1287 1020 1321 Die
1042 1288 1150 1331 igitur
1167 1285 1314 1331 quadam
1333 1285 1419 1317 vidit
1432 1284 1518 1317 Bar-

130 1352 241 1386 nabas
266 1352 423 1386 homines
450 1357 484 1386 et
508 1353 671 1386 mulieres
697 1352 1012 1387 nudas-cumines
1049 1356 1083 1386 et
1118 1353 1167 1385 sic
1204 1361 1269 1385 sua
1291 1351 1384 1384 festa
1407 1360 1517 1395 agen<

129 1422 207 1460 tes,
231 1417 323 1452 unde
350 1417 552 1463 indignatus
578 1418 707 1462 templo
735 1418 914 1453 maledeit
940 1424 973 1453 et
997 1418 1112 1452 subito
1140 1428 1222 1463 pars
1249 1418 1324 1461 ejus
1353 1427 1519 1451 corruens

131 1483 257 1517 multos
285 1485 474 1528 oppressit.
525 1483 681 1518 Tandem
708 1484 918 1518 Salaminam
937 1485 1078 1519 devenit
1100 1487 1133 1517 et
1156 1483 1283 1517 ibidem
1300 1486 1422 1515 eontra
1444 1492 1519 1515 enni

129 1548 331 1594 praedictus
349 1558 472 1595 magus
488 1549 693 1584 seditionem
712 1560 779 1583 non
798 1550 967 1584 modicam
982 1550 1157 1591 excitavit⁷
1185 1547 1520 1592 eomprehendentes

131 1617 239 1662 igitur
263 1615 389 1651 Judaei
416 1614 610 1649 Barnabam
646 1616 763 1649 multis
789 1616 948 1650 affectum
976 1616 1114 1661 injuriis
1140 1614 1327 1649 trahebant
1352 1618 1387 1648 et
1406 1613 1520 1659 judici

129 1682 280 1716 civitatis
297 1680 507 1726 puniendum
534 1681 675 1716 tradere
696 1681 922 1717 festinabant.
973 1681 1158 1726 Comperto
1181 1685 1308 1723 autem,
1336 1681 1428 1726 quod
1448 1680 1517 1715 Eu-

128 1746 249 1781 sebius
286 1748 339 1781 vir
373 1757 520 1792 magnus
556 1751 589 1782 et
623 1751 748 1792 potens
786 1748 829 1782 de
862 1758 994 1793 genere
1020 1746 1169 1782 Neronis
1196 1747 1278 1780 illue
1304 1746 1517 1786 advenisset,

125 1814 313 1847 timuerunt
346 1812 487 1855 Judaei,
520 1824 563 1847 ne
589 1814 700 1858 ipsum
733 1813 777 1848 de
809 1813 968 1848 manibus
1004 1824 1122 1849 eorum
1149 1815 1303 1858 eriperet
1336 1816 1445 1848 etsie
1474 1814 1515 1848 li-

127 1877 246 1914 berum
271 1877 370 1913 abire
395 1880 633 1923 permitteret,
667 1879 820 1926 ligantes
856 1881 963 1926 igitur
997 1880 1111 1914 funem
1135 1882 1169 1914 in
1194 1880 1285 1914 eollo
1313 1881 1389 1925 ejus
1419 1885 1518 1915 extra

126 1947 263 1989 portam
287 1955 362 1979 eum
393 1948 574 1979 traxerunt
601 1949 635 1980 et
659 1945 789 1980 ibidem
819 1956 896 1981 eum
928 1947 1087 1991 protinus
1122 1946 1398 1981 combusserunt.
1447 1946 1517 1981 De-

126 2009 231 2054 nique
256 2018 322 2043 nee
347 2010 399 2042 sio
422 2010 519 2054 impii
542 2009 668 2045 Judaei
693 2012 813 2045 satiati
841 2022 924 2046 ossa
950 2013 1027 2057 ejus
1054 2014 1089 2047 in
1116 2012 1265 2058 quodam
1293 2023 1379 2047 vase
1404 2012 1514 2057 plum-

125 2073 193 2109 beo
221 2074 439 2108 recluserunt
465 2074 499 2107 in
527 2084 621 2109 mare
647 2075 767 2109 eadem
794 2078 1029 2121 praecipitare
1053 2078 1225 2119 volentes,
1247 2077 1426 2112 Johannes
1452 2088 1515 2111 au—

124 2142 193 2174 tem
220 2139 412 2184 discipulus
442 2140 519 2184 ejus
545 2150 619 2174 eum
649 2139 784 2174 duobus
810 2140 891 2175 aliis
918 2141 960 2176 de
995 2146 1097 2177 noete
1131 2152 1348 2187 consurgens
1382 2152 1424 2176 ea
1457 2152 1515 2177 ra-

124 2206 202 2249 puit
233 2209 267 2240 et
299 2206 333 2239 in
368 2205 516 2250 quadam
550 2210 671 2250 crypta
704 2206 837 2240 occulte
864 2206 1046 2250 sepelivit,
1082 2218 1172 2253 quae
1208 2207 1356 2250 ibidem,
1391 2212 1429 2242 ut
1465 2210 1515 2243 ait

125 2269 334 2315 Sigbertus,
359 2281 470 2316 usque
496 2271 542 2305 ad
565 2276 725 2316 tempora
755 2271 907 2306 Zenonis
928 2273 1155 2317 ¹imperatoris
1184 2278 1217 2308 et
1243 2273 1374 2309 Gelasii
1400 2285 1514 2319 papae

125 2339 160 2370 et
192 2345 303 2380 usque
341 2335 385 2369 ad
418 2346 542 2371 annum
569 2337 700 2371 domini
724 2337 750 2371 D
781 2337 980 2381 latuerunt,
1021 2338 1084 2373 sed
1116 2343 1195 2373 tunc
1228 2340 1304 2384 ipso
1338 2340 1514 2374 revelante

123 2404 265 2445 reperta
310 2400 459 2436 suerunt.
507 2401 638 2436 Beatus
674 2406 789 2437 autem
821 2402 1022 2438 Dorotheus
1063 2405 1115 2438 sie
1146 2406 1213 2438 ait:
1261 2404 1443 2439 Barnabas
1479 2406 1513 2439 in

122 2464 232 2500 Roma
254 2465 428 2501 Christum
455 2467 600 2511 primum
629 2468 868 2514 praedicavit,
896 2470 1081 2513 episeopus
1106 2468 1300 2504 Mediolani
1326 2469 1451 2507 sactus.

190 2612 216 2644 1)
235 2613 346 2640 necent
365 2612 466 2645 legunt
485 2612 650 2640 Paulum.
