1742 3005
280 71 362 110 820
421 72 516 122 Cap.
548 69 735 107 CLXXX.
795 69 852 105 De
883 69 1021 104 sanctis
1053 68 1229 106 Barlaam
1261 79 1298 107 et
1326 69 1522 120 Josapbat.

284 176 443 210 Barlaam
476 174 688 214 obtinuerit,
725 171 827 206 robis
853 171 1055 214 credentum,
1088 174 1118 206 si
1144 176 1256 206 autem
1291 175 1418 215 nostri,
1453 173 1554 208 nobis
1578 183 1661 207 con-

281 240 451 274 sentietis
502 238 603 278 Quod
629 248 703 272 cum
731 240 827 284 regis
854 238 925 272 lilio
954 239 1145 284 placuisset
1169 242 1204 272 et
1228 238 1278 271 illi
1303 247 1377 271 cum
1395 239 1556 272 simulato
1576 239 1662 273 Bar-

282 306 371 338 laam
413 303 660 344 ordinassent,
707 303 882 349 quomodo
925 306 1021 349 prius
1062 303 1208 338 deberet
1250 303 1432 346 simulare,
1485 313 1522 338 se
1563 303 1662 338 iidem

281 369 550 403 christianorum
586 369 776 404 defendere
808 374 842 404 et
873 374 997 414 postea
1029 381 1068 405 se
1099 370 1302 414 promittere
1327 370 1509 413 superari,
1545 379 1662 404 omnes

278 434 418 470 insimul
452 439 700 469 convenerunt.
751 435 949 470 Conversus
984 437 1092 481 igitur
1117 434 1290 479 Josaphat
1322 434 1364 468 ad
1393 433 1532 468 Nachor
1557 434 1663 469 dixit:

279 503 391 541 nosti,
418 512 437 535 ο
463 500 647 541 Barlaam,
676 502 828 547 qualiter
851 513 902 536 me
930 502 1100 541 docuisti3
1135 502 1164 534 si
1192 501 1301 545 igitur
1327 499 1449 542 fidem,
1484 510 1583 545 quam
1611 510 1663 534 me

280 568 452 610 docuisti,
486 565 704 608 defenderis,
739 568 772 600 in
806 567 963 602 ‹loen-ina
992 572 1050 601 tua
1078 578 1189 612 nsque
1213 566 1256 600 ad
1285 566 1381 600 finem
1411 568 1501 600 vitae
1528 575 1662 609 perma-

279 633 392 674 nebo,
430 634 460 666 si
491 636 603 665 autem
637 617 826 676 superatus⁴
858 632 983 674 fueris,
1018 635 1133 666 statim
1167 634 1199 665 in
1227 636 1260 665 te
1286 642 1394 665 meam
1421 632 1664 666 contumeliam

279 696 464 732 vindicabo
492 701 526 730 et
551 706 612 729 eor
636 701 728 729 tuum
757 701 791 730 et
816 698 969 742 linguam
996 699 1152 731 manibus
1179 696 1365 731 extrahens
1392 698 1482 732 dabo
1501 698 1661 739 canibus,

277 775 320 799 ne
345 763 406 797 alii
432 761 580 806 amplius
607 766 851 806 praesumant,
887 761 977 795 filios
1009 773 1128 807 regum
1164 764 1198 796 in
1229 773 1380 796 errorem
1407 765 1553 797 mittere.
1603 763 1661 796 His

277 830 407 865 auditis
433 826 575 861 Naehor
598 828 710 861 tristis
737 832 770 861 et
797 827 943 872 pavidus
972 827 1194 862 vehementer
1220 828 1331 861 faetus
1367 832 1440 870 est,
1476 829 1596 862 videns
1624 839 1661 862 se

277 899 389 941 ipsum
417 895 450 927 in
476 892 630 933 foveam,
658 903 758 937 quam
786 893 886 935 feeit,
921 892 1096 927 decidisse
1122 898 1156 928 et
1181 893 1309 938 laqueo
1339 904 1402 927 sno
1433 893 1659 938 eomprehen-

277 972 351 996 sum
384 970 476 995 esse.
533 957 824 992 Animadvertens
863 959 972 1004 igitur
1008 961 1173 1004 cognovit
1205 959 1328 993 melius
1363 970 1464 1001 esse,
1505 959 1575 993 lilio
1608 960 1662 992 sni

276 1028 373 1071 regis
399 1024 613 1064 adhaerere,
650 1027 688 1056 ut
721 1024 910 1067 perieulum
945 1026 1066 1058 mortis
1093 1025 1245 1059 evadere
1270 1029 1402 1069 posset.
1450 1024 1521 1059 Rex
1548 1029 1660 1059 autem

277 1092 345 1126 sibi
377 1090 490 1134 palam
529 1088 684 1130 dixerat,
720 1093 757 1122 ut
793 1088 891 1122 iidem
913 1100 1021 1123 *suam
1049 1091 1123 1124 sine
1149 1092 1273 1125 timore
1301 1090 1518 1126 defenderet.
1567 1090 1660 1125 Unus

276 1168 362 1203 ergo
396 1155 573 1189 rhetorum
609 1164 758 1199 surgens
785 1153 888 1188 dixit:
923 1158 959 1188 tu
987 1165 1024 1189 es
1050 1155 1232 1197 Bai-laam,
1267 1158 1324 1201 qui
1352 1156 1454 1190 lilium
1482 1157 1577 1202 regis
1603 1166 1659 1190 se-

277 1222 436 1257 duxisti?
484 1219 529 1254 Et
554 1220 631 1255 ille:
663 1230 730 1265 ego
764 1230 836 1253 snm
873 1220 1053 1263 Barlaam‚
1087 1222 1143 1265 qui
1179 1221 1283 1254 lilium
1318 1224 1413 1267 regis
1447 1223 1479 1255 in
1506 1232 1658 1256 errorem

276 1299 343 1323 non
370 1288 470 1329 misi,
496 1286 557 1321 sed
582 1286 626 1320 ab
657 1296 776 1320 errore
803 1285 962 1321 liberavi.
1013 1286 1055 1321 Et
1080 1286 1217 1321 rhetor:
1252 1298 1325 1320 enm
1353 1288 1469 1321 eximii
1498 1292 1530 1321 et
1555 1288 1658 1320 mira-

274 1354 365 1389 biles
398 1354 464 1387 viri
497 1352 590 1386 Deos
627 1356 768 1385 nostros
804 1351 1061 1394 adoraverunt,
1102 1352 1276 1397 quomodo
1301 1357 1353 1386 *tu
1393 1352 1561 1386 adversus
1597 1363 1658 1387 eos

275 1420 385 1454 audes
411 1418 624 1464 insurgere?
671 1416 713 1451 Et
739 1417 1042 1462 ille-respondens
1069 1419 1133 1451 ait:
1161 1417 1351 1458 Chaldaei,
1381 1417 1502 1452 Graeci
1530 1422 1564 1451 et
1588 1417 1657 1452 Ae-

274 1487 387 1532 gyptii
423 1488 580 1518 errantes
609 1488 789 1518 creaturas
822 1484 915 1518 Deos
951 1494 1031 1518 esse
1065 1483 1243 1525 dixerunt,
1282 1494 1357 1517 nam
1388 1483 1556 1518 Chaldaei
1585 1484 1657 1518 ele·

274 1555 389 1585 menta
413 1550 506 1585 Deos
532 1559 611 1583 esse
637 1549 798 1583 arbitrati
824 1554 919 1591 sunt,
954 1561 1027 1584 eum
1061 1554 1180 1584 ereata
1212 1551 1281 1583 sint
1312 1549 1354 1583 ad
1383 1550 1567 1584 utilitatem
1595 1549 1656 1583 ho-

272 1618 418 1657 minum,
452 1619 489 1649 ut
523 1625 638 1649 eorum
677 1614 907 1648 dominationi
950 1615 1159 1661 subJaceant
1202 1620 1235 1650 et
1278 1616 1393 1649 multis
1432 1615 1657 1660 passionibus

270 1687 545 1726 corrumpantur.
596 1679 720 1714 Graeci
747 1691 884 1725 quoque
912 1681 1083 1715 nefandos
1112 1681 1268 1715 homines
1290 1681 1382 1715 Deos
1409 1685 1543 1726 putant,
1569 1683 1658 1715 sieut

271 1749 469 1788 Saturnum,
497 1756 594 1790 quem
612 1747 709 1790 ajunt
727 1745 816 1779 tilios
837 1756 919 1779 suos
941 1746 1137 1780 comedisse
1164 1751 1197 1780 et
1224 1747 1339 1781 virilia
1364 1747 1431 1780 sibi
1458 1746 1655 1780 abscidisse

270 1817 304 1847 et
328 1814 359 1845 in
387 1821 480 1845 mare
512 1811 708 1855 projecisse
744 1816 778 1845 et
804 1811 970 1845 Venerem
998 1811 1077 1845 inde
1104 1816 1218 1844 natam
1252 1822 1344 1852 esse,
1368 1822 1389 1844 a
1416 1811 1486 1845 lilio
1517 1822 1655 1856 quoque

269 1888 333 1912 suo
351 1877 438 1911 Jove
454 1876 634 1919 alligatum
652 1880 685 1909 et
704 1878 737 1910 in
757 1880 923 1910 tartarum
945 1877 1136 1920 projectum
1159 1886 1248 1910 esse.
1282 1875 1418 1920 Jupiter
1438 1887 1575 1921 quoque
1593 1887 1652 1910 rex

268 1943 414 1976 aliorum
443 1942 588 1975 Deorum
616 1951 695 1974 esse
727 1941 957 1983 describitur,
994 1953 1093 1987 quem
1124 1946 1237 1976 tamen
1271 1943 1303 1975 in
1337 1942 1502 1976 animalia
1537 1947 1651 1976 trans-

267 2009 450 2041 formatum
480 2017 588 2050 saepe
613 2006 742 2047 ‹tu-unt,
769 2011 805 2040 ut
831 2007 1006 2041 adulteria
1032 2009 1272 2041 committeret.
1323 2007 1488 2042 Venerem
1515 2019 1651 2054 quoque

266 2074 372 2107 Deam
400 2072 592 2105 adulteram
620 2081 699 2105 esse
727 2071 858 2114 (licant,
887 2082 963 2106 nam
991 2072 1180 2117 aliquando
1209 2072 1332 2115 habuit
1353 2073 1530 2107 moechum
1551 2074 1649 2109 Mar-

265 2145 344 2180 tem,
367 2137 554 2183 aliqnando
570 2137 775 2172 Adonidem.
806 2138 970 2182 Aegyptii
990 2143 1102 2172 autem
1122 2138 1286 2172 animalia
1303 2139 1496 2180 coluerunt,
1516 2140 1651 2175 scilicet

266 2215 385 2245 ovem,
419 2203 581 2244 vitulum,
618 2213 759 2246 porcum
788 2207 821 2238 et
846 2203 1058 2248 hujusmodi.
1109 2203 1300 2237 Christiani
1327 2208 1440 2245 autem
1466 2205 1569 2238 tilium
1595 2205 1647 2238 al-

261 2270 387 2303 tissimi
413 2268 549 2309 colunt,
584 2269 641 2312 qui
677 2268 719 2302 de
743 2268 844 2302 coelo
870 2268 1051 2303 deseendit
1076 2273 1109 2303 et
1134 2279 1270 2303 earnem
1297 2272 1472 2304 assumsit.
1524 2272 1649 2316 Coepit

262 2336 371 2380 igitur
399 2333 538 2368 Naehor
563 2333 662 2367 tidem
691 2333 959 2367 ehristianorum
987 2335 1166 2368 evidenter
1193 2334 1384 2371 defendere
1401 2341 1435 2371 et
1452 2336 1646 2371 rationibus

263 2400 492 2439 communire,
520 2400 567 2432 ita
593 2400 683 2443 quod
712 2399 871 2433 rhetores
899 2399 947 2432 illi
975 2401 1057 2433 muti
1083 2400 1197 2435 effecti
1223 2401 1308 2435 nihil
1336 2403 1474 2435 omnino
1501 2413 1645 2447 respon-

261 2466 344 2499 dere
376 2466 562 2500 sciverunt.
610 2464 784 2509 ,iosaphat
819 2466 926 2509 igitur
959 2465 1183 2500 uehementer
1214 2466 1433 2509 exsultabat,
1477 2478 1518 2502 eo
1552 2466 1642 2512 qnod

259 2531 418 2564 dominus
454 2541 517 2575 per
548 2531 718 2563 inimicum
756 2531 914 2564 veritatis
953 2533 1131 2565 veritatem
1168 2532 1402 2575 defendisset,
1441 2543 1500 2566 rex
1528 2535 1641 2565 autem

259 2596 375 2628 surore
403 2596 555 2640 repletus
582 2600 645 2630 est.
693 2595 805 2630 ,lussit
832 2597 939 2641 igitur
966 2597 1145 2631 eonsilium
1176 2597 1343 2638 dissolvi,
1381 2597 1480 2642 qnasi
1515 2596 1557 2630 do
1587 2597 1641 2631 his

257 2661 414 2704 sequenti
428 2661 482 2694 die
498 2661 610 2695 denuo
625 2665 847 2704 tractaturnS,
867 2661 1208 2707 dixitqueJosaphat
1224 2664 1332 2707 patri:
1355 2668 1415 2696 aut
1433 2663 1635 2707 magistrum
