<?xml version="1.0" encoding="UTF-8"?>
<!DOCTYPE html PUBLIC "-//W3C//DTD XHTML 1.0 Transitional//EN"
    "http://www.w3.org/TR/xhtml1/DTD/xhtml1-transitional.dtd">
<html xmlns="http://www.w3.org/1999/xhtml" xml:lang="en" lang="en">
 <head>
  <title>
</title>
<meta http-equiv="Content-Type" content="text/html;charset=utf-8" />
  <meta name='ocr-system' content='tesseract 3.04.00' />
  <meta name='ocr-capabilities' content='ocr_page ocr_carea ocr_par ocr_line ocrx_word'/>
</head>
<body>
  <div class='ocr_page' id='page_1' title='image "./legendaaureavulg00jacouoft_0055.png"; bbox 0 0 1742 3005; ppageno 0'>
   <div class='ocr_carea' id='block_1_1' title="bbox 221 85 1486 138">
    <p class='ocr_par' dir='ltr' id='par_1_1' title="bbox 221 85 1486 138">
     <span class='ocr_line' id='line_1_1' title="bbox 221 85 1486 138; baseline 0 -13"><span class='ocrx_word' id='word_1_1' title='bbox 221 90 316 138; x_wconf 82' lang='lat' dir='ltr'><strong>Cap.</strong></span> <span class='ocrx_word' id='word_1_2' title='bbox 347 87 408 124; x_wconf 82' lang='lat' dir='ltr'><strong>Vl.</strong></span> <span class='ocrx_word' id='word_1_3' title='bbox 469 87 526 124; x_wconf 85' lang='lat' dir='ltr'><strong>De</strong></span> <span class='ocrx_word' id='word_1_4' title='bbox 557 86 747 123; x_wconf 79' lang='lat' dir='ltr'>nativitate</span> <span class='ocrx_word' id='word_1_5' title='bbox 777 85 920 122; x_wconf 84' lang='lat' dir='ltr'><strong>domini</strong></span> <span class='ocrx_word' id='word_1_6' title='bbox 951 87 1068 122; x_wconf 81' lang='lat' dir='ltr'><strong>nostri</strong></span> <span class='ocrx_word' id='word_1_7' title='bbox 1098 88 1188 122; x_wconf 80' lang='lat' dir='ltr'><strong>Jesu</strong></span> <span class='ocrx_word' id='word_1_8' title='bbox 1222 88 1372 124; x_wconf 73' lang='lat' dir='ltr'><strong>Christi.</strong></span> <span class='ocrx_word' id='word_1_9' title='bbox 1442 90 1486 125; x_wconf 65' lang='lat' dir='ltr'><strong>ti</strong></span> 
     </span>
    </p>
   </div>
   <div class='ocr_carea' id='block_1_2' title="bbox 111 190 1519 2729">
    <p class='ocr_par' dir='ltr' id='par_1_2' title="bbox 111 190 1519 2729">
     <span class='ocr_line' id='line_1_2' title="bbox 112 190 1494 237; baseline -0.001 -10"><span class='ocrx_word' id='word_1_10' title='bbox 112 193 191 227; x_wconf 85' lang='lat' dir='ltr'><strong>bilis</strong></span> <span class='ocrx_word' id='word_1_11' title='bbox 218 202 296 227; x_wconf 90' lang='lat' dir='ltr'><strong>esse</strong></span> <span class='ocrx_word' id='word_1_12' title='bbox 324 191 460 232; x_wconf 81' lang='lat' dir='ltr'><strong>dicitur,</strong></span> <span class='ocrx_word' id='word_1_13' title='bbox 486 192 662 235; x_wconf 88' lang='lat' dir='ltr'><strong>provisum</strong></span> <span class='ocrx_word' id='word_1_14' title='bbox 688 196 762 227; x_wconf 82' lang='lat' dir='ltr'><strong>est,</strong></span> <span class='ocrx_word' id='word_1_15' title='bbox 791 195 825 224; x_wconf 86' lang='lat' dir='ltr'><strong>ut</strong></span> <span class='ocrx_word' id='word_1_16' title='bbox 850 193 882 224; x_wconf 93' lang='lat' dir='ltr'><strong>in</strong></span> <span class='ocrx_word' id='word_1_17' title='bbox 909 200 951 225; x_wconf 85' lang='lat' dir='ltr'><strong>ea</strong></span> <span class='ocrx_word' id='word_1_18' title='bbox 976 190 1198 225; x_wconf 75' lang='lat' dir='ltr'>inchoaretur</span> <span class='ocrx_word' id='word_1_19' title='bbox 1223 196 1256 226; x_wconf 85' lang='lat' dir='ltr'><strong>et</strong></span> <span class='ocrx_word' id='word_1_20' title='bbox 1281 192 1406 226; x_wconf 83' lang='lat' dir='ltr'><strong>deiude</strong></span> <span class='ocrx_word' id='word_1_21' title='bbox 1433 204 1494 237; x_wconf 62' lang='lat' dir='ltr'><strong>per</strong></span> 
     </span>
     <span class='ocr_line' id='line_1_3' title="bbox 111 256 1493 303; baseline -0.001 -11"><span class='ocrx_word' id='word_1_22' title='bbox 111 259 372 292; x_wconf 79' lang='lat' dir='ltr'><strong>circumstantes</strong></span> <span class='ocrx_word' id='word_1_23' title='bbox 398 259 563 303; x_wconf 80' lang='lat' dir='ltr'>regiones</span> <span class='ocrx_word' id='word_1_24' title='bbox 590 261 622 291; x_wconf 90' lang='lat' dir='ltr'><strong>et</strong></span> <span class='ocrx_word' id='word_1_25' title='bbox 650 257 709 290; x_wconf 90' lang='lat' dir='ltr'><strong>alii</strong></span> <span class='ocrx_word' id='word_1_26' title='bbox 735 256 920 301; x_wconf 79' lang='lat' dir='ltr'>praesides</span> <span class='ocrx_word' id='word_1_27' title='bbox 958 261 1263 301; x_wconf 80' lang='lat' dir='ltr'><strong>prosequerentur.</strong></span> <span class='ocrx_word' id='word_1_28' title='bbox 1334 257 1396 293; x_wconf 84' lang='lat' dir='ltr'><strong>Vel</strong></span> <span class='ocrx_word' id='word_1_29' title='bbox 1423 260 1493 302; x_wconf 54' lang='lat' dir='ltr'><strong>prb</strong></span> 
     </span>
     <span class='ocr_line' id='line_1_4' title="bbox 112 323 1494 367; baseline -0.001 -9"><span class='ocrx_word' id='word_1_30' title='bbox 112 334 166 358; x_wconf 90' lang='lat' dir='ltr'><strong>ma</strong></span> <span class='ocrx_word' id='word_1_31' title='bbox 190 323 315 358; x_wconf 86' lang='lat' dir='ltr'><strong>dicitur</strong></span> <span class='ocrx_word' id='word_1_32' title='bbox 339 323 570 364; x_wconf 86' lang='lat' dir='ltr'><strong>universalis,</strong></span> <span class='ocrx_word' id='word_1_33' title='bbox 624 323 706 367; x_wconf 86' lang='lat' dir='ltr'><strong>quia</strong></span> <span class='ocrx_word' id='word_1_34' title='bbox 731 323 822 357; x_wconf 87' lang='lat' dir='ltr'><strong>aliae</strong></span> <span class='ocrx_word' id='word_1_35' title='bbox 848 326 1114 367; x_wconf 84' lang='lat' dir='ltr'><strong>praecesserunt</strong></span> <span class='ocrx_word' id='word_1_36' title='bbox 1141 324 1383 367; x_wconf 79' lang='lat' dir='ltr'><strong>particulares.</strong></span> <span class='ocrx_word' id='word_1_37' title='bbox 1433 324 1494 359; x_wconf 74' lang='lat' dir='ltr'><strong>Vel</strong></span> 
     </span>
     <span class='ocr_line' id='line_1_5' title="bbox 114 387 1495 434; baseline 0 -11"><span class='ocrx_word' id='word_1_38' title='bbox 114 390 204 424; x_wconf 80' lang='lat' dir='ltr'><strong>sorte</strong></span> <span class='ocrx_word' id='word_1_39' title='bbox 228 390 340 434; x_wconf 91' lang='lat' dir='ltr'><strong>prima</strong></span> <span class='ocrx_word' id='word_1_40' title='bbox 362 389 513 433; x_wconf 84' lang='lat' dir='ltr'><strong>capitum</strong></span> <span class='ocrx_word' id='word_1_41' title='bbox 542 389 575 421; x_wconf 90' lang='lat' dir='ltr'><strong>in</strong></span> <span class='ocrx_word' id='word_1_42' title='bbox 601 389 742 421; x_wconf 77' lang='lat' dir='ltr'><strong>civitate</strong></span> <span class='ocrx_word' id='word_1_43' title='bbox 770 388 876 421; x_wconf 84' lang='lat' dir='ltr'><strong>fiebat</strong></span> <span class='ocrx_word' id='word_1_44' title='bbox 902 397 922 421; x_wconf 88' lang='lat' dir='ltr'><strong>a</strong></span> <span class='ocrx_word' id='word_1_45' title='bbox 948 387 1130 432; x_wconf 79' lang='lat' dir='ltr'><strong>praeside,</strong></span> <span class='ocrx_word' id='word_1_46' title='bbox 1184 388 1337 423; x_wconf 84' lang='lat' dir='ltr'><strong>secunda</strong></span> <span class='ocrx_word' id='word_1_47' title='bbox 1371 391 1495 423; x_wconf 61' lang='lat' dir='ltr'><strong>civitau</strong></span> 
     </span>
     <span class='ocr_line' id='line_1_6' title="bbox 113 453 1495 499; baseline 0.001 -11"><span class='ocrx_word' id='word_1_48' title='bbox 113 458 181 488; x_wconf 84' lang='lat' dir='ltr'><strong>tum</strong></span> <span class='ocrx_word' id='word_1_49' title='bbox 208 456 243 488; x_wconf 90' lang='lat' dir='ltr'><strong>in</strong></span> <span class='ocrx_word' id='word_1_50' title='bbox 270 455 414 499; x_wconf 80' lang='lat' dir='ltr'><strong>regione</strong></span> <span class='ocrx_word' id='word_1_51' title='bbox 441 463 462 487; x_wconf 85' lang='lat' dir='ltr'><strong>a</strong></span> <span class='ocrx_word' id='word_1_52' title='bbox 484 454 604 499; x_wconf 79' lang='lat' dir='ltr'><strong>legato</strong></span> <span class='ocrx_word' id='word_1_53' title='bbox 631 453 815 493; x_wconf 74' lang='lat' dir='ltr'><strong>Caesaris,</strong></span> <span class='ocrx_word' id='word_1_54' title='bbox 867 454 970 487; x_wconf 86' lang='lat' dir='ltr'><strong>tertia</strong></span> <span class='ocrx_word' id='word_1_55' title='bbox 995 454 1175 497; x_wconf 85' lang='lat' dir='ltr'><strong>regionum</strong></span> <span class='ocrx_word' id='word_1_56' title='bbox 1209 455 1243 486; x_wconf 90' lang='lat' dir='ltr'><strong>in</strong></span> <span class='ocrx_word' id='word_1_57' title='bbox 1268 454 1353 489; x_wconf 90' lang='lat' dir='ltr'><strong>urhe</strong></span> <span class='ocrx_word' id='word_1_58' title='bbox 1380 466 1495 489; x_wconf 90' lang='lat' dir='ltr'><strong>coram</strong></span> 
     </span>
     <span class='ocr_line' id='line_1_7' title="bbox 115 516 1495 563; baseline 0 -9"><span class='ocrx_word' id='word_1_59' title='bbox 115 521 278 554; x_wconf 80' lang='lat' dir='ltr'><strong>Caesare.</strong></span> <span class='ocrx_word' id='word_1_60' title='bbox 325 518 457 563; x_wconf 85' lang='lat' dir='ltr'><strong>Joseph</strong></span> <span class='ocrx_word' id='word_1_61' title='bbox 484 522 597 552; x_wconf 89' lang='lat' dir='ltr'><strong>autem</strong></span> <span class='ocrx_word' id='word_1_62' title='bbox 622 527 695 550; x_wconf 88' lang='lat' dir='ltr'><strong>cum</strong></span> <span class='ocrx_word' id='word_1_63' title='bbox 723 521 817 551; x_wconf 89' lang='lat' dir='ltr'><strong>esset</strong></span> <span class='ocrx_word' id='word_1_64' title='bbox 842 517 884 552; x_wconf 85' lang='lat' dir='ltr'><strong>de</strong></span> <span class='ocrx_word' id='word_1_65' title='bbox 914 527 1043 562; x_wconf 80' lang='lat' dir='ltr'><strong>genere</strong></span> <span class='ocrx_word' id='word_1_66' title='bbox 1077 516 1189 551; x_wconf 73' lang='lat' dir='ltr'><strong>David</strong></span> <span class='ocrx_word' id='word_1_67' title='bbox 1216 528 1236 551; x_wconf 91' lang='lat' dir='ltr'><strong>a</strong></span> <span class='ocrx_word' id='word_1_68' title='bbox 1262 519 1436 554; x_wconf 79' lang='lat' dir='ltr'><strong>Nasareth</strong></span> <span class='ocrx_word' id='word_1_69' title='bbox 1464 523 1495 554; x_wconf 86' lang='lat' dir='ltr'><strong>in</strong></span> 
     </span>
     <span class='ocr_line' id='line_1_8' title="bbox 114 582 1497 629; baseline -0.001 -10"><span class='ocrx_word' id='word_1_70' title='bbox 114 584 290 619; x_wconf 82' lang='lat' dir='ltr'><strong>Betlehem</strong></span> <span class='ocrx_word' id='word_1_71' title='bbox 317 584 495 628; x_wconf 79' lang='lat' dir='ltr'><strong>profectus</strong></span> <span class='ocrx_word' id='word_1_72' title='bbox 515 587 578 617; x_wconf 87' lang='lat' dir='ltr'><strong>est.</strong></span> <span class='ocrx_word' id='word_1_73' title='bbox 615 583 697 617; x_wconf 88' lang='lat' dir='ltr'><strong>Cum</strong></span> <span class='ocrx_word' id='word_1_74' title='bbox 722 587 836 616; x_wconf 86' lang='lat' dir='ltr'><strong>autem</strong></span> <span class='ocrx_word' id='word_1_75' title='bbox 860 582 985 617; x_wconf 90' lang='lat' dir='ltr'><strong>beatae</strong></span> <span class='ocrx_word' id='word_1_76' title='bbox 1013 582 1150 617; x_wconf 83' lang='lat' dir='ltr'><strong>Mariae</strong></span> <span class='ocrx_word' id='word_1_77' title='bbox 1176 587 1312 628; x_wconf 86' lang='lat' dir='ltr'><strong>tempus</strong></span> <span class='ocrx_word' id='word_1_78' title='bbox 1339 586 1497 629; x_wconf 82' lang='lat' dir='ltr'><strong>pariendi</strong></span> 
     </span>
     <span class='ocr_line' id='line_1_9' title="bbox 115 648 1497 694; baseline 0.001 -11"><span class='ocrx_word' id='word_1_79' title='bbox 115 651 261 684; x_wconf 82' lang='lat' dir='ltr'><strong>instaret</strong></span> <span class='ocrx_word' id='word_1_80' title='bbox 285 653 318 683; x_wconf 90' lang='lat' dir='ltr'><strong>et</strong></span> <span class='ocrx_word' id='word_1_81' title='bbox 343 650 419 693; x_wconf 89' lang='lat' dir='ltr'><strong>ipse</strong></span> <span class='ocrx_word' id='word_1_82' title='bbox 446 648 488 682; x_wconf 87' lang='lat' dir='ltr'><strong>de</strong></span> <span class='ocrx_word' id='word_1_83' title='bbox 519 659 581 682; x_wconf 89' lang='lat' dir='ltr'><strong>suo</strong></span> <span class='ocrx_word' id='word_1_84' title='bbox 606 648 720 682; x_wconf 88' lang='lat' dir='ltr'><strong>reditu</strong></span> <span class='ocrx_word' id='word_1_85' title='bbox 746 650 907 690; x_wconf 86' lang='lat' dir='ltr'><strong>nesciret,</strong></span> <span class='ocrx_word' id='word_1_86' title='bbox 949 659 1023 683; x_wconf 91' lang='lat' dir='ltr'><strong>eam</strong></span> <span class='ocrx_word' id='word_1_87' title='bbox 1050 658 1165 683; x_wconf 86' lang='lat' dir='ltr'><strong>secum</strong></span> <span class='ocrx_word' id='word_1_88' title='bbox 1191 651 1379 694; x_wconf 78' lang='lat' dir='ltr'><strong>assumpsit</strong></span> <span class='ocrx_word' id='word_1_89' title='bbox 1405 655 1439 684; x_wconf 88' lang='lat' dir='ltr'><strong>et</strong></span> <span class='ocrx_word' id='word_1_90' title='bbox 1465 653 1497 684; x_wconf 90' lang='lat' dir='ltr'><strong>in</strong></span> 
     </span>
     <span class='ocr_line' id='line_1_10' title="bbox 115 714 1498 756; baseline 0.001 -7"><span class='ocrx_word' id='word_1_91' title='bbox 115 715 291 750; x_wconf 86' lang='lat' dir='ltr'><strong>Betlehem</strong></span> <span class='ocrx_word' id='word_1_92' title='bbox 318 725 434 749; x_wconf 88' lang='lat' dir='ltr'><strong>secum</strong></span> <span class='ocrx_word' id='word_1_93' title='bbox 459 714 576 756; x_wconf 83' lang='lat' dir='ltr'><strong>duxit,</strong></span> <span class='ocrx_word' id='word_1_94' title='bbox 610 714 730 748; x_wconf 89' lang='lat' dir='ltr'><strong>nolens</strong></span> <span class='ocrx_word' id='word_1_95' title='bbox 757 714 957 748; x_wconf 85' lang='lat' dir='ltr'><strong>thesaurum</strong></span> <span class='ocrx_word' id='word_1_96' title='bbox 984 714 1051 748; x_wconf 90' lang='lat' dir='ltr'><strong>sibi</strong></span> <span class='ocrx_word' id='word_1_97' title='bbox 1077 724 1097 748; x_wconf 86' lang='lat' dir='ltr'><strong>a</strong></span> <span class='ocrx_word' id='word_1_98' title='bbox 1122 714 1195 748; x_wconf 90' lang='lat' dir='ltr'><strong>Deo</strong></span> <span class='ocrx_word' id='word_1_99' title='bbox 1220 717 1437 749; x_wconf 86' lang='lat' dir='ltr'><strong>commissum</strong></span> <span class='ocrx_word' id='word_1_100' title='bbox 1466 718 1498 750; x_wconf 92' lang='lat' dir='ltr'><strong>in</strong></span> 
     </span>
     <span class='ocr_line' id='line_1_11' title="bbox 117 779 1499 827; baseline 0.001 -13"><span class='ocrx_word' id='word_1_101' title='bbox 117 781 232 815; x_wconf 89' lang='lat' dir='ltr'><strong>aliena</strong></span> <span class='ocrx_word' id='word_1_102' title='bbox 256 791 358 815; x_wconf 89' lang='lat' dir='ltr'><strong>manu</strong></span> <span class='ocrx_word' id='word_1_103' title='bbox 383 779 575 821; x_wconf 70' lang='lat' dir='ltr'><strong>dimittere,</strong></span> <span class='ocrx_word' id='word_1_104' title='bbox 619 779 679 813; x_wconf 86' lang='lat' dir='ltr'><strong>sed</strong></span> <span class='ocrx_word' id='word_1_105' title='bbox 708 781 784 824; x_wconf 88' lang='lat' dir='ltr'><strong>ipse</strong></span> <span class='ocrx_word' id='word_1_106' title='bbox 810 790 873 824; x_wconf 88' lang='lat' dir='ltr'><strong>per</strong></span> <span class='ocrx_word' id='word_1_107' title='bbox 897 791 934 814; x_wconf 89' lang='lat' dir='ltr'><strong>se</strong></span> <span class='ocrx_word' id='word_1_108' title='bbox 962 780 1082 813; x_wconf 73' lang='lat' dir='ltr'><strong>volens</strong></span> <span class='ocrx_word' id='word_1_109' title='bbox 1106 780 1201 814; x_wconf 89' lang='lat' dir='ltr'><strong>illum</strong></span> <span class='ocrx_word' id='word_1_110' title='bbox 1227 790 1309 814; x_wconf 83' lang='lat' dir='ltr'><strong>cura</strong></span> <span class='ocrx_word' id='word_1_111' title='bbox 1335 783 1499 827; x_wconf 74' lang='lat' dir='ltr'><strong>pervigili</strong></span> 
     </span>
     <span class='ocr_line' id='line_1_12' title="bbox 116 844 1500 891; baseline 0.001 -11"><span class='ocrx_word' id='word_1_112' title='bbox 116 846 303 880; x_wconf 85' lang='lat' dir='ltr'><strong>custodire.</strong></span> <span class='ocrx_word' id='word_1_113' title='bbox 352 846 433 880; x_wconf 82' lang='lat' dir='ltr'><strong>Cum</strong></span> <span class='ocrx_word' id='word_1_114' title='bbox 462 856 547 891; x_wconf 83' lang='lat' dir='ltr'><strong>ergo</strong></span> <span class='ocrx_word' id='word_1_115' title='bbox 574 844 751 879; x_wconf 86' lang='lat' dir='ltr'><strong>Betlehem</strong></span> <span class='ocrx_word' id='word_1_116' title='bbox 777 847 1095 890; x_wconf 84' lang='lat' dir='ltr'><strong>appropinquasset</strong></span> <span class='ocrx_word' id='word_1_117' title='bbox 1129 846 1189 889; x_wconf 86' lang='lat' dir='ltr'><strong>(ut</strong></span> <span class='ocrx_word' id='word_1_118' title='bbox 1215 847 1325 881; x_wconf 83' lang='lat' dir='ltr'><strong>frater</strong></span> <span class='ocrx_word' id='word_1_119' title='bbox 1350 847 1500 883; x_wconf 47' lang='lat' dir='ltr'><strong>Bai-tho&lt;</strong></span> 
     </span>
     <span class='ocr_line' id='line_1_13' title="bbox 119 911 1500 956; baseline 0.002 -11"><span class='ocrx_word' id='word_1_120' title='bbox 119 913 274 946; x_wconf 88' lang='lat' dir='ltr'><strong>lomaeus</strong></span> <span class='ocrx_word' id='word_1_121' title='bbox 300 913 335 945; x_wconf 90' lang='lat' dir='ltr'><strong>in</strong></span> <span class='ocrx_word' id='word_1_122' title='bbox 362 921 426 945; x_wconf 83' lang='lat' dir='ltr'><strong>sua</strong></span> <span class='ocrx_word' id='word_1_123' title='bbox 455 912 701 956; x_wconf 81' lang='lat' dir='ltr'><strong>compilatione</strong></span> <span class='ocrx_word' id='word_1_124' title='bbox 726 915 886 953; x_wconf 79' lang='lat' dir='ltr'><strong>testatur,</strong></span> <span class='ocrx_word' id='word_1_125' title='bbox 916 916 949 945; x_wconf 88' lang='lat' dir='ltr'><strong>et</strong></span> <span class='ocrx_word' id='word_1_126' title='bbox 975 911 1016 945; x_wconf 89' lang='lat' dir='ltr'><strong>de</strong></span> <span class='ocrx_word' id='word_1_127' title='bbox 1042 911 1131 945; x_wconf 87' lang='lat' dir='ltr'><strong>libro</strong></span> <span class='ocrx_word' id='word_1_128' title='bbox 1152 911 1324 948; x_wconf 80' lang='lat' dir='ltr'><strong>Infantiae</strong></span> <span class='ocrx_word' id='word_1_129' title='bbox 1346 914 1500 948; x_wconf 56' lang='lat' dir='ltr'><strong>salvato&gt;</strong></span> 
     </span>
     <span class='ocr_line' id='line_1_14' title="bbox 119 977 1484 1025; baseline 0.002 -14"><span class='ocrx_word' id='word_1_130' title='bbox 119 979 166 1011; x_wconf 89' lang='lat' dir='ltr'><strong>ris</strong></span> <span class='ocrx_word' id='word_1_131' title='bbox 192 982 245 1012; x_wconf 86' lang='lat' dir='ltr'><strong>est</strong></span> <span class='ocrx_word' id='word_1_132' title='bbox 269 979 469 1021; x_wconf 89' lang='lat' dir='ltr'><strong>sumptum),</strong></span> <span class='ocrx_word' id='word_1_133' title='bbox 496 977 582 1010; x_wconf 70' lang='lat' dir='ltr'><strong>vidit</strong></span> <span class='ocrx_word' id='word_1_134' title='bbox 608 977 713 1011; x_wconf 84' lang='lat' dir='ltr'><strong>beata</strong></span> <span class='ocrx_word' id='word_1_135' title='bbox 738 978 837 1019; x_wconf 59' lang='lat' dir='ltr'><strong>virgo</strong></span> <span class='ocrx_word' id='word_1_136' title='bbox 864 981 995 1021; x_wconf 83' lang='lat' dir='ltr'><strong>partem</strong></span> <span class='ocrx_word' id='word_1_137' title='bbox 1023 978 1140 1022; x_wconf 90' lang='lat' dir='ltr'><strong>populi</strong></span> <span class='ocrx_word' id='word_1_138' title='bbox 1168 978 1390 1023; x_wconf 79' lang='lat' dir='ltr'><strong>gaudentem,</strong></span> <span class='ocrx_word' id='word_1_139' title='bbox 1421 991 1484 1025; x_wconf 82' lang='lat' dir='ltr'><strong>par</strong></span> 
     </span>
     <span class='ocr_line' id='line_1_15' title="bbox 117 1042 1501 1091; baseline 0.001 -14"><span class='ocrx_word' id='word_1_140' title='bbox 117 1047 184 1078; x_wconf 88' lang='lat' dir='ltr'><strong>tem</strong></span> <span class='ocrx_word' id='word_1_141' title='bbox 211 1047 415 1089; x_wconf 82' lang='lat' dir='ltr'><strong>gementem.</strong></span> <span class='ocrx_word' id='word_1_142' title='bbox 463 1042 562 1082; x_wconf 83' lang='lat' dir='ltr'><strong>Quod</strong></span> <span class='ocrx_word' id='word_1_143' title='bbox 587 1042 654 1076; x_wconf 87' lang='lat' dir='ltr'><strong>sihi</strong></span> <span class='ocrx_word' id='word_1_144' title='bbox 680 1042 827 1088; x_wconf 80' lang='lat' dir='ltr'><strong>angelus</strong></span> <span class='ocrx_word' id='word_1_145' title='bbox 852 1053 1030 1086; x_wconf 73' lang='lat' dir='ltr'><strong>exponens</strong></span> <span class='ocrx_word' id='word_1_146' title='bbox 1055 1045 1125 1077; x_wconf 88' lang='lat' dir='ltr'><strong>ait:</strong></span> <span class='ocrx_word' id='word_1_147' title='bbox 1161 1054 1242 1087; x_wconf 87' lang='lat' dir='ltr'><strong>pars</strong></span> <span class='ocrx_word' id='word_1_148' title='bbox 1267 1046 1386 1090; x_wconf 90' lang='lat' dir='ltr'><strong>populi</strong></span> <span class='ocrx_word' id='word_1_149' title='bbox 1414 1056 1501 1091; x_wconf 56' lang='lat' dir='ltr'><strong>gau&lt;</strong></span> 
     </span>
     <span class='ocr_line' id='line_1_16' title="bbox 117 1108 1502 1154; baseline 0.001 -11"><span class='ocrx_word' id='word_1_150' title='bbox 117 1108 202 1143; x_wconf 85' lang='lat' dir='ltr'><strong>dens</strong></span> <span class='ocrx_word' id='word_1_151' title='bbox 228 1113 281 1143; x_wconf 90' lang='lat' dir='ltr'><strong>est</strong></span> <span class='ocrx_word' id='word_1_152' title='bbox 305 1109 454 1154; x_wconf 89' lang='lat' dir='ltr'><strong>populus</strong></span> <span class='ocrx_word' id='word_1_153' title='bbox 478 1109 641 1154; x_wconf 86' lang='lat' dir='ltr'><strong>gentilis,</strong></span> <span class='ocrx_word' id='word_1_154' title='bbox 694 1110 751 1152; x_wconf 84' lang='lat' dir='ltr'><strong>qui</strong></span> <span class='ocrx_word' id='word_1_155' title='bbox 785 1109 818 1141; x_wconf 92' lang='lat' dir='ltr'><strong>in</strong></span> <span class='ocrx_word' id='word_1_156' title='bbox 845 1109 975 1143; x_wconf 87' lang='lat' dir='ltr'><strong>semine</strong></span> <span class='ocrx_word' id='word_1_157' title='bbox 1000 1108 1166 1144; x_wconf 75' lang='lat' dir='ltr'><strong>Abrahae</strong></span> <span class='ocrx_word' id='word_1_158' title='bbox 1194 1114 1371 1144; x_wconf 80' lang='lat' dir='ltr'><strong>aeternam</strong></span> <span class='ocrx_word' id='word_1_159' title='bbox 1397 1111 1502 1146; x_wconf 82' lang='lat' dir='ltr'><strong>bene-</strong></span> 
     </span>
     <span class='ocr_line' id='line_1_17' title="bbox 118 1173 1502 1220; baseline 0.003 -13"><span class='ocrx_word' id='word_1_160' title='bbox 118 1173 302 1209; x_wconf 83' lang='lat' dir='ltr'><strong>dictionem</strong></span> <span class='ocrx_word' id='word_1_161' title='bbox 327 1175 485 1219; x_wconf 78' lang='lat' dir='ltr'><strong>accipiet.</strong></span> <span class='ocrx_word' id='word_1_162' title='bbox 552 1174 638 1209; x_wconf 84' lang='lat' dir='ltr'><strong>Pars</strong></span> <span class='ocrx_word' id='word_1_163' title='bbox 664 1178 776 1208; x_wconf 90' lang='lat' dir='ltr'><strong>autem</strong></span> <span class='ocrx_word' id='word_1_164' title='bbox 800 1184 942 1220; x_wconf 76' lang='lat' dir='ltr'><strong>gemens</strong></span> <span class='ocrx_word' id='word_1_165' title='bbox 965 1178 1018 1208; x_wconf 91' lang='lat' dir='ltr'><strong>est</strong></span> <span class='ocrx_word' id='word_1_166' title='bbox 1042 1175 1141 1219; x_wconf 88' lang='lat' dir='ltr'><strong>plebs</strong></span> <span class='ocrx_word' id='word_1_167' title='bbox 1168 1175 1337 1219; x_wconf 84' lang='lat' dir='ltr'><strong>Judaica,</strong></span> <span class='ocrx_word' id='word_1_168' title='bbox 1383 1187 1404 1211; x_wconf 88' lang='lat' dir='ltr'><strong>a</strong></span> <span class='ocrx_word' id='word_1_169' title='bbox 1430 1178 1502 1212; x_wconf 86' lang='lat' dir='ltr'><strong>Deo</strong></span> 
     </span>
     <span class='ocr_line' id='line_1_18' title="bbox 119 1239 1505 1285; baseline 0.003 -12"><span class='ocrx_word' id='word_1_170' title='bbox 119 1241 191 1274; x_wconf 85' lang='lat' dir='ltr'><strong>suis</strong></span> <span class='ocrx_word' id='word_1_171' title='bbox 223 1241 354 1275; x_wconf 89' lang='lat' dir='ltr'><strong>meritis</strong></span> <span class='ocrx_word' id='word_1_172' title='bbox 388 1239 589 1285; x_wconf 86' lang='lat' dir='ltr'><strong>reprobata.</strong></span> <span class='ocrx_word' id='word_1_173' title='bbox 663 1240 745 1274; x_wconf 86' lang='lat' dir='ltr'><strong>Cum</strong></span> <span class='ocrx_word' id='word_1_174' title='bbox 778 1241 886 1285; x_wconf 81' lang='lat' dir='ltr'><strong>igitur</strong></span> <span class='ocrx_word' id='word_1_175' title='bbox 920 1239 1020 1273; x_wconf 87' lang='lat' dir='ltr'><strong>ambo</strong></span> <span class='ocrx_word' id='word_1_176' title='bbox 1055 1240 1233 1275; x_wconf 88' lang='lat' dir='ltr'><strong>Betlehem</strong></span> <span class='ocrx_word' id='word_1_177' title='bbox 1267 1243 1443 1277; x_wconf 80' lang='lat' dir='ltr'><strong>venissent</strong></span> <span class='ocrx_word' id='word_1_178' title='bbox 1472 1248 1505 1277; x_wconf 81' lang='lat' dir='ltr'><strong>et</strong></span> 
     </span>
     <span class='ocr_line' id='line_1_19' title="bbox 121 1304 1504 1352; baseline 0.002 -13"><span class='ocrx_word' id='word_1_179' title='bbox 121 1307 203 1351; x_wconf 86' lang='lat' dir='ltr'><strong>quia</strong></span> <span class='ocrx_word' id='word_1_180' title='bbox 228 1316 402 1350; x_wconf 84' lang='lat' dir='ltr'><strong>pauperes</strong></span> <span class='ocrx_word' id='word_1_181' title='bbox 429 1310 528 1340; x_wconf 85' lang='lat' dir='ltr'><strong>erant</strong></span> <span class='ocrx_word' id='word_1_182' title='bbox 559 1309 593 1340; x_wconf 89' lang='lat' dir='ltr'><strong>et</strong></span> <span class='ocrx_word' id='word_1_183' title='bbox 629 1307 712 1349; x_wconf 85' lang='lat' dir='ltr'><strong>qnia</strong></span> <span class='ocrx_word' id='word_1_184' title='bbox 738 1306 853 1338; x_wconf 86' lang='lat' dir='ltr'><strong>omnia</strong></span> <span class='ocrx_word' id='word_1_185' title='bbox 878 1304 1032 1349; x_wconf 86' lang='lat' dir='ltr'><strong>hospitia</strong></span> <span class='ocrx_word' id='word_1_186' title='bbox 1057 1306 1116 1339; x_wconf 84' lang='lat' dir='ltr'><strong>alii</strong></span> <span class='ocrx_word' id='word_1_187' title='bbox 1132 1334 1139 1347; x_wconf 84' lang='lat'><strong>,</strong></span> <span class='ocrx_word' id='word_1_188' title='bbox 1188 1309 1246 1351; x_wconf 82' lang='lat' dir='ltr'><strong>qui</strong></span> <span class='ocrx_word' id='word_1_189' title='bbox 1272 1312 1416 1352; x_wconf 82' lang='lat' dir='ltr'><strong>propter</strong></span> <span class='ocrx_word' id='word_1_190' title='bbox 1439 1308 1504 1342; x_wconf 80' lang='lat' dir='ltr'><strong>hoe</strong></span> 
     </span>
     <span class='ocr_line' id='line_1_20' title="bbox 121 1369 1505 1417; baseline 0.001 -12"><span class='ocrx_word' id='word_1_191' title='bbox 121 1373 232 1416; x_wconf 89' lang='lat' dir='ltr'><strong>ipsum</strong></span> <span class='ocrx_word' id='word_1_192' title='bbox 257 1375 443 1413; x_wconf 85' lang='lat' dir='ltr'><strong>venerant,</strong></span> <span class='ocrx_word' id='word_1_193' title='bbox 472 1375 750 1415; x_wconf 84' lang='lat' dir='ltr'><strong>occupaverant,</strong></span> <span class='ocrx_word' id='word_1_194' title='bbox 784 1370 912 1404; x_wconf 91' lang='lat' dir='ltr'><strong>nullum</strong></span> <span class='ocrx_word' id='word_1_195' title='bbox 938 1369 1124 1415; x_wconf 84' lang='lat' dir='ltr'><strong>hospitium</strong></span> <span class='ocrx_word' id='word_1_196' title='bbox 1150 1371 1281 1406; x_wconf 90' lang='lat' dir='ltr'><strong>habere</strong></span> <span class='ocrx_word' id='word_1_197' title='bbox 1307 1378 1505 1417; x_wconf 68' lang='lat' dir='ltr'><strong>potuerunt,</strong></span> 
     </span>
     <span class='ocr_line' id='line_1_21' title="bbox 123 1436 1505 1483; baseline 0.001 -12"><span class='ocrx_word' id='word_1_198' title='bbox 123 1437 347 1472; x_wconf 83' lang='lat' dir='ltr'><strong>deverterunt</strong></span> <span class='ocrx_word' id='word_1_199' title='bbox 371 1447 456 1482; x_wconf 80' lang='lat' dir='ltr'><strong>ergo</strong></span> <span class='ocrx_word' id='word_1_200' title='bbox 483 1438 518 1469; x_wconf 93' lang='lat' dir='ltr'><strong>in</strong></span> <span class='ocrx_word' id='word_1_201' title='bbox 542 1437 710 1469; x_wconf 81' lang='lat' dir='ltr'><strong>communi</strong></span> <span class='ocrx_word' id='word_1_202' title='bbox 732 1438 880 1470; x_wconf 84' lang='lat' dir='ltr'><strong>transitu</strong></span> <span class='ocrx_word' id='word_1_203' title='bbox 898 1464 905 1477; x_wconf 88' lang='lat'><strong>,</strong></span> <span class='ocrx_word' id='word_1_204' title='bbox 948 1438 1005 1480; x_wconf 84' lang='lat' dir='ltr'><strong>qui</strong></span> <span class='ocrx_word' id='word_1_205' title='bbox 1042 1436 1105 1479; x_wconf 88' lang='lat' dir='ltr'><strong>(ut</strong></span> <span class='ocrx_word' id='word_1_206' title='bbox 1130 1436 1255 1471; x_wconf 83' lang='lat' dir='ltr'><strong>dicitur</strong></span> <span class='ocrx_word' id='word_1_207' title='bbox 1280 1440 1314 1471; x_wconf 93' lang='lat' dir='ltr'><strong>in</strong></span> <span class='ocrx_word' id='word_1_208' title='bbox 1339 1438 1505 1483; x_wconf 65' lang='lat' dir='ltr'><strong>hystoriis</strong></span> 
     </span>
     <span class='ocr_line' id='line_1_22' title="bbox 123 1500 1489 1548; baseline 0 -10"><span class='ocrx_word' id='word_1_209' title='bbox 123 1502 367 1544; x_wconf 66' lang='lat' dir='ltr'><strong>Scholasticis)</strong></span> <span class='ocrx_word' id='word_1_210' title='bbox 395 1506 471 1536; x_wconf 86' lang='lat' dir='ltr'><strong>erat</strong></span> <span class='ocrx_word' id='word_1_211' title='bbox 494 1503 584 1535; x_wconf 89' lang='lat' dir='ltr'><strong>inter</strong></span> <span class='ocrx_word' id='word_1_212' title='bbox 609 1501 695 1535; x_wconf 87' lang='lat' dir='ltr'><strong>duas</strong></span> <span class='ocrx_word' id='word_1_213' title='bbox 722 1500 841 1534; x_wconf 87' lang='lat' dir='ltr'><strong>domos</strong></span> <span class='ocrx_word' id='word_1_214' title='bbox 857 1529 864 1542; x_wconf 95' lang='lat'><strong>,</strong></span> <span class='ocrx_word' id='word_1_215' title='bbox 902 1503 1149 1545; x_wconf 84' lang='lat' dir='ltr'><strong>operimentum</strong></span> <span class='ocrx_word' id='word_1_216' title='bbox 1176 1501 1327 1545; x_wconf 87' lang='lat' dir='ltr'><strong>habens,</strong></span> <span class='ocrx_word' id='word_1_217' title='bbox 1363 1505 1422 1548; x_wconf 85' lang='lat' dir='ltr'><strong>qui</strong></span> <span class='ocrx_word' id='word_1_218' title='bbox 1447 1504 1489 1538; x_wconf 85' lang='lat' dir='ltr'><strong>de</strong></span> 
     </span>
     <span class='ocr_line' id='line_1_23' title="bbox 125 1566 1508 1612; baseline 0.001 -10"><span class='ocrx_word' id='word_1_219' title='bbox 125 1569 315 1603; x_wconf 80' lang='lat' dir='ltr'><strong>versorium</strong></span> <span class='ocrx_word' id='word_1_220' title='bbox 341 1566 489 1608; x_wconf 82' lang='lat' dir='ltr'><strong>dicitur,</strong></span> <span class='ocrx_word' id='word_1_221' title='bbox 539 1566 603 1600; x_wconf 89' lang='lat' dir='ltr'><strong>sub</strong></span> <span class='ocrx_word' id='word_1_222' title='bbox 638 1577 706 1612; x_wconf 88' lang='lat' dir='ltr'><strong>qno</strong></span> <span class='ocrx_word' id='word_1_223' title='bbox 731 1568 824 1600; x_wconf 75' lang='lat' dir='ltr'><strong>cives</strong></span> <span class='ocrx_word' id='word_1_224' title='bbox 851 1566 895 1600; x_wconf 89' lang='lat' dir='ltr'><strong>ad</strong></span> <span class='ocrx_word' id='word_1_225' title='bbox 919 1566 1186 1610; x_wconf 84' lang='lat' dir='ltr'><strong>colloquendum</strong></span> <span class='ocrx_word' id='word_1_226' title='bbox 1214 1568 1268 1601; x_wconf 81' lang='lat' dir='ltr'><strong>vel</strong></span> <span class='ocrx_word' id='word_1_227' title='bbox 1293 1568 1337 1602; x_wconf 91' lang='lat' dir='ltr'><strong>ad</strong></span> <span class='ocrx_word' id='word_1_228' title='bbox 1362 1579 1508 1603; x_wconf 76' lang='lat' dir='ltr'><strong>conves-</strong></span> 
     </span>
     <span class='ocr_line' id='line_1_24' title="bbox 123 1631 1508 1677; baseline 0.001 -10"><span class='ocrx_word' id='word_1_229' title='bbox 123 1633 267 1668; x_wconf 88' lang='lat' dir='ltr'><strong>cendum</strong></span> <span class='ocrx_word' id='word_1_230' title='bbox 291 1633 326 1666; x_wconf 92' lang='lat' dir='ltr'><strong>in</strong></span> <span class='ocrx_word' id='word_1_231' title='bbox 350 1631 473 1667; x_wconf 87' lang='lat' dir='ltr'><strong>(liebus</strong></span> <span class='ocrx_word' id='word_1_232' title='bbox 502 1633 564 1666; x_wconf 87' lang='lat' dir='ltr'><strong>otii</strong></span> <span class='ocrx_word' id='word_1_233' title='bbox 596 1632 651 1667; x_wconf 87' lang='lat' dir='ltr'><strong>vel</strong></span> <span class='ocrx_word' id='word_1_234' title='bbox 677 1642 740 1677; x_wconf 88' lang='lat' dir='ltr'><strong>pro</strong></span> <span class='ocrx_word' id='word_1_235' title='bbox 777 1633 870 1665; x_wconf 75' lang='lat' dir='ltr'><strong>aeris</strong></span> <span class='ocrx_word' id='word_1_236' title='bbox 902 1633 1105 1676; x_wconf 87' lang='lat' dir='ltr'><strong>intemperie</strong></span> <span class='ocrx_word' id='word_1_237' title='bbox 1134 1632 1373 1668; x_wconf 78' lang='lat' dir='ltr'><strong>devertebant.</strong></span> <span class='ocrx_word' id='word_1_238' title='bbox 1444 1634 1508 1669; x_wconf 82' lang='lat' dir='ltr'><strong>Ubi</strong></span> 
     </span>
     <span class='ocr_line' id='line_1_25' title="bbox 127 1697 1508 1744; baseline 0.001 -11"><span class='ocrx_word' id='word_1_239' title='bbox 127 1699 216 1734; x_wconf 82' lang='lat' dir='ltr'><strong>sorte</strong></span> <span class='ocrx_word' id='word_1_240' title='bbox 239 1697 372 1743; x_wconf 87' lang='lat' dir='ltr'><strong>Joseph</strong></span> <span class='ocrx_word' id='word_1_241' title='bbox 397 1707 568 1742; x_wconf 82' lang='lat' dir='ltr'><strong>praesepe</strong></span> <span class='ocrx_word' id='word_1_242' title='bbox 592 1697 675 1731; x_wconf 72' lang='lat' dir='ltr'><strong>bovi</strong></span> <span class='ocrx_word' id='word_1_243' title='bbox 703 1701 737 1732; x_wconf 90' lang='lat' dir='ltr'><strong>et</strong></span> <span class='ocrx_word' id='word_1_244' title='bbox 763 1699 862 1731; x_wconf 88' lang='lat' dir='ltr'><strong>asino</strong></span> <span class='ocrx_word' id='word_1_245' title='bbox 893 1698 1025 1731; x_wconf 79' lang='lat' dir='ltr'><strong>fecerat</strong></span> <span class='ocrx_word' id='word_1_246' title='bbox 1051 1697 1103 1732; x_wconf 79' lang='lat' dir='ltr'><strong>vel</strong></span> <span class='ocrx_word' id='word_1_247' title='bbox 1130 1698 1315 1732; x_wconf 77' lang='lat' dir='ltr'><strong>secundum</strong></span> <span class='ocrx_word' id='word_1_248' title='bbox 1341 1700 1508 1744; x_wconf 85' lang='lat' dir='ltr'><strong>quosdam</strong></span> 
     </span>
     <span class='ocr_line' id='line_1_26' title="bbox 126 1762 1511 1810; baseline 0.001 -11"><span class='ocrx_word' id='word_1_249' title='bbox 126 1766 266 1807; x_wconf 85' lang='lat' dir='ltr'><strong>rustici,</strong></span> <span class='ocrx_word' id='word_1_250' title='bbox 293 1774 367 1798; x_wconf 88' lang='lat' dir='ltr'><strong>cum</strong></span> <span class='ocrx_word' id='word_1_251' title='bbox 391 1763 437 1797; x_wconf 85' lang='lat' dir='ltr'><strong>ad</strong></span> <span class='ocrx_word' id='word_1_252' title='bbox 462 1763 574 1797; x_wconf 85' lang='lat' dir='ltr'><strong>sorum</strong></span> <span class='ocrx_word' id='word_1_253' title='bbox 599 1762 806 1805; x_wconf 84' lang='lat' dir='ltr'><strong>veniebant,</strong></span> <span class='ocrx_word' id='word_1_254' title='bbox 837 1762 1002 1797; x_wconf 85' lang='lat' dir='ltr'><strong>animalia</strong></span> <span class='ocrx_word' id='word_1_255' title='bbox 1027 1773 1091 1797; x_wconf 90' lang='lat' dir='ltr'><strong>sua</strong></span> <span class='ocrx_word' id='word_1_256' title='bbox 1115 1763 1243 1798; x_wconf 84' lang='lat' dir='ltr'><strong>ibidem</strong></span> <span class='ocrx_word' id='word_1_257' title='bbox 1267 1765 1448 1810; x_wconf 78' lang='lat' dir='ltr'><strong>ligabant,</strong></span> <span class='ocrx_word' id='word_1_258' title='bbox 1479 1771 1511 1801; x_wconf 83' lang='lat' dir='ltr'><strong>et</strong></span> 
     </span>
     <span class='ocr_line' id='line_1_27' title="bbox 125 1828 1511 1875; baseline 0 -10"><span class='ocrx_word' id='word_1_259' title='bbox 125 1831 204 1865; x_wconf 88' lang='lat' dir='ltr'><strong>ideo</strong></span> <span class='ocrx_word' id='word_1_260' title='bbox 230 1840 401 1875; x_wconf 88' lang='lat' dir='ltr'><strong>praesepe</strong></span> <span class='ocrx_word' id='word_1_261' title='bbox 425 1829 473 1863; x_wconf 91' lang='lat' dir='ltr'><strong>ibi</strong></span> <span class='ocrx_word' id='word_1_262' title='bbox 498 1833 730 1864; x_wconf 85' lang='lat' dir='ltr'><strong>constructum</strong></span> <span class='ocrx_word' id='word_1_263' title='bbox 756 1833 843 1864; x_wconf 84' lang='lat' dir='ltr'><strong>erat.</strong></span> <span class='ocrx_word' id='word_1_264' title='bbox 914 1828 995 1873; x_wconf 86' lang='lat' dir='ltr'><strong>Ipsa</strong></span> <span class='ocrx_word' id='word_1_265' title='bbox 1034 1831 1141 1875; x_wconf 77' lang='lat' dir='ltr'><strong>igitur</strong></span> <span class='ocrx_word' id='word_1_266' title='bbox 1174 1834 1274 1865; x_wconf 89' lang='lat' dir='ltr'><strong>nocte</strong></span> <span class='ocrx_word' id='word_1_267' title='bbox 1300 1831 1414 1865; x_wconf 88' lang='lat' dir='ltr'><strong>media</strong></span> <span class='ocrx_word' id='word_1_268' title='bbox 1443 1832 1511 1867; x_wconf 78' lang='lat' dir='ltr'><strong>diei</strong></span> 
     </span>
     <span class='ocr_line' id='line_1_28' title="bbox 127 1895 1512 1942; baseline 0.001 -12"><span class='ocrx_word' id='word_1_269' title='bbox 127 1897 319 1930; x_wconf 83' lang='lat' dir='ltr'><strong>dominicae</strong></span> <span class='ocrx_word' id='word_1_270' title='bbox 354 1895 462 1930; x_wconf 89' lang='lat' dir='ltr'><strong>beata</strong></span> <span class='ocrx_word' id='word_1_271' title='bbox 493 1896 594 1941; x_wconf 82' lang='lat' dir='ltr'><strong>virgo</strong></span> <span class='ocrx_word' id='word_1_272' title='bbox 627 1895 731 1929; x_wconf 83' lang='lat' dir='ltr'><strong>lilium</strong></span> <span class='ocrx_word' id='word_1_273' title='bbox 766 1905 863 1928; x_wconf 89' lang='lat' dir='ltr'><strong>snum</strong></span> <span class='ocrx_word' id='word_1_274' title='bbox 897 1897 1035 1939; x_wconf 88' lang='lat' dir='ltr'><strong>peperit</strong></span> <span class='ocrx_word' id='word_1_275' title='bbox 1068 1900 1102 1931; x_wconf 90' lang='lat' dir='ltr'><strong>et</strong></span> <span class='ocrx_word' id='word_1_276' title='bbox 1134 1897 1167 1930; x_wconf 93' lang='lat' dir='ltr'><strong>in</strong></span> <span class='ocrx_word' id='word_1_277' title='bbox 1193 1899 1381 1941; x_wconf 88' lang='lat' dir='ltr'><strong>praesepio</strong></span> <span class='ocrx_word' id='word_1_278' title='bbox 1406 1908 1512 1942; x_wconf 89' lang='lat' dir='ltr'><strong>super</strong></span> 
     </span>
     <span class='ocr_line' id='line_1_29' title="bbox 128 1960 1494 2007; baseline 0 -10"><span class='ocrx_word' id='word_1_279' title='bbox 128 1962 265 1997; x_wconf 79' lang='lat' dir='ltr'><strong>foenum</strong></span> <span class='ocrx_word' id='word_1_280' title='bbox 288 1961 492 2003; x_wconf 83' lang='lat' dir='ltr'><strong>reclinavit,</strong></span> <span class='ocrx_word' id='word_1_281' title='bbox 521 1960 613 2006; x_wconf 87' lang='lat' dir='ltr'><strong>quod</strong></span> <span class='ocrx_word' id='word_1_282' title='bbox 639 1960 798 2003; x_wconf 82' lang='lat' dir='ltr'><strong>foenum,</strong></span> <span class='ocrx_word' id='word_1_283' title='bbox 837 1965 872 1995; x_wconf 91' lang='lat' dir='ltr'><strong>ut</strong></span> <span class='ocrx_word' id='word_1_284' title='bbox 899 1960 1048 1996; x_wconf 83' lang='lat' dir='ltr'><strong>habetur</strong></span> <span class='ocrx_word' id='word_1_285' title='bbox 1072 1964 1106 1996; x_wconf 95' lang='lat' dir='ltr'><strong>in</strong></span> <span class='ocrx_word' id='word_1_286' title='bbox 1132 1962 1298 2007; x_wconf 68' lang='lat' dir='ltr'><strong>hystoriis</strong></span> <span class='ocrx_word' id='word_1_287' title='bbox 1320 1962 1494 1997; x_wconf 85' lang='lat' dir='ltr'><strong>Scholasti</strong></span> 
     </span>
     <span class='ocr_line' id='line_1_30' title="bbox 127 2026 1507 2073; baseline -0.001 -10"><span class='ocrx_word' id='word_1_288' title='bbox 127 2030 196 2071; x_wconf 83' lang='lat' dir='ltr'><strong>cis,</strong></span> <span class='ocrx_word' id='word_1_289' title='bbox 224 2027 330 2063; x_wconf 86' lang='lat' dir='ltr'><strong>beata</strong></span> <span class='ocrx_word' id='word_1_290' title='bbox 354 2027 486 2061; x_wconf 86' lang='lat' dir='ltr'><strong>Helena</strong></span> <span class='ocrx_word' id='word_1_291' title='bbox 510 2026 728 2071; x_wconf 83' lang='lat' dir='ltr'><strong>postmodum</strong></span> <span class='ocrx_word' id='word_1_292' title='bbox 755 2026 896 2061; x_wconf 85' lang='lat' dir='ltr'><strong>Romam</strong></span> <span class='ocrx_word' id='word_1_293' title='bbox 923 2028 1064 2070; x_wconf 89' lang='lat' dir='ltr'><strong>detulit,</strong></span> <span class='ocrx_word' id='word_1_294' title='bbox 1099 2037 1120 2061; x_wconf 90' lang='lat' dir='ltr'><strong>a</strong></span> <span class='ocrx_word' id='word_1_295' title='bbox 1148 2029 1248 2073; x_wconf 89' lang='lat' dir='ltr'><strong>cujus</strong></span> <span class='ocrx_word' id='word_1_296' title='bbox 1277 2027 1369 2062; x_wconf 82' lang='lat' dir='ltr'><strong>foeni</strong></span> <span class='ocrx_word' id='word_1_297' title='bbox 1396 2038 1507 2063; x_wconf 85' lang='lat' dir='ltr'><strong>come-</strong></span> 
     </span>
     <span class='ocr_line' id='line_1_31' title="bbox 128 2091 1511 2139; baseline 0 -12"><span class='ocrx_word' id='word_1_298' title='bbox 128 2095 242 2128; x_wconf 88' lang='lat' dir='ltr'><strong>stione</strong></span> <span class='ocrx_word' id='word_1_299' title='bbox 267 2092 332 2127; x_wconf 90' lang='lat' dir='ltr'><strong>bos</strong></span> <span class='ocrx_word' id='word_1_300' title='bbox 359 2096 394 2127; x_wconf 90' lang='lat' dir='ltr'><strong>et</strong></span> <span class='ocrx_word' id='word_1_301' title='bbox 418 2093 537 2126; x_wconf 88' lang='lat' dir='ltr'><strong>asinus</strong></span> <span class='ocrx_word' id='word_1_302' title='bbox 561 2091 796 2126; x_wconf 81' lang='lat' dir='ltr'><strong>abstinebant.</strong></span> <span class='ocrx_word' id='word_1_303' title='bbox 863 2092 1058 2127; x_wconf 88' lang='lat' dir='ltr'><strong>Notandum</strong></span> <span class='ocrx_word' id='word_1_304' title='bbox 1086 2097 1200 2127; x_wconf 87' lang='lat' dir='ltr'><strong>antem</strong></span> <span class='ocrx_word' id='word_1_305' title='bbox 1227 2093 1320 2139; x_wconf 87' lang='lat' dir='ltr'><strong>quod</strong></span> <span class='ocrx_word' id='word_1_306' title='bbox 1345 2095 1511 2127; x_wconf 85' lang='lat' dir='ltr'><strong>nativitas</strong></span> 
     </span>
     <span class='ocr_line' id='line_1_32' title="bbox 129 2157 1512 2205; baseline -0.001 -11"><span class='ocrx_word' id='word_1_307' title='bbox 129 2158 258 2194; x_wconf 85' lang='lat' dir='ltr'><strong>Christi</strong></span> <span class='ocrx_word' id='word_1_308' title='bbox 283 2158 348 2193; x_wconf 82' lang='lat' dir='ltr'><strong>suit</strong></span> <span class='ocrx_word' id='word_1_309' title='bbox 372 2158 580 2193; x_wconf 86' lang='lat' dir='ltr'><strong>mirabiliter</strong></span> <span class='ocrx_word' id='word_1_310' title='bbox 604 2157 709 2200; x_wconf 79' lang='lat' dir='ltr'><strong>sacta,</strong></span> <span class='ocrx_word' id='word_1_311' title='bbox 736 2162 804 2192; x_wconf 88' lang='lat' dir='ltr'><strong>tum</strong></span> <span class='ocrx_word' id='word_1_312' title='bbox 830 2169 872 2193; x_wconf 82' lang='lat' dir='ltr'><strong>ex</strong></span> <span class='ocrx_word' id='word_1_313' title='bbox 895 2162 996 2203; x_wconf 75' lang='lat' dir='ltr'><strong>parte</strong></span> <span class='ocrx_word' id='word_1_314' title='bbox 1024 2161 1240 2205; x_wconf 78' lang='lat' dir='ltr'><strong>generantis,</strong></span> <span class='ocrx_word' id='word_1_315' title='bbox 1266 2164 1337 2193; x_wconf 90' lang='lat' dir='ltr'><strong>tum</strong></span> <span class='ocrx_word' id='word_1_316' title='bbox 1354 2164 1512 2204; x_wconf 82' lang='lat' dir='ltr'><strong>exparte</strong></span> 
     </span>
     <span class='ocr_line' id='line_1_33' title="bbox 128 2224 1514 2272; baseline -0.001 -14"><span class='ocrx_word' id='word_1_317' title='bbox 128 2226 258 2270; x_wconf 82' lang='lat' dir='ltr'><strong>geniti,</strong></span> <span class='ocrx_word' id='word_1_318' title='bbox 306 2228 377 2258; x_wconf 88' lang='lat' dir='ltr'><strong>tum</strong></span> <span class='ocrx_word' id='word_1_319' title='bbox 402 2235 444 2259; x_wconf 87' lang='lat' dir='ltr'><strong>ex</strong></span> <span class='ocrx_word' id='word_1_320' title='bbox 471 2227 572 2269; x_wconf 87' lang='lat' dir='ltr'><strong>parte</strong></span> <span class='ocrx_word' id='word_1_321' title='bbox 596 2224 688 2258; x_wconf 90' lang='lat' dir='ltr'><strong>modi</strong></span> <span class='ocrx_word' id='word_1_322' title='bbox 713 2224 918 2269; x_wconf 82' lang='lat' dir='ltr'><strong>generandi.</strong></span> <span class='ocrx_word' id='word_1_323' title='bbox 965 2224 1018 2259; x_wconf 84' lang='lat' dir='ltr'><strong>Ex</strong></span> <span class='ocrx_word' id='word_1_324' title='bbox 1046 2230 1145 2270; x_wconf 85' lang='lat' dir='ltr'><strong>parte</strong></span> <span class='ocrx_word' id='word_1_325' title='bbox 1171 2227 1373 2272; x_wconf 80' lang='lat' dir='ltr'><strong>generantis</strong></span> <span class='ocrx_word' id='word_1_326' title='bbox 1389 2253 1396 2266; x_wconf 85' lang='lat'><strong>,</strong></span> <span class='ocrx_word' id='word_1_327' title='bbox 1433 2226 1514 2269; x_wconf 85' lang='lat' dir='ltr'><strong>quia</strong></span> 
     </span>
     <span class='ocr_line' id='line_1_34' title="bbox 130 2289 1512 2336; baseline 0 -14"><span class='ocrx_word' id='word_1_328' title='bbox 130 2290 210 2333; x_wconf 86' lang='lat' dir='ltr'><strong>ipsa</strong></span> <span class='ocrx_word' id='word_1_329' title='bbox 239 2289 304 2323; x_wconf 83' lang='lat' dir='ltr'><strong>fuit</strong></span> <span class='ocrx_word' id='word_1_330' title='bbox 325 2291 427 2335; x_wconf 82' lang='lat' dir='ltr'><strong>virgo</strong></span> <span class='ocrx_word' id='word_1_331' title='bbox 453 2293 532 2324; x_wconf 89' lang='lat' dir='ltr'><strong>ante</strong></span> <span class='ocrx_word' id='word_1_332' title='bbox 559 2293 694 2335; x_wconf 88' lang='lat' dir='ltr'><strong>partum</strong></span> <span class='ocrx_word' id='word_1_333' title='bbox 720 2293 754 2324; x_wconf 89' lang='lat' dir='ltr'><strong>et</strong></span> <span class='ocrx_word' id='word_1_334' title='bbox 781 2291 881 2336; x_wconf 83' lang='lat' dir='ltr'><strong>virgo</strong></span> <span class='ocrx_word' id='word_1_335' title='bbox 909 2294 990 2335; x_wconf 90' lang='lat' dir='ltr'><strong>post</strong></span> <span class='ocrx_word' id='word_1_336' title='bbox 1017 2295 1173 2336; x_wconf 85' lang='lat' dir='ltr'><strong>partum,</strong></span> <span class='ocrx_word' id='word_1_337' title='bbox 1218 2295 1253 2326; x_wconf 89' lang='lat' dir='ltr'><strong>et</strong></span> <span class='ocrx_word' id='word_1_338' title='bbox 1276 2290 1342 2325; x_wconf 84' lang='lat' dir='ltr'><strong>hoc</strong></span> <span class='ocrx_word' id='word_1_339' title='bbox 1367 2291 1512 2330; x_wconf 79' lang='lat' dir='ltr'><strong>scilicet,</strong></span> 
     </span>
     <span class='ocr_line' id='line_1_35' title="bbox 131 2353 1514 2401; baseline 0 -14"><span class='ocrx_word' id='word_1_340' title='bbox 131 2353 224 2399; x_wconf 88' lang='lat' dir='ltr'><strong>quod</strong></span> <span class='ocrx_word' id='word_1_341' title='bbox 250 2355 350 2399; x_wconf 84' lang='lat' dir='ltr'><strong>virgo</strong></span> <span class='ocrx_word' id='word_1_342' title='bbox 374 2364 515 2389; x_wconf 89' lang='lat' dir='ltr'><strong>manens</strong></span> <span class='ocrx_word' id='word_1_343' title='bbox 542 2356 698 2400; x_wconf 84' lang='lat' dir='ltr'><strong>peperit,</strong></span> <span class='ocrx_word' id='word_1_344' title='bbox 753 2357 904 2401; x_wconf 85' lang='lat' dir='ltr'><strong>quinque</strong></span> <span class='ocrx_word' id='word_1_345' title='bbox 928 2356 1040 2390; x_wconf 88' lang='lat' dir='ltr'><strong>modis</strong></span> <span class='ocrx_word' id='word_1_346' title='bbox 1066 2361 1242 2390; x_wconf 89' lang='lat' dir='ltr'><strong>ostensum</strong></span> <span class='ocrx_word' id='word_1_347' title='bbox 1267 2360 1332 2390; x_wconf 90' lang='lat' dir='ltr'><strong>est.</strong></span> <span class='ocrx_word' id='word_1_348' title='bbox 1400 2354 1514 2388; x_wconf 84' lang='lat' dir='ltr'><strong>Primo</strong></span> 
     </span>
     <span class='ocr_line' id='line_1_36' title="bbox 131 2418 1517 2465; baseline 0 -11"><span class='ocrx_word' id='word_1_349' title='bbox 131 2429 194 2464; x_wconf 86' lang='lat' dir='ltr'><strong>per</strong></span> <span class='ocrx_word' id='word_1_350' title='bbox 219 2418 437 2463; x_wconf 86' lang='lat' dir='ltr'><strong>prophetiam</strong></span> <span class='ocrx_word' id='word_1_351' title='bbox 463 2420 604 2455; x_wconf 86' lang='lat' dir='ltr'><strong>Jesaiae</strong></span> <span class='ocrx_word' id='word_1_352' title='bbox 630 2420 708 2455; x_wconf 82' lang='lat' dir='ltr'>VII:</span> <span class='ocrx_word' id='word_1_353' title='bbox 735 2430 813 2455; x_wconf 89' lang='lat' dir='ltr'><strong>ecce</strong></span> <span class='ocrx_word' id='word_1_354' title='bbox 838 2422 939 2465; x_wconf 80' lang='lat' dir='ltr'><strong>virgo</strong></span> <span class='ocrx_word' id='word_1_355' title='bbox 965 2422 1138 2465; x_wconf 81' lang='lat' dir='ltr'><strong>concipiet</strong></span> <span class='ocrx_word' id='word_1_356' title='bbox 1164 2425 1228 2455; x_wconf 84' lang='lat' dir='ltr'><strong>etc.</strong></span> <span class='ocrx_word' id='word_1_357' title='bbox 1268 2420 1428 2454; x_wconf 87' lang='lat' dir='ltr'><strong>Secundo</strong></span> <span class='ocrx_word' id='word_1_358' title='bbox 1453 2431 1517 2465; x_wconf 85' lang='lat' dir='ltr'><strong>per</strong></span> 
     </span>
     <span class='ocr_line' id='line_1_37' title="bbox 129 2484 1516 2531; baseline 0.001 -12"><span class='ocrx_word' id='word_1_359' title='bbox 129 2485 296 2531; x_wconf 79' lang='lat' dir='ltr'><strong>liguram:</strong></span> <span class='ocrx_word' id='word_1_360' title='bbox 336 2484 401 2519; x_wconf 86' lang='lat' dir='ltr'><strong>hoc</strong></span> <span class='ocrx_word' id='word_1_361' title='bbox 427 2487 515 2520; x_wconf 88' lang='lat' dir='ltr'><strong>enim</strong></span> <span class='ocrx_word' id='word_1_362' title='bbox 538 2485 722 2531; x_wconf 86' lang='lat' dir='ltr'><strong>figuratum</strong></span> <span class='ocrx_word' id='word_1_363' title='bbox 749 2486 814 2520; x_wconf 87' lang='lat' dir='ltr'><strong>suit</strong></span> <span class='ocrx_word' id='word_1_364' title='bbox 839 2490 874 2520; x_wconf 85' lang='lat' dir='ltr'><strong>et</strong></span> <span class='ocrx_word' id='word_1_365' title='bbox 899 2496 962 2530; x_wconf 89' lang='lat' dir='ltr'><strong>per</strong></span> <span class='ocrx_word' id='word_1_366' title='bbox 987 2487 1122 2531; x_wconf 81' lang='lat' dir='ltr'><strong>virgam</strong></span> <span class='ocrx_word' id='word_1_367' title='bbox 1149 2486 1289 2528; x_wconf 73' lang='lat' dir='ltr'><strong>Aaron,</strong></span> <span class='ocrx_word' id='word_1_368' title='bbox 1327 2496 1416 2531; x_wconf 85' lang='lat' dir='ltr'><strong>quae</strong></span> <span class='ocrx_word' id='word_1_369' title='bbox 1442 2487 1516 2521; x_wconf 86' lang='lat' dir='ltr'><strong>sinc</strong></span> 
     </span>
     <span class='ocr_line' id='line_1_38' title="bbox 131 2550 1519 2597; baseline 0.001 -13"><span class='ocrx_word' id='word_1_370' title='bbox 131 2552 223 2584; x_wconf 90' lang='lat' dir='ltr'><strong>omni</strong></span> <span class='ocrx_word' id='word_1_371' title='bbox 246 2550 394 2584; x_wconf 89' lang='lat' dir='ltr'><strong>humano</strong></span> <span class='ocrx_word' id='word_1_372' title='bbox 420 2550 534 2584; x_wconf 90' lang='lat' dir='ltr'><strong>studio</strong></span> <span class='ocrx_word' id='word_1_373' title='bbox 559 2551 695 2593; x_wconf 82' lang='lat' dir='ltr'><strong>floruit,</strong></span> <span class='ocrx_word' id='word_1_374' title='bbox 724 2555 758 2586; x_wconf 87' lang='lat' dir='ltr'><strong>et</strong></span> <span class='ocrx_word' id='word_1_375' title='bbox 782 2562 844 2596; x_wconf 87' lang='lat' dir='ltr'><strong>per</strong></span> <span class='ocrx_word' id='word_1_376' title='bbox 871 2555 1004 2595; x_wconf 89' lang='lat' dir='ltr'><strong>portam</strong></span> <span class='ocrx_word' id='word_1_377' title='bbox 1029 2550 1238 2594; x_wconf 84' lang='lat' dir='ltr'><strong>Ezechielis,</strong></span> <span class='ocrx_word' id='word_1_378' title='bbox 1267 2562 1357 2597; x_wconf 84' lang='lat' dir='ltr'><strong>quae</strong></span> <span class='ocrx_word' id='word_1_379' title='bbox 1381 2562 1519 2597; x_wconf 88' lang='lat' dir='ltr'><strong>semper</strong></span> 
     </span>
     <span class='ocr_line' id='line_1_39' title="bbox 131 2616 1517 2663; baseline 0.001 -13"><span class='ocrx_word' id='word_1_380' title='bbox 131 2616 252 2650; x_wconf 86' lang='lat' dir='ltr'><strong>clausa</strong></span> <span class='ocrx_word' id='word_1_381' title='bbox 277 2617 477 2662; x_wconf 86' lang='lat' dir='ltr'><strong>permansit.</strong></span> <span class='ocrx_word' id='word_1_382' title='bbox 528 2616 649 2651; x_wconf 89' lang='lat' dir='ltr'><strong>Tertio</strong></span> <span class='ocrx_word' id='word_1_383' title='bbox 677 2627 740 2661; x_wconf 91' lang='lat' dir='ltr'><strong>per</strong></span> <span class='ocrx_word' id='word_1_384' title='bbox 762 2616 973 2650; x_wconf 86' lang='lat' dir='ltr'><strong>custodiam:</strong></span> <span class='ocrx_word' id='word_1_385' title='bbox 1007 2616 1140 2662; x_wconf 84' lang='lat' dir='ltr'><strong>Joseph</strong></span> <span class='ocrx_word' id='word_1_386' title='bbox 1166 2619 1253 2652; x_wconf 83' lang='lat' dir='ltr'><strong>enlm</strong></span> <span class='ocrx_word' id='word_1_387' title='bbox 1279 2628 1322 2652; x_wconf 90' lang='lat' dir='ltr'><strong>ex</strong></span> <span class='ocrx_word' id='word_1_388' title='bbox 1348 2628 1403 2660; x_wconf 83' lang='lat' dir='ltr'><strong>eo,</strong></span> <span class='ocrx_word' id='word_1_389' title='bbox 1426 2618 1517 2663; x_wconf 88' lang='lat' dir='ltr'><strong>quod</strong></span> 
     </span>
     <span class='ocr_line' id='line_1_40' title="bbox 133 2681 1519 2729; baseline 0.002 -14"><span class='ocrx_word' id='word_1_390' title='bbox 133 2683 244 2727; x_wconf 86' lang='lat' dir='ltr'><strong>ipsam</strong></span> <span class='ocrx_word' id='word_1_391' title='bbox 270 2681 478 2718; x_wconf 80' lang='lat' dir='ltr'><strong>custodivit.</strong></span> <span class='ocrx_word' id='word_1_392' title='bbox 504 2683 604 2716; x_wconf 85' lang='lat' dir='ltr'><strong>testis</strong></span> <span class='ocrx_word' id='word_1_393' title='bbox 628 2691 712 2716; x_wconf 85' lang='lat' dir='ltr'><strong>suae</strong></span> <span class='ocrx_word' id='word_1_394' title='bbox 738 2682 952 2728; x_wconf 80' lang='lat' dir='ltr'><strong>virginitatis</strong></span> <span class='ocrx_word' id='word_1_395' title='bbox 980 2684 1123 2717; x_wconf 77' lang='lat' dir='ltr'><strong>exstitit.</strong></span> <span class='ocrx_word' id='word_1_396' title='bbox 1172 2683 1304 2724; x_wconf 85' lang='lat' dir='ltr'><strong>Quarto</strong></span> <span class='ocrx_word' id='word_1_397' title='bbox 1326 2694 1390 2729; x_wconf 87' lang='lat' dir='ltr'><strong>per</strong></span> <span class='ocrx_word' id='word_1_398' title='bbox 1413 2694 1519 2729; x_wconf 84' lang='lat' dir='ltr'><strong>expe-</strong></span> 
     </span>
    </p>
   </div>
  </div>
 </body>
</html>
