1742 3005
358 94 455 143 Cap.
489 93 568 131 XC.
629 94 687 131 De
727 102 856 132 sancto
887 95 1007 133 Paulo
1038 98 1226 147 apostolo.
1405 97 1484 137 387

59 199 288 250 'glorificam
325 209 425 244 quos
448 200 631 234 interemit.
680 199 723 234 Et
761 212 869 242 nunc,
915 201 1023 236 frater
1049 204 1093 236 mi
1121 202 1347 246 Timotheus,
1396 216 1483 250 quos

92 266 250 300 dilexisti
272 270 306 300 et
331 269 405 299 toto
431 265 538 300 corde
564 265 812 307 desiderabas,
840 267 924 301 Saul
965 268 1042 302 dico
1070 279 1187 315 regem
1227 274 1261 304 et
1294 269 1482 314 Jonathan‚

76 333 128 365 ‘in
152 332 224 365 vita
247 341 312 366 sua
335 342 404 365 non
430 336 510 365 sunt
536 333 694 376 separati
719 342 782 366 nec
808 334 842 366 in
868 338 997 374 morte,
1028 338 1062 367 et
1090 345 1156 379 ego
1182 346 1250 369 non
1278 346 1352 370 sum
1377 347 1483 382 sepa-

90 402 188 432 ratus
215 408 235 432 a
258 398 591 443 domino‘magistro
617 408 714 437 meo,
755 399 823 431 nisi
858 409 930 432 cum
958 405 1213 442 separaverunt
1237 412 1301 435 nos
1326 402 1483 439 homines

91 465 236 508 pessimi
260 468 295 498 et
319 465 440 509 iniqui,
466 468 500 498 et
524 464 702 507 separatio
730 462 832 508 hujus
861 463 970 498 horae
996 475 1065 497 non
1092 466 1157 498 erit
1184 475 1343 510 semper,
1369 470 1485 503 anima.

91 531 168 575 eJus
195 530 380 575 cognoscit
412 528 580 569 dilectos,
617 529 719 562 etiam
754 529 828 562 sine
864 528 951 571 hoc,
985 529 1078 574 qnod
1112 531 1142 564 ei
1178 530 1387 576 loquantur,
1425 537 1485 579 qui

89 605 179 629 nunc
224 595 266 629 ab
312 605 354 628 eo
390 593 546 639 elongati
576 598 674 634 sunt,
721 595 753 627 in
787 593 844 628 die
887 599 1001 629 autem
1046 598 1314 631 resurrectionis
1356 609 1485 645 magna

84 661 227 705 jactura
252 663 348 695 esset
372 660 533 703 separari
561 658 604 692 ab
631 660 684 692 iis.
734 658 825 694 Haec
851 659 1051 705 Dionysius.
1101 661 1183 696 Ideo
1214 662 1483 708 chrysostomus

88 728 122 760 in
155 725 246 759 libro
279 724 322 759 de
357 725 522 759 laudibus
556 725 657 760 Pauli
683 725 771 759 huuc
796 725 990 771 gloriosum
1019 728 1216 772 apostolum
1244 729 1485 775 multipliciter

87 790 305 826 commendat
337 792 389 825 sie
425 790 564 825 dicens:
598 791 683 825 nihil
719 801 863 835 prorsus
900 794 1049 833 erravit,
1085 795 1141 838 qui
1179 799 1313 838 pratum
1345 797 1484 842 insigne

85 859 249 892 virtutum
280 867 322 892 ae
346 857 547 902 paradisum
576 857 792 902 spiritualem
818 857 915 891 Pauli
942 860 1088 891 animam
1113 862 1336 904 nuncupavit.
1388 861 1484 900 Quae

86 928 202 958 autem
226 923 349 970 lingua
373 923 537 958 laudibus
564 925 638 969 ejus
667 924 865 957 inveniatur
899 924 1076 968 aequalis,
1112 935 1187 958 cum
1220 927 1355 967 onmia,
1394 937 1482 971 qua(-

87 993 167 1023 sunt
191 991 225 1023 iu
252 991 411 1023 omnibus
438 990 549 1031 bona,
575 990 689 1023 anima
716 998 779 1022 sua
804 998 872 1022 una
899 989 1083 1033 possideat
1110 995 1142 1024 et
1170 1000 1211 1025 ea
1237 996 1363 1025 cuneta
1381 992 1483 1036 plene

86 1055 282 1090 accumulet
324 1065 392 1089 non
438 1055 550 1089 solum
593 1054 786 1095 hominum,
829 1054 893 1089 sed
928 1055 1052 1097 etiam,
1096 1056 1189 1100 quod
1232 1061 1285 1090 est
1320 1057 1481 1101 amplius,

85 1120 302 1166 angelorum.
350 1120 423 1156 Nec
465 1125 580 1155 tamen
622 1120 753 1154 idcireo
797 1119 1040 1162 reticebimus,
1086 1122 1168 1166 quin
1211 1123 1327 1165 potius
1370 1132 1484 1167 panca

84 1185 250 1221 dicemus.
298 1185 362 1221 Est
389 1188 476 1221 enim
505 1187 571 1222 hoc
598 1189 780 1222 maximum
807 1185 921 1219 laudis
950 1196 1082 1231 genus,
1105 1197 1193 1230 ‚cuin
1220 1189 1390 1222 orationis
1420 1199 1481 1222 eo-

85 1253 177 1297 piam
209 1254 320 1287 virtus
355 1258 500 1298 superat
535 1258 569 1288 et
602 1253 806 1300 magnitudo
833 1253 978 1294 laudati,
1014 1254 1134 1298 sicque
1159 1254 1249 1286 vinci
1287 1254 1394 1288 multo
1429 1260 1484 1289 est

84 1317 187 1352 nobis
210 1318 404 1364 gloriosius
432 1330 532 1364 quam
558 1330 666 1364 saepe
692 1321 840 1360 vicisse;
875 1318 966 1353 unde
1001 1319 1109 1363 igitur
1143 1320 1374 1363 opportunius
1402 1320 1480 1354 lau-

86 1382 163 1417 dum
191 1385 268 1428 ejus
295 1394 466 1419 sumemus
495 1385 696 1427 exordium,
722 1386 790 1418 nisi
816 1384 858 1418 ab
888 1384 953 1418 hoc
977 1386 1082 1429 ipso?
1110 1386 1273 1428 primum,
1300 1389 1337 1419 ut
1361 1390 1479 1420 osten-

85 1448 206 1483 damus
231 1459 306 1483 eum
334 1449 428 1484 bona
451 1452 599 1485 omnium
626 1450 877 1495 possidentem.
926 1450 1016 1484 Abel
1050 1449 1177 1483 obtulit
1207 1450 1416 1484 sacrificium
1447 1456 1481 1485 et

84 1514 165 1549 inde
189 1514 376 1558 laudatur,
412 1516 475 1551 sed
500 1518 530 1550 si
556 1516 655 1551 Pauli
689 1515 839 1550 hostiam
867 1515 1078 1549 adducamus
1108 1517 1141 1548 in
1168 1514 1334 1557 medium,
1371 1527 1480 1561 quan-

83 1585 153 1614 tum
192 1580 325 1615 coelum
361 1591 383 1616 a
414 1586 510 1616 terra
550 1584 715 1627 superior
757 1574 953 1626 apparebit.
1003 1580 1182 1625 Siquidem
1225 1587 1335 1617 semet
1367 1584 1480 1627 ipsum

84 1656 148 1690 per
172 1645 248 1681 dies
277 1648 438 1693 singulos
463 1648 676 1689 immolabat,
705 1657 804 1692 quam
830 1652 943 1682 tamen
971 1646 1120 1681 hostiam
1147 1647 1332 1691 dupliciter
1350 1648 1478 1683 offere-

83 1712 165 1754 bat,
207 1717 278 1748 tum
311 1714 347 1748 in
381 1713 488 1748 corde
520 1718 591 1748 tum
625 1715 660 1748 in
696 1724 844 1758 corpore
876 1713 1177 1747 mortificationem
1216 1713 1478 1757 circumferens,

82 1789 153 1812 non
181 1779 269 1813 enim
296 1789 381 1813 oves
407 1779 581 1814 offerebat
607 1784 667 1814 aut
690 1779 821 1821 boves,
849 1779 912 1814 sed
939 1790 978 1814 se
1004 1781 1116 1824 ipsum
1144 1778 1331 1823 dupliciter
1357 1781 1478 1813 immo-

82 1845 199 1888 labat,
225 1845 417 1891 neque·his
443 1849 626 1880 contentus
657 1845 731 1887 suit,
758 1845 821 1880 sed
847 1847 948 1880 etiam
976 1844 1096 1879 orbem
1122 1846 1319 1879 universum
1347 1844 1481 1879 studuit

82 1911 222 1952 offerre,
248 1912 331 1957 quia
355 1915 484 1946 terram
508 1921 548 1946 ac
574 1921 681 1954 mare,
711 1911 893 1946 Graeciam
919 1915 1022 1957 atque
1051 1909 1250 1944 barbariem
1276 1920 1479 1955 omnemque

83 1975 148 2010 sub
181 1975 258 2010 sole
293 1978 472 2022 regionem
499 1978 601 2022 quasi
635 1977 787 2011 volitans
815 1977 1009 2011 circumivit
1037 1986 1078 2010 ex
1104 1974 1303 2009 hominibus
1330 1975 1479 2021 angelos

85 2041 242 2083 faciens,
280 2041 363 2085 quin
399 2042 499 2074 immo
535 2042 631 2085 ipsos
659 2041 817 2076 homines
856 2043 957 2087 quasi
984 2052 1026 2076 ex
1052 2040 1280 2075 daemonibus
1307 2041 1342 2073 in
1367 2049 1478 2084 ange-

84 2108 138 2142 los
165 2105 372 2152 pervehens.
423 2106 512 2145 Quid
540 2105 621 2140 huic
646 2105 785 2140 hostiae
812 2108 1007 2150 reperietur
1034 2105 1193 2150 aequale,
1222 2114 1323 2149 quam
1349 2103 1478 2139 Paulus

81 2172 203 2219 gladio
230 2173 376 2217 spiritus
409 2173 520 2206 sancti
553 2171 746 2206 immolavit
777 2176 811 2206 et
838 2173 872 2205 in
898 2171 960 2205 illo
989 2171 1115 2211 altari,
1144 2169 1235 2215 quod
1265 2180 1372 2214 super
1396 2179 1478 2205 coe-

82 2239 151 2273 lum
178 2238 327 2272 locatum
353 2241 426 2279 est,
453 2237 608 2272 obtulit?
656 2236 725 2271 Sed
751 2236 841 2272 Abel
868 2236 949 2270 dolo
974 2238 1132 2282 germani
1158 2245 1347 2280 percussus
1373 2245 1478 2270 occu-

83 2303 178 2345 buit,
204 2303 332 2338 Paulus
360 2314 442 2338 vero
468 2303 511 2337 ab
540 2305 584 2337 iis
613 2303 820 2338 interfectus
843 2308 916 2345 est,
952 2312 1040 2348 quos
1074 2302 1118 2337 ab
1151 2302 1341 2335 innumeris
1377 2300 1478 2334 malis

83 2368 248 2414 cupiebat
265 2378 401 2403 eruere.
434 2368 495 2403 Vis
515 2374 629 2404 autem
650 2370 726 2414 ejus
748 2370 946 2403 innumeras
964 2367 1029 2401 tibi
1051 2366 1231 2401 ostendam
1257 2370 1401 2406 morteS,
1426 2369 1480 2399 tot

82 2435 203 2480 utique
229 2437 314 2480 quot
339 2434 442 2468 etiam
469 2433 544 2468 dies
570 2435 683 2468 vixit?
722 2433 798 2468 Noe
825 2444 863 2468 se
887 2437 1019 2467 tantum
1054 2434 1088 2466 in
1114 2431 1223 2466 archa
1246 2430 1378 2475 legitur
1401 2440 1478 2465 ser-

82 2509 187 2535 vasse
223 2510 298 2534 cum
333 2498 479 2541 liberis,
528 2498 585 2532 hic
618 2504 732 2533 autem
768 2499 873 2533 multo
917 2498 1079 2532 saeviore
1121 2495 1311 2530 inundante
1348 2485 1478 2530 diluvio

51 2550 63 2557 ἦ
84 2576 154 2600 non
196 2564 339 2600 archam
385 2563 581 2608 coaptando
629 2563 916 2609 compaginibus.
938 2562 1156 2603 tabularum,
1199 2561 1285 2615 sed=
1307 2560 1479 2605 epistolas

83 2630 325 2675 componendo
358 2641 420 2675 pro
453 2629 584 2664 tabulis
618 2631 817 2664 universum
853 2628 973 2663 orbem
1002 2628 1257 2674 periclitantem
1285 2636 1328 2661 ex
1355 2624 1479 2660 mediis

84 2695 246 2732 fluctibus
266 2695 442 2732 liberavit.
471 2696 562 2732 Haec
584 2699 697 2731 autem
717 2694 823 2730 archa
840 2705 909 2729 non
928 2705 995 2730 uno
1014 2695 1091 2730 loco
1111 2692 1364 2733 circumfertur,
1390 2700 1480 2735 quae

1110 2757 1154 2794 25
1171 2758 1189 2778 '¹‘
