1742 3005
183 104 278 155 Cap.
310 102 538 142 CXXXVII.
597 104 656 142 De
686 103 916 142 exaltatione
946 108 1101 140 sanctae
1131 103 1264 140 crucis.
1364 101 1444 142 607

63 206 201 242 Turrim
227 215 309 244 vero
333 206 429 242 illam
454 206 639 244 destruens
663 208 698 244 et
723 212 903 254 argentum
936 210 970 244 in
1003 207 1166 254 praedam
1193 209 1249 243 sui
1273 211 1446 245 exercitus

61 272 240 315 tribuens,
278 283 399 308 aurum
432 283 515 308 vero
544 278 577 309 et
601 284 756 320 gemmas
781 274 826 308 ad
861 274 1094 319 reparandum
1129 273 1322 318 ecclesias,
1358 285 1446 321 quas

61 341 227 382 tyrannus
252 338 492 381 destruxerat,
527 341 733 374 reservavit.
781 339 922 374 Sacram
955 341 1064 384 igitur
1088 349 1222 373 crucem
1249 342 1446 385 suscipiens

61 401 328 438 Hierosolimam
360 406 572 449 reportavit,
608 415 753 449 cumque
790 409 901 438 autem
937 403 980 438 de
1014 407 1129 438 monte
1155 404 1275 438 oliveti
1300 405 1447 440 descen-

62 467 148 503 dens
172 479 237 514 per
258 474 414 514 portam,
450 479 519 514 qua
544 469 700 503 domiuus
727 479 895 513 passurus
921 469 1136 509 intraverat,
1169 468 1204 500 in
1231 478 1320 513 equo
1345 471 1446 514 regio

63 538 98 568 et
115 539 317 569 ornamento
338 533 509 578 imperiali
530 532 671 578 ingredi
691 533 808 575 vellet,
836 537 979 577 repente
998 531 1137 577 lapides
1156 536 1279 576 portae
1298 532 1445 568 descen-

61 599 186 634 derunt
207 604 240 634 et
258 601 403 634 invicem
424 600 524 643 quasi
543 609 658 632 murus
679 598 733 632 vel
754 608 841 632 unus
866 599 984 642 paries
1010 608 1048 631 se
1074 597 1286 635 clauserunt.
1334 599 1449 644 Super

61 675 130 709 quo
148 665 279 698 cunetis
299 663 520 707 stupentibus
546 664 694 709 angelus
713 663 842 697 domini
868 665 1004 708 signum
1032 665 1144 696 erucis
1163 664 1196 696 in
1216 663 1374 699 manibus
1393 668 1447 700 te-

59 739 143 764 nens
160 739 267 773 super
287 732 422 773 portam
443 730 607 773 apparuit
628 728 767 763 dicens:
796 739 870 762 eum
891 738 952 762 rex
974 728 1148 762 coelorum
1171 728 1215 761 ad
1244 731 1446 773 passionem

58 803 122 839 per
145 793 236 829 hanc
262 798 399 838 portam
425 795 582 835 intraret,
606 804 672 828 nec
699 794 791 828 cultu
818 795 930 839 regio,
960 793 1021 828 sed
1046 793 1167 827 humili
1191 793 1301 827 asello
1328 796 1446 840 ingre-

58 859 159 895 diens
183 859 390 894 humilitatis
417 859 610 904 exemplum
638 860 710 893 suis
736 859 929 893 cultoribus
963 858 1170 902 dereliquit;
1199 862 1231 892 et
1257 858 1312 892 his
1341 859 1444 894 dictis

58 926 206 970 angelus
240 924 425 959 abscessit.
477 924 575 958 Tunc
596 926 788 968 imperator
811 924 973 967 lacrymis
1008 922 1143 956 infusus
1172 933 1208 958 se
1234 925 1345 968 ipsum
1372 925 1445 959 dis-

57 990 232 1025 calceavit
256 994 290 1025 et
315 991 522 1024 vestimenta
546 999 656 1033 usque
683 988 728 1022 ad
755 990 931 1023 camisiam
961 990 1055 1022 exuit
1080 998 1285 1034 crucemque
1314 989 1446 1024 domini

57 1056 233 1100 accipiens
258 1065 369 1100 usque
395 1054 438 1088 ad
463 1058 598 1099 portam
627 1054 805 1088 humiliter
830 1054 1003 1099 bajulavit
1024 1064 1173 1099 moxque
1196 1054 1327 1089 duritia
1351 1056 1443 1100 lapi-

58 1120 136 1154 dum
154 1120 310 1155 coeleste
327 1120 502 1164 persensit
527 1120 708 1164 imperium
734 1121 920 1165 statimque
948 1124 1050 1164 porta
1066 1131 1104 1155 se
1123 1121 1334 1166 suberigens
1353 1121 1443 1156 libe-

56 1196 130 1220 rum
155 1184 366 1219 intrantibus
392 1184 562 1230 patefecit
588 1186 797 1230 ingressum.
847 1184 944 1219 Odor
970 1189 1083 1219 autem
1111 1187 1355 1228 suavissimus,
1384 1189 1444 1233 qui

55 1250 178 1287 eodem
214 1250 270 1286 die
307 1250 500 1296 eodemque
533 1254 725 1292 momento,
759 1261 827 1295 quo
862 1250 904 1285 de
938 1251 1025 1284 turri
1051 1251 1207 1286 Cosdroe
1233 1262 1335 1286 sacra
1359 1262 1443 1287 crux

55 1317 122 1352 fuit
154 1317 293 1359 ablata,
355 1316 581 1351 {ierosolimis
623 1315 666 1350 de
700 1315 885 1350 Persarum
920 1316 1103 1360 provincia
1135 1327 1199 1360 per
1229 1321 1299 1351 tam
1333 1318 1444 1364 longa

53 1387 226 1418 terrarum
253 1383 368 1426 spatia
394 1382 509 1416 fuerat
533 1381 694 1425 illapsus,
719 1386 799 1415 tunc
824 1382 929 1416 rediit
947 1392 1135 1426 omnesque
1155 1382 1306 1416 mirabili
1324 1384 1441 1417 suavi-

51 1452 125 1482 tate
156 1447 290 1482 rel'ecit.
347 1445 420 1481 Rex
452 1451 566 1482 autem
603 1447 850 1481 devotissimus
891 1448 925 1480 in
957 1446 1021 1480 has
1055 1449 1166 1481 crucis
1201 1447 1324 1482 laudes
1359 1459 1441 1492 pro—

52 1515 163 1558 rupit:
190 1523 210 1547 ο
237 1522 321 1546 crux
348 1511 568 1556 splendidior
593 1514 725 1546 cuneus
753 1513 870 1553 astris,
897 1513 1023 1546 niundo
1053 1512 1216 1553 celebris,
1243 1512 1441 1548 hominibus

51 1579 193 1614 multum
218 1577 400 1620 amabilis,
429 1579 584 1611 sanctior
606 1579 792 1619 universis,
822 1587 912 1622 quae
937 1577 1014 1610 sola
1042 1576 1138 1610 suisti
1163 1578 1271 1623 digna
1297 1582 1441 1623 portare

50 1644 220 1679 talentum
243 1642 379 1685 mundi,
408 1642 508 1677 dulce
534 1643 687 1689 lignum,
714 1641 834 1677 dulces
863 1642 974 1684 clavi,
1013 1641 1125 1676 dulcis
1153 1653 1293 1685 mucro,
1328 1643 1439 1678 dulcis

50 1710 174 1752 hasta,
209 1708 325 1743 dulcia
350 1707 467 1743 serens
493 1708 668 1753 pondera,
704 1709 803 1742 salva
838 1712 1057 1753 praesentem
1092 1713 1270 1743 catervam
1304 1710 1337 1743 in
1368 1711 1439 1744 tuis

49 1775 158 1810 hodie
193 1773 358 1808 laudibus
392 1777 662 1820 congregatam,
696 1777 757 1808 tuo
792 1774 921 1808 vexillo
956 1776 1141 1820 signatam.
1192 1774 1321 1819 Sicque
1357 1785 1438 1820 pre-

47 1841 144 1875 tiosa
166 1841 202 1874 in
227 1849 290 1874 suo
316 1838 395 1873 loco
421 1840 617 1873 restituitur
640 1841 832 1885 etantiqua
849 1839 1018 1874 miracula
1036 1843 1260 1876 renovantur.
1307 1839 1439 1875 Mortui

49 1905 189 1952 quidam
230 1905 324 1939 vitae
364 1905 614 1947 restituuntur,
656 1905 834 1950 paralitici
876 1909 1028 1950 quatuor
1070 1909 1258 1948 curantur,
1303 1905 1439 1950 leprosi

0 1988 1 1991 =
49 1971 167 2004 decem
183 1969 402 2011 mundantur,
429 1971 526 2004 caeci
546 1969 741 2014 quindecim
761 1970 1010 2012 illuminantur,
1032 1970 1219 2005 daemones
1239 1970 1440 2016 effugantur

49 2038 86 2070 et
108 2042 131 2068 a
155 2033 264 2068 variis
289 2032 520 2078 languoribus
549 2035 690 2078 plurimi
713 2034 908 2069 liberantur
932 2040 966 2069 et
986 2037 1037 2069 sic
1056 2037 1248 2079 imperator
1265 2036 1438 2070 ecclesias

48 2106 221 2145 reparans
255 2099 291 2131 et
324 2097 436 2141 regiis
469 2097 669 2131 muneribus
701 2098 880 2132 cumulans
913 2099 958 2133 ad
991 2100 1135 2143 propria
1164 2101 1343 2134 remeavit.
1398 2099 1436 2134 In

48 2164 223 2201 chronicis
254 2165 368 2196 autem
402 2160 470 2195 hoc
502 2165 639 2206 gestum
671 2162 775 2197 aliter
811 2163 920 2199 fuisse
953 2168 1126 2198 narratur.
1174 2163 1310 2197 Dicitur
1333 2165 1436 2206 enim,

49 2230 154 2277 quod,
179 2228 258 2263 dum
270 2225 428 2262 Cosdroe
446 2235 618 2271 occupans
635 2230 799 2263 universa
818 2239 929 2275 regna
940 2229 1155 2264 Hierusalem
1175 2239 1249 2263 cum
1261 2229 1436 2264 Zacharia

47 2293 251 2342 patriarcha
274 2296 309 2327 et
332 2292 429 2337 ligno
454 2293 566 2326 crucis
590 2295 745 2338 cepisset
770 2299 804 2328 et
827 2293 986 2329 Eraclius
1011 2305 1085 2329 cum
1112 2305 1153 2329 eo
1178 2305 1298 2340 pacem
1317 2295 1435 2331 facere

46 2360 177 2402 vellet,
199 2358 356 2403 jnravit‚
383 2366 422 2391 se
447 2367 522 2391 cum
547 2357 711 2393 Romanis
739 2369 859 2404 pacem
883 2371 952 2394 non
977 2359 1158 2402 facturum,
1184 2360 1295 2395 donec
1321 2361 1433 2395 cruci-

47 2425 150 2460 fixum
175 2423 395 2468 abnegarent
419 2426 453 2456 et
477 2422 586 2457 solem
611 2424 814 2462 adorarent.
862 2425 960 2460 Tunc
984 2424 1144 2460 Eraclius
1177 2426 1254 2460 zelo
1279 2429 1434 2460 armatus

48 2493 172 2525 eontra
196 2499 273 2524 eum
301 2488 489 2522 exercitum
513 2489 620 2523 movit
653 2494 687 2524 et
709 2490 838 2525 Persas
862 2491 979 2525 multis
1003 2491 1151 2535 proeliis
1177 2490 1376 2525 devastavit
1399 2495 1434 2526 et

47 2554 207 2591 cosdroe
228 2562 340 2599 usque
365 2551 410 2587 ad
437 2552 698 2597 Ctesiphontem
723 2555 848 2601 sugere
874 2555 1050 2600 compulit.
1099 2555 1253 2591 Tandem
1273 2555 1432 2592 Cosdroe

47 2619 290 2654 dissenteriam
315 2621 496 2653 incurrens
534 2618 748 2662 ¹)Medasan
780 2620 885 2655 filium
918 2631 1015 2655 suum
1056 2622 1090 2654 in
1117 2631 1235 2667 regem
1259 2631 1429 2656 coronare

40 2674 598 2687 —..-—„—-——..-

116 2698 145 2731 1)
165 2696 220 2725 Ed.
238 2700 282 2725 Pr.
300 2698 438 2725 Dasain
457 2697 536 2730 legit,
