1742 3005
267 104 349 146 288
515 105 611 156 Cap.
641 104 779 141 LXlIl.
838 104 898 143 De
927 112 1057 145 sancto
1085 106 1199 146 Petro
1241 107 1407 146 martire.

266 212 390 247 collum
427 213 461 245 et
496 212 618 254 pectus
653 207 810 243 mulieris
846 211 1069 246 excoriantes
1093 214 1129 246 et
1154 210 1236 247 inde
1265 215 1432 246 exeuntes
1461 211 1660 246 semivivam

268 289 342 312 eam
372 276 597 317 dimiserunt,
633 273 696 308 sed
724 279 806 320 post
830 275 997 309 modicum
1027 278 1166 321 penitus
1193 280 1317 310 sanata
1341 279 1503 312 surrexit.
1551 277 1659 312 Prae-

266 344 379 377 dictus
405 345 518 376 autem
547 340 728 375 Conradus
751 340 952 376 haereticus
988 341 1074 376 haec
1107 340 1231 376 videns
1261 345 1296 376 et
1319 346 1463 387 stupens
1489 343 1534 378 ad
1560 343 1661 377 fidem

266 408 474 443 catholicam
501 410 553 441 est
578 417 780 442 conversus.
805 427 850 432 »-
869 427 915 432 —-
939 428 984 432 -
1015 410 1083 445 12.
1100 407 1136 452 ¹)
1169 406 1252 441 Cum
1289 407 1428 452 quidam
1461 408 1661 443 hacreticus

266 475 457 509 acerrimus
483 472 683 518 disputator
708 477 742 508 et
754 473 988 519 -eloquentiae
1015 473 1206 519 singularis
1233 483 1308 507 cum
1324 473 1428 508 beato
1444 473 1562 517 Petro,
1587 485 1661 508 cum

266 540 381 574 adhuc-
407 540 557 582 viveret,
586 539 781 583 disputaret
806 542 840 573 et
865 549 1004 573 errores
1037 549 1120 573 suos
1159 538 1337 573 subtiliter
1371 543 1406 574 et
1441 543 1542 574 acute
1577 550 1660 584 pro-

265 607 445 651 posuisset
470 606 505 639 in
532 605 680 640 medium
705 615 745 639 ac
770 605 895 639 beatus
912 604 1049 647 Petrus,
1076 608 1113 638 ut
1138 603 1372 648 responderet
1393 604 1439 638 ad
1464 607 1661 650 proposita,

267 673 484 715 importunus
509 675 737 716 perurgeret,
774 670 833 705 ille
868 670 1157 705 deliberationem
1189 674 1312 714 petens
1337 672 1526 704 oratorium
1552 669 1663 716 quod-

266 737 368 779 dam,
397 736 490 781 quod
515 746 625 780 prope
654 739 749 777 erat,
778 737 921 769 intravit
945 745 1020 768 cum
1045 734 1209 780 lacrymis
1236 746 1341 770 orans
1366 736 1493 778 Deum,
1522 741 1559 771 ut
1578 746 1662 770 cau-

267 813 341 838 sam
366 801 449 835 frdei
480 811 564 835 suae
591 800 798 835 defenderet
824 804 858 834 et
889 800 1087 845 loquentem
1113 800 1280 834 tumidum
1312 805 1372 834 aut
1397 801 1441 835 ad
1466 800 1548 836 fidei
1568 803 1661 836 veri-

265 874 372 904 tatem
401 867 585 902 reduceret
609 871 669 901 aut
693 866 836 912 linguae
864 867 1062 911 privatione
1087 867 1238 911 puniret,
1261 877 1306 901 ne
1330 877 1394 912 pcr
1414 877 1490 901 eam
1516 866 1558 901 de
1582 877 1663 901 cae-

265 940 342 971 tero
367 939 489 969 contra
516 932 598 966 fidei
619 934 801 967 veritatem
818 936 979 974 tumeret,
1006 931 1219 978 rediensque
1238 931 1284 967 ad
1307 931 1522 967 haereticum
1548 943 1664 967 coram

266 1000 426 1036 omnibus
454 998 568 1044 palam
596 997 705 1037 dixit,
740 1002 778 1032 ut
808 1008 890 1033 suas
919 998 1042 1032 iterum
1068 1003 1283 1042 proponeret
1307 999 1475 1033 rationes.
1525 998 1590 1038 Qui
1614 1000 1665 1033 ita

264 1068 404 1113 penitus
434 1065 549 1111 sactus
583 1067 637 1098 est
670 1067 805 1106 mutus,
841 1065 892 1098 uti
916 1073 979 1098 nec
1006 1073 1109 1097 unum
1137 1063 1248 1098 solum
1276 1064 1417 1099 verbum
1442 1064 1664 1110 aliquatenus

264 1132 427 1179 proferre
460 1129 606 1165 valeret.
653 1127 751 1163 Unde
787 1128 957 1163 haeretici
991 1128 1129 1163 confusi
1165 1135 1391 1165 recesserunt
1429 1135 1464 1165 et
1497 1129 1664 1165 catholici

265 1200 340 1234 Deo
374 1197 511 1243 gratias
546 1194 752 1229 retulerunt.
779 1214 823 1220 ——-
847 1214 891 1220 —-
913 1214 958 1220 —
996 1196 1070 1232 18.
1108 1194 1173 1229 vir
1208 1194 1349 1240 quidam
1384 1197 1524 1231 nomine
1551 1196 1662 1241 Opiso

264 1264 412 1300 credens
441 1262 700 1296 haereticorum
726 1270 800 1295 eum
825 1261 1014 1295 occasione
1030 1259 1211 1305 cujusdam
1230 1260 1432 1296 haer-etleae
1447 1263 1662 1308 consangui-

265 1341 353 1366 neae
377 1339 464 1364 suae
489 1327 534 1362 ad
564 1325 749 1362 ecclesiam
775 1326 918 1360 fratrum
941 1327 1100 1361 venisset
1125 1330 1160 1361 et
1186 1326 1230 1360 ad
1253 1326 1404 1361 tumbam
1429 1329 1544 1362 sancti
1566 1328 1663 1364 Petri

264 1406 419 1442 pergens
455 1394 542 1429 duos
574 1393 624 1427 ibi
659 1391 823 1441 denarios
859 1394 1128 1437 conspexisset,
1169 1392 1246 1437 ipse
1283 1393 1448 1427 denarios
1482 1395 1661 1438 accipiens

264 1463 371 1497 dixit:
394 1461 520 1496 bonum
546 1463 618 1501 est⁷
645 1463 683 1493 ut
706 1459 866 1493 bihamus
892 1460 1002 1501 istos;
1038 1460 1225 1504 statimque
1249 1462 1342 1493 totus
1370 1461 1487 1505 eoepit
1510 1464 1661 1495 tremere

263 1538 327 1563 nec
353 1527 395 1561 dc
421 1527 499 1561 loco
527 1525 649 1567 eodem
677 1525 899 1570 aliquatenus
918 1526 1032 1570 potuit
1050 1535 1089 1559 se
1107 1535 1259 1559 morere.
1310 1525 1374 1565 Qui
1394 1527 1537 1560 territus
1554 1536 1659 1571 prae-

263 1594 378 1628 di(¹tos
405 1592 570 1627 denarios
596 1593 630 1624 in
657 1591 734 1625 loco
760 1601 823 1625 suo
850 1602 929 1625 mox
956 1591 1111 1625 restituit
1135 1595 1169 1625 et
1194 1591 1244 1624 sic
1262 1590 1341 1625 inde
1365 1591 1549 1626 abscessit.
1598 1591 1660 1626 Vi-

263 1660 349 1694 dens
377 1663 491 1693 autem
516 1656 611 1691 beati
635 1655 728 1690 Petri
753 1657 933 1698 virtutem,
960 1656 1134 1691 haeresim
1161 1655 1318 1691 deseruit
1341 1660 1375 1691 et
1399 1656 1443 1691 ad
1470 1656 1572 1692 fidem
1597 1668 1658 1693 ca-

262 1725 490 1759 tholicam-se
515 1723 696 1757 convertit.
720 1741 764 1746 —
784 1741 888 1746 ——
921 1725 999 1758 19.
1015 1722 1051 1765 2)
1079 1721 1362 1756 sanctimonialis
1387 1727 1462 1757 erat
1487 1723 1658 1769 quaedam

263 1795 298 1827 in
322 1790 529 1824 Alemannia
555 1792 590 1824 et
615 1789 649 1822 in
673 1787 828 1822 elaustro
855 1786 1061 1821 Oetenbach
1088 1786 1221 1820 ordinis
1248 1788 1357 1821 sancti
1374 1787 1463 1822 Sixti
1483 1788 1656 1824 Constan-

261 1858 386 1891 tiensis
413 1855 587 1901 dyocesis,
618 1864 707 1900 quae
726 1864 790 1898 per
808 1863 933 1887 annum
960 1856 993 1886 ct
1019 1852 1166 1896 amplius
1192 1862 1335 1897 gravem
1356 1856 1490 1898 guttam
1510 1855 1543 1887 iu
1563 1866 1657 1899 genu

262 1932 434 1968 perpessa
460 1926 533 1963 est,
572 1922 621 1954 ita
654 1919 747 1965 quod
778 1919 873 1953 nullo
904 1918 1059 1953 remedio
1087 1922 1227 1962 poterat
1251 1918 1410 1956 liberari.
1458 1918 1551 1954 Ilaec
1575 1922 1657 1965 quia

262 1988 483 2033 sepulchrum
513 1987 625 2021 saneti
663 1985 758 2020 Petri
794 1984 1028 2029 corporaliter
1065 1985 1207 2018 visitare
1241 1994 1309 2017 non
1343 1988 1502 2028 poterat,
1535 1990 1656 2030 utpote

262 2064 352 2099 quae
385 2058 461 2088 erat
490 2052 553 2087 sub
586 2052 791 2087 obedientia
817 2053 1009 2086 constituta
1044 2054 1078 2085 et
1103 2060 1193 2094 quae
1221 2048 1420 2085 infirmitate
1446 2053 1657 2096 gravissima

259 2120 475 2165 urgebatur,
513 2119 684 2164 cogitavit
713 2118 837 2152 saltem
874 2116 1091 2162 praedictum
1115 2114 1336 2159 sepulchrum
1361 2117 1505 2151 mentali
1528 2128 1655 2163 gressu

260 2185 359 2220 adire
397 2195 438 2219 ac
470 2185 657 2219 devotione
696 2184 821 2218 sedula
852 2184 1011 2218 visitare.
1060 2181 1206 2215 Discens
1245 2191 1349 2222 veru,
1387 2181 1480 2226 quod
1516 2183 1551 2216 in
1575 2182 1656 2217 Xlll

261 2250 388 2284 diaetis
415 2250 457 2284 de
483 2250 562 2283 loco
584 2250 644 2284 illo
673 2249 911 2285 Mediolanum
937 2251 1061 2293 posset
1086 2246 1199 2287 adire,
1228 2245 1383 2291 quotidie
1410 2258 1473 2291 pro
1498 2248 1656 2293 qualibet

261 2316 381 2351 diaeta
406 2319 540 2349 centum
566 2320 667 2359 pater
691 2319 814 2349 noster
839 2313 883 2348 ad
908 2314 1076 2347 honorem
1110 2313 1223 2345 sancti
1250 2311 1344 2346 Petri
1379 2312 1496 2348 dicere
1525 2315 1652 2359 coepit.

261 2382 386 2417 Mirum
410 2382 443 2415 in
469 2381 625 2416 modum:
665 2392 739 2415 cum
773 2382 861 2414 istas
884 2379 1054 2414 mentales
1081 2378 1218 2412 diaetas
1237 2378 1363 2413 ⁴taliter
1382 2380 1500 2424 coepit
1524 2379 1652 2421 sat-erc,

260 2449 459 2482 successive
496 2458 634 2492 semper
667 2451 701 2482 et
737 2446 905 2491 paulatim
942 2445 1060 2489 eoepit
1095 2453 1136 2489 se
1171 2443 1295 2478 melius
1332 2443 1475 2479 hahere.
1523 2445 1570 2480 At
1593 2444 1653 2478 ubi

259 2514 413 2548 ultimam
451 2513 605 2548 diaetam
640 2512 791 2558 perfecit
823 2516 857 2547 et
891 2511 937 2546 ad
970 2510 1122 2545 tumbam
1156 2510 1300 2545 mentali
1331 2518 1457 2556 gressu
1480 2510 1652 2555 pervenit,

329 2626 356 2658 1)
376 2629 488 2652 lim-vnn
509 2627 713 2661 paragraphus
733 2627 762 2653 in
783 2627 854 2654 odit.
875 2628 984 2653 recent.
1005 2623 1139 2657 sequitur
1164 2621 1241 2649 illst-'²
1265 2625 1335 2656 POSt
1361 2620 1580 2654 Ps'fflgffll‘hum
1607 2623 1652 2649 22·

259 2670 288 2700 2)
308 2673 414 2695 lit-unm
435 2676 593 2702 &quantus
614 2671 792 2707 1‚.-1r.-.g1·.71‚hi
812 2672 849 2699 ab
870 2674 953 2700 181„ss
975 2678 1070 2703 usque
1089 2667 1128 2695 ad
1147 2670 1262 2696 24nuun
1281 2665 1389 2693 desiuit
1408 2663 1438 2692 in
1457 2665 1510 2695 Ed.
1528 2669 1571 2695 l'r.
1591 2675 1653 2693 ma-

261 2714 370 2742 nifesto
390 2715 566 2743 recentioris
584 2715 717 2749 originis.
