1742 3005
220 109 301 149 776
526 109 621 157 Cap.
644 106 814 143 CLXlX.
872 107 932 143 De
963 111 1094 141 sancta
1123 105 1307 143 Caecilia.

223 224 322 259 (piam
364 210 545 247 Valeriani
582 209 769 255 conjugem
810 218 926 243 eoram
960 218 999 243 se
1033 208 1118 242 feeit
1150 207 1295 242 adstare
1337 207 1532 252 jussitque,
1571 209 1609 240 ut

222 278 338 322 ydolis
363 276 558 310 immolaret
582 279 642 309 aut
668 276 877 310 sententiam
907 276 1028 309 mortis
1056 276 1259 308 incurreret.
1309 273 1391 307 Cum
1425 277 1538 307 autem
1565 272 1610 306 ad

225 344 289 377 hoe
315 342 358 376 ab
385 341 648 387 apparitoribus
675 345 862 386 urgeretur
887 345 921 375 et
947 340 997 374 illi
1024 339 1246 374 veliementer
1271 338 1415 379 flerent,
1450 348 1492 372 eo
1518 337 1611 383 quod

224 408 342 452 puella
368 412 437 442 tam
463 407 594 441 deeora
619 411 653 441 et
677 406 807 441 nobilis
836 407 926 441 ultro
954 417 991 441 se
1017 406 1118 440 morti
1144 405 1319 446 traderet,
1347 403 1436 437 dixit
1460 402 1504 436 ad
1532 413 1611 437 eos:

224 474 313 517 hee,
340 474 423 508 boni
444 475 614 518 juvenes,
641 484 710 507 non
738 477 792 507 est
811 474 1029 518 juventutem
1055 471 1217 516 perdere,
1243 469 1305 504 sed
1332 473 1501 510 mutuare,
1531 468 1616 503 dare

224 541 333 575 lutum
360 545 394 575 et
419 540 579 584 accipere
606 549 746 581 aurum,
782 538 867 573 dare
903 538 971 572 vile
1005 536 1240 571 habitaculum
1277 539 1312 570 et
1342 536 1502 579 accipere
1535 544 1616 579 pre-

225 607 374 647 tiosum,
406 605 490 639 dare
524 604 661 639 brevem
697 605 860 650 angulum
896 608 931 638 et
966 605 1126 648 accipere
1160 602 1270 636 forum
1310 600 1528 646 pellucidum.
1580 599 1618 634 Si

229 673 307 716 quis
334 681 398 715 pro
426 680 561 704 nummo
590 670 725 703 solidos
754 670 873 712 daret,
910 680 1023 704 nonne
1050 668 1206 703 velocius
1235 666 1477 702 festinaretis?
1525 666 1620 700 Deus

228 741 355 778 autem,
383 735 474 781 quod
501 737 639 780 aceepit
663 735 837 779 simplum,
864 734 989 768 reddet
1016 733 1227 778 centuplum.
1261 732 1412 767 Creditis
1434 731 1501 774 liis,
1530 742 1621 777 quae

230 802 336 836 dieo?
383 800 428 835 Et
459 801 531 834 illi:
566 800 752 843 credimus,
793 799 966 834 Christum
1001 809 1116 833 verum
1149 808 1227 833 esse
1261 798 1390 840 Deum,
1423 800 1482 843 qni
1515 798 1619 832 talem

229 867 393 912 possidet
417 866 593 903 famulam.
644 866 777 902 Vocato
799 867 907 912 igitur
927 864 1068 900 Urbano
1094 865 1265 910 episeopo
1285 863 1397 904 CCCC
1420 869 1454 898 et
1474 864 1622 908 amplius

230 933 399 979 baptizati
420 937 510 967 sunt.
560 932 661 966 Tune
679 931 881 967 Alinacliius
901 937 1054 966 sanctam
1076 930 1263 965 Caeciliani
1285 930 1327 964 ad
1347 940 1385 964 se
1408 939 1537 964 vocans
1556 931 1622 963 ait:

231 1001 331 1045 eujus
366 998 577 1033 conditionis
613 1000 678 1033 es?
726 997 768 1032 Et
799 998 879 1031 illa:
918 999 1072 1042 ingenua
1101 1007 1175 1031 Sum
1211 1001 1246 1031 et
1279 995 1421 1031 nobilis.
1470 997 1534 1031 Cui
1560 995 1624 1030 Al-

231 1064 408 1099 maenius:
434 1074 502 1109 ego
529 1069 564 1098 te
592 1063 634 1098 de
661 1063 836 1108 religione
862 1064 1055 1109 interrogo.
1107 1063 1168 1097 Cui
1195 1063 1366 1097 Caecilia:
1392 1063 1625 1108 interrogatio

231 1135 292 1164 tua
317 1130 458 1164 stultum
485 1130 590 1163 suniit
614 1130 769 1169 initium,
805 1137 896 1174 quae
929 1129 1017 1162 duas
1053 1131 1304 1173 responsiones
1345 1138 1414 1163 una
1449 1133 1548 1174 putat
1574 1130 1626 1163 in-

233 1196 424 1242 quisitione
457 1193 631 1229 concludi.
688 1193 751 1228 Cui
786 1193 1008 1229 Almaeliius:
1054 1194 1146 1229 unde
1182 1194 1246 1228 tibi
1283 1199 1381 1229 tanta
1411 1197 1626 1240 praesumtio

233 1260 497 1306 respondendi?
545 1260 591 1295 At
616 1260 696 1295 illa:
731 1260 774 1296 de
808 1261 1026 1295 conscientia
1056 1259 1150 1294 bona
1179 1264 1214 1294 et
1240 1260 1306 1294 tide
1331 1271 1399 1295 uon
1425 1260 1514 1295 fieta.
1564 1261 1626 1295 Cui

234 1326 456 1362 Almaeliius:
485 1328 650 1373 ignoras,
679 1327 778 1372 enjus
804 1327 992 1371 potestatis
1018 1327 1110 1361 sim?
1157 1325 1201 1361 Et
1226 1326 1304 1360 illa:
1331 1330 1489 1371 potestas
1511 1332 1628 1362 vestra

235 1398 289 1428 est
315 1395 415 1439 quasi
441 1396 519 1427 uter
544 1397 647 1428 vento
675 1392 850 1437 repletus,
877 1402 977 1437 quem
1004 1393 1034 1426 si
1060 1402 1145 1426 acus
1171 1394 1378 1438 pupugerit,
1406 1394 1517 1427 omnis
1543 1404 1627 1438 pro-

234 1461 328 1494 tinus
361 1460 461 1505 rigor
493 1459 658 1504 pallescit
698 1463 733 1493 et
767 1458 937 1504 quidquid
972 1459 1006 1492 in
1038 1469 1077 1493 se
1109 1459 1260 1505 rigidum
1296 1458 1429 1494 habere
1465 1461 1629 1503 cernitur,

236 1527 450 1561 incurvatur.
499 1525 562 1558 Cui
586 1524 807 1559 Almaeliius:
835 1524 879 1558 ab
908 1524 1047 1569 injuriis
1078 1527 1239 1570 coepisti,
1268 1530 1301 1560 et
1325 1527 1358 1559 in
1385 1527 1524 1571 injuriis
1550 1536 1630 1570 per-

237 1600 395 1628 severas.
445 1590 600 1624 Caecilia
627 1590 827 1634 respondit:
862 1592 991 1636 injuria
1024 1602 1092 1625 non
1127 1591 1254 1626 dieitur
1286 1593 1353 1626 nisi
1388 1592 1479 1637 quod
1513 1592 1630 1627 verbis

239 1656 443 1692 fallentibus
469 1657 666 1701 irrogatum
702 1656 791 1690 unde
816 1662 876 1691 aut
902 1659 1062 1702 injuriam
1090 1658 1198 1699 doce,
1236 1660 1267 1692 si
1293 1658 1386 1692 falsa
1405 1659 1629 1701 locuta-suin,

240 1728 300 1757 aut
339 1727 374 1757 te
410 1724 521 1767 ipsum
563 1723 701 1766 corripe
745 1722 950 1756 calumniam
998 1724 1225 1765 inferentem,
1264 1724 1329 1759 sed
1369 1735 1434 1759 nos
1478 1726 1631 1759 seientes

240 1793 394 1823 sanetum
421 1788 485 1823 Dei
509 1799 634 1822 nomen
660 1790 798 1823 omnino
826 1799 958 1834 negare
987 1800 1054 1823 non
1073 1799 1280 1833 possumus,
1316 1790 1438 1824 melius
1465 1795 1518 1825 est
1543 1792 1631 1824 enini

242 1854 392 1888 feliciter
415 1855 522 1896 mori,
556 1865 657 1899 quam
687 1855 876 1889 infeliciter
899 1856 1030 1889 rivere.
1082 1856 1142 1889 Cui
1169 1855 1390 1890 Atinae-liius:
1430 1856 1519 1898 ¹)ad
1549 1857 1632 1901 quid

242 1931 316 1953 cum
335 1923 433 1953 tanta
447 1919 615 1963 superbia
634 1920 818 1964 loqueris?
844 1919 978 1954 Etilla:
1000 1921 1322 1965 nonestsuperbia,
1345 1921 1407 1955 sed
1422 1923 1631 1956 constantia.

244 1987 309 2020 Cui
341 1984 561 2020 Alutae-liius:
603 1986 746 2027 infelix,
781 1987 944 2031 ignoras,
977 1988 1060 2030 quia
1092 1986 1293 2020 vivificandi
1327 1991 1361 2021 et
1402 1987 1633 2021 mortificandi

245 2052 327 2085 milii
344 2051 475 2085 tradita
494 2055 546 2085 est
565 2053 750 2095 potestas?
779 2050 821 2085 Et
839 2052 917 2084 illa:
940 2056 1063 2085 eontra
1083 2053 1263 2086 veritatem
1286 2053 1459 2097 publicani
1473 2054 1584 2098 probo
1600 2058 1636 2089 te

246 2127 334 2151 nune
365 2127 445 2151 esse
464 2118 661 2159 mentitum,
690 2118 793 2151 vitani
813 2118 902 2151 enim
928 2117 1125 2152 virentibus
1152 2118 1278 2153 tollere
1305 2123 1417 2163 potes,
1446 2121 1636 2164 ²)inortuis

246 2188 360 2218 autent
381 2183 466 2216 dare
488 2194 555 2216 non
582 2187 700 2227 potes3
730 2194 767 2218 es
793 2185 901 2229 igitur
919 2185 1075 2218 minister
1092 2186 1224 2226 mortis,
1243 2196 1310 2218 non
1336 2187 1439 2220 vitae.
1489 2187 1552 2219 Cui
1574 2186 1634 2220 At-

248 2248 418 2283 maenius:
434 2249 506 2293 jani
526 2248 663 2292 depone
681 2251 864 2283 amentium
884 2254 917 2284 et
937 2250 1097 2284 suci-ilica
1112 2250 1198 2285 lnis.
1226 2251 1287 2285 Cui
1308 2251 1481 2286 Caecilia:
1503 2252 1635 2294 neseio,

248 2316 307 2350 ubi
333 2315 453 2349 oeulos
474 2316 655 2356 amiseris-3
682 2325 772 2356 nznn,
800 2326 887 2360 (quos
906 2321 941 2350 tu
963 2316 1053 2350 Deos
1083 2316 1184 2359 dieis,
1212 2328 1332 2352 omnes
1358 2329 1420 2352 nos
1447 2327 1533 2351 saxa
1559 2327 1638 2352 esse

250 2381 428 2421 videnius3
462 2382 558 2415 mitte
591 2382 699 2426 igitur
733 2391 867 2415 inanum
894 2386 927 2416 et
951 2382 1128 2426 tangendo
1155 2383 1272 2426 disee,
1310 2383 1403 2429 quod
1430 2384 1542 2418 oeulis
1570 2394 1637 2418 non

251 2448 348 2482 vales
376 2446 506 2481 videre.
556 2447 655 2481 Tune
690 2449 799 2481 iratus
832 2447 1034 2483 Alinncliius
1061 2451 1171 2494 jussit
1203 2459 1278 2483 eain
1303 2449 1348 2483 ad
1376 2449 1513 2484 doniuin
1542 2459 1637 2483 suani

252 2514 370 2548 reduci
399 2514 517 2559 ibique
545 2517 619 2547 tota
644 2518 746 2547 noete
773 2518 808 2548 et
833 2514 889 2548 die
909 2516 1019 2559 Jnssit
1041 2525 1115 2551 eain
1143 2517 1175 2549 in
1201 2515 1370 2551 bulliente
1395 2516 1521 2550 balneo
1553 2526 1634 2549 eon-

251 2581 408 2613 cremari.
467 2580 564 2619 Quae
597 2581 697 2625 qnasi
737 2581 769 2613 in
804 2581 882 2615 loeo
919 2581 1050 2626 frigido
1075 2583 1203 2615 mansit
1235 2592 1296 2616 nec
1324 2581 1490 2615 modicum
1516 2581 1638 2615 saltem

252 2643 391 2677 sudoris
418 2646 604 2688 persensit.
655 2645 752 2684 Quod
778 2657 851 2680 enni
878 2646 1072 2682 audivisset
1106 2647 1327 2689 Alinaeliius,
1357 2646 1466 2691 jussit
1499 2656 1570 2680 euni
1605 2648 1639 2680 in

320 2722 348 2752 1)
369 2720 480 2752 Vulso:
508 2728 547 2749 ut
567 2733 585 2756 q
595 2723 659 2750 uid
678 2723 794 2756 legitur.
839 2726 867 2759 ’..’)
887 2725 1002 2755 Verba:
1021 2726 1191 2754 mortuis
1211 2739 1240 2746 -
1261 2728 1374 2759 potes
1393 2723 1502 2753 omittit
1522 2724 1576 2753 lid.
1595 2727 1638 2752 [Ὗ.
