1742 3005
129 140 225 189 Cap.
258 137 429 175 CCXlV.
487 135 672 186 Legenda
702 134 821 173 sancti
851 134 1025 172 Thomae
1052 133 1100 172 de
1131 133 1294 185 Aquino.
1353 138 1435 180 919

49 244 79 271 in
97 243 201 272 schola
219 243 326 271 smnmi
345 243 479 276 magistri
496 242 657 278 plurimum
676 241 803 278 profecit
823 246 850 269 et
870 241 1057 268 vehementis
1074 239 1210 268 libidinis
1224 244 1434 274 suggesti-icem

49 298 64 315 a
84 297 202 315 carcere
220 297 286 315 cum
306 287 409 322 stipite
427 287 520 319 ignito
538 286 663 319 fugavit.
700 287 784 315 Unde
810 296 845 313 ex
870 287 927 312 hac
950 286 1076 313 victoria
1102 286 1163 313 tale
1189 285 1300 314 donum
1327 297 1343 314 a
1371 292 1436 316 Deo

49 337 226 360 consecutus
246 337 308 365 est,
334 336 367 359 ut
393 332 506 359 nullum
533 332 687 359 stimulum
704 331 872 366 voluptatis
891 340 1038 357 venereae
1057 335 1161 365 postea
1180 332 1315 361 senserit.
1351 336 1436 360 l'ost-

48 387 139 411 quam
158 381 259 404 autem
278 376 414 404 redditus
434 381 479 403 est
499 376 606 409 ordini,
625 377 734 403 missus
754 381 797 402 est
818 375 981 407 Coloniam,
999 375 1051 402 ubi
1071 375 1198 402 docebat
1211 376 1437 412 philosophiam

48 427 78 449 et
97 422 279 454 theologiam
298 421 404 449 doctor
421 422 564 448 Albertus
584 429 708 453 magnus
728 420 861 453 ejusdem
887 419 1001 446 ordinis
1025 419 1192 454 professor,
1217 429 1233 446 a
1258 430 1317 453 quo
1342 422 1437 456 pluri-

47 477 130 494 mum
148 466 282 494 eruditus
301 471 347 494 est
366 466 464 501 spatio
484 473 628 492 annorum
646 468 698 491 XI.
735 467 806 490 Cum
824 471 898 489 vero
917 463 1067 495 attigisset
1085 467 1207 491 XXVII.
1226 473 1335 492 annum
1355 470 1436 493 aeta-

48 511 86 538 tis
111 521 201 544 suae,
234 511 362 538 Parisios
395 511 504 537 missus
540 509 663 542 gradum
697 507 938 534 baccalaureatus
962 508 993 534 in
1018 508 1167 540 theologia
1194 509 1336 544 suscepit.
1379 512 1436 546 Qui

48 565 115 583 cum
134 555 327 582 laudabiliter
346 554 469 587 legisset
488 554 651 580 sententias
671 556 700 579 et
719 551 858 578 omnibus
885 556 964 578 esset
988 552 1172 579 venerabilis
1198 558 1322 587 propter
1340 555 1437 582 admi-

48 599 159 627 rabiles
178 599 387 633 quaestionum
406 597 588 629 solutiones,
613 600 761 623 assumtus
786 600 831 622 est
859 596 889 622 in
915 596 1117 628 magisterium
1141 605 1242 624 sacrae
1267 598 1438 632 theologiae

48 653 126 671 anno
146 653 217 671 suae
235 643 342 670 aetatis
359 646 454 670 XXX.
491 642 548 677 Qui
570 641 680 668 vivens
706 640 861 667 dumtaxat
888 645 994 675 postea
1022 644 1077 667 XX
1104 651 1214 675 anuos,
1240 644 1388 672 maximos
1407 649 1437 672 et

48 687 266 722 pulcherrimos
287 687 380 714 libros
400 685 586 720 composuit3
612 685 664 719 qui
686 685 756 712 libri
783 684 845 711 sere
870 685 1022 720 complent
1048 687 1251 714 centenarium
1270 698 1436 719 numerum.

48 733 159 759 Habuit
185 736 282 758 autem
309 735 423 758 tantam
449 740 465 758 a
484 734 547 757 Deo
567 730 706 762 gratiam,
730 734 762 756 ut
790 730 881 756 dubia
907 730 974 757 aliis
1000 731 1117 757 occulta
1142 741 1197 766 per
1220 733 1437 762 revelationem

46 777 102 803 Dei
125 775 342 811 apparentibus
367 776 395 803 ei
419 776 518 803 beatis
537 779 622 802 Petro
648 779 677 801 et
696 774 788 801 l’aulo
807 779 1010 806 cognosceret.
1045 776 1266 804 Incendebatur
1284 778 1363 806 enim
1382 780 1438 807 Dei

47 820 148 848 amdre
174 825 203 848 et
229 821 270 847 ita
296 820 469 855 rapiebatur
494 820 525 846 in
552 819 808 853 contemplatione
833 819 1043 852 mysteriorum
1069 820 1255 855 divinorum,
1288 828 1321 850 ut
1346 825 1437 851 etiam

48 865 236 893 comedendo
256 866 333 892 circa
353 865 404 891 illa
424 864 568 897 cogitaret
591 869 621 891 et
648 863 796 891 exsistens
822 864 850 890 in
877 873 981 891 mensa
1007 865 1101 892 sancti
1119 866 1266 894 Ludovici
1285 869 1361 900 regis
1380 879 1438 904 pu-

46 915 122 938 taret
149 919 180 938 se
207 919 273 938 esse
300 910 329 936 in
356 909 458 937 studio
485 914 514 937 et
541 908 616 936 cella
643 917 705 935 sna.
741 909 920 942 specialiter
939 909 1028 936 etiam
1048 909 1197 943 adjutorio
1217 911 1322 939 divino
1341 913 1437 941 fretus

46 955 253 988 quaestionem
279 954 490 981 difficillimam
521 953 559 980 de
593 958 778 980 sacramento
810 954 944 988 corporis
974 953 1082 980 Christi
1115 954 1254 982 omnibus
1287 957 1437 988 magistris

46 1000 262 1028 parisiensibus
288 1000 419 1032 ignotam
446 999 620 1026 declaravit.
656 998 710 1024 Hic
736 997 842 1024 doctor
867 997 1001 1030 egregius
1021 996 1051 1023 in
1079 997 1187 1025 ecstasi
1206 1002 1236 1025 et
1254 999 1437 1028 alienatione

45 1036 155 1072 virium
174 1045 386 1073 sensitivarum
405 1048 504 1072 mente
522 1043 694 1075 frequenter
713 1043 851 1076 apparuit
873 1042 902 1069 in
922 1046 1018 1069 Deum
1037 1042 1184 1076 elevatus,
1204 1052 1328 1079 corpore
1345 1046 1437 1074 etiam

45 1090 131 1118 visus
156 1094 203 1118 est
225 1091 256 1117 in
279 1089 414 1117 oratione
440 1089 587 1116 exsistens
614 1095 673 1113 uuo
693 1087 795 1113 cubito
815 1092 844 1114 et
864 1087 1027 1120 aliquando
1048 1087 1168 1114 duobus
1187 1098 1203 1114 a
1222 1093 1300 1116 terra
1319 1099 1437 1119 sursum

46 1135 151 1165 levari.
189 1135 334 1171 Quotiens
360 1138 459 1160 autem
486 1131 533 1159 vir
559 1136 679 1159 sauctus
699 1131 868 1166 disputare,
892 1132 1007 1164 legere,
1033 1131 1164 1159 scribere
1191 1132 1308 1166 aliquid
1332 1135 1436 1169 vellet,

46 1179 129 1215 prius
156 1180 197 1207 ad
219 1179 385 1207 orationem
411 1177 557 1204 accedens
581 1177 756 1203 inveniebat
781 1176 872 1204 sicin
892 1181 1025 1211 promtu,
1051 1177 1134 1210 quod
1157 1179 1333 1212 quaerebat,
1359 1190 1392 1207 ac
1411 1181 1437 1208 si

46 1226 77 1252 in
96 1225 175 1251 libro
194 1225 315 1257 legeret.
353 1223 418 1250 Fuit
435 1223 557 1257 insuper
575 1226 676 1249 tantus
696 1230 779 1248 amor
796 1231 886 1248 verae
903 1221 1078 1256 sapientiae,
1097 1226 1130 1248 ut
1145 1223 1437 1259 archiepiscopatum

44 1269 291 1305 Neapolitanum,
325 1267 363 1294 ad
390 1277 479 1301 quem
506 1276 573 1293 eum
599 1267 723 1294 volebat
758 1275 939 1301 promovere
972 1266 1111 1293 dominus
1145 1267 1280 1295 Clemens
1313 1274 1436 1303 quartus

45 1324 139 1349 papa,
158 1313 341 1341 recusaverit
359 1317 389 1339 et
407 1311 546 1338 homilias
566 1311 768 1345 Chrysostoini
788 1320 878 1345 super
894 1312 1077 1338 Matthaeum
1099 1312 1294 1346 praeelegerit
1321 1314 1437 1342 civitati

46 1358 213 1391 l'arisiensi,
231 1363 261 1385 et
276 1357 422 1384 rationem
441 1356 571 1383 reddens
591 1356 666 1382 dixit
679 1355 839 1382 fratribus:
861 1356 967 1383 civitas
984 1357 1065 1389 haec,
1085 1357 1110 1384 si
1127 1362 1204 1384 esset
1220 1368 1294 1392 mea,
1312 1365 1438 1395 propter

46 1410 147 1431 curam
171 1402 324 1436 regiminis
350 1401 424 1429 mihi
449 1401 577 1436 eriperet
609 1401 895 1436 contemplationem
928 1401 1100 1428 divinorum
1135 1406 1164 1428 et
1196 1404 1438 1432 consolationem

48 1447 140 1475 animi
158 1447 334 1483 impediret,
362 1456 450 1479 quam
477 1446 624 1481 scriptura
647 1451 749 1473 sancta
769 1446 871 1472 donat.
907 1447 1042 1473 Tandem
1060 1456 1134 1474 vero
1153 1447 1210 1474 iste
1229 1448 1336 1475 doctor
1354 1459 1438 1482 egre-

46 1493 111 1526 gius
129 1493 240 1520 florens
260 1492 384 1519 scientia
403 1495 432 1518 et
452 1491 587 1518 doctrina
607 1491 740 1518 eminens
758 1495 885 1519 vocatus
903 1501 958 1526 per
976 1491 1149 1524 Gregorium
1164 1492 1312 1520 decimum
1325 1504 1436 1530 papam

46 1538 86 1565 ad
105 1537 242 1570 generale
261 1536 439 1569 concilium,
466 1536 548 1569 quod
575 1536 758 1563 celebratum
784 1535 839 1563 luit
864 1536 999 1568 Lugduni
1027 1537 1160 1563 calendis
1187 1537 1258 1571 Maii
1284 1547 1362 1566 anno
1381 1539 1437 1566 do-

46 1581 121 1609 mini
138 1584 353 1613 MCCLXXIV,
381 1580 458 1608 obiit
484 1581 515 1607 in
540 1581 647 1608 itinere
665 1581 695 1608 in
715 1581 897 1608 monasterio
916 1585 1024 1608 Fossae.
1042 1585 1144 1609 Novae
1164 1583 1369 1611 Cisterciensis
1389 1593 1438 1612 or-

47 1626 126 1654 dinis
150 1626 374 1653 Terracinensis
400 1625 557 1659 dyoecesis
580 1626 668 1653 nonis
693 1626 793 1652 Martii
819 1626 926 1653 aetatis
952 1635 1023 1654 suae
1051 1636 1128 1654 auno
1155 1631 1177 1654 L
1197 1628 1366 1658 inchoante.
1402 1632 1438 1656 In

48 1671 133 1699 obitu
159 1675 259 1706 autem
278 1672 341 1705 ejus
360 1679 420 1698 non
439 1670 599 1698 defuerunt
618 1671 701 1703 signa
720 1671 872 1703 miranda,
901 1680 976 1704 quae
1003 1672 1099 1699 sancti
1118 1672 1251 1700 doctoris
1269 1672 1437 1701 indicarent

47 1717 160 1743 exitum
186 1726 222 1742 ex
249 1715 305 1742 hoc
331 1715 443 1743 mundo
471 1720 500 1743 et
519 1721 658 1743 aeternae
677 1725 747 1743 suae
767 1716 921 1743 felicitatis
941 1716 1182 1744 demonstrarent
1200 1717 1328 1747 initium,
1363 1721 1437 1746 Nam

47 1761 136 1788 stella
162 1760 311 1794 quaedam
338 1761 377 1787 ad
401 1761 522 1787 modum
549 1766 683 1789 cometae
708 1761 804 1788 tribus
829 1761 937 1788 diebus
965 1766 1033 1788 ante
1060 1762 1192 1789 doctoris
1212 1763 1329 1789 obitum
1348 1772 1439 1798 super

46 1806 128 1833 idem
147 1805 362 1833 monasterium
386 1805 452 1832 visa
478 1805 535 1832 suit
563 1806 654 1833 etiam
679 1806 710 1833 in
729 1806 794 1839 die,
821 1815 897 1839 quae
924 1810 1028 1834 sancto
1054 1807 1177 1834 doctore
1204 1808 1349 1840 migrante
1375 1808 1438 1835 ‹lis-

47 1851 156 1886 paruit.
196 1849 341 1877 Dominus
368 1850 458 1877 etiam
481 1851 624 1878 Albertus
650 1860 774 1883 magnus
803 1850 943 1878 Coloniae
967 1851 998 1878 in
1022 1861 1124 1879 mensa
1155 1852 1303 1880 exsistens
1338 1853 1438 1888 coepit

48 1895 148 1924 subito
167 1895 324 1929 lacrymari
342 1894 478 1928 dixitque
497 1895 727 1923 assistentibusz
753 1895 846 1923 frater
874 1896 1006 1923 Thomas
1031 1897 1069 1923 de
1094 1897 1228 1930 Aquino,
1254 1897 1334 1925 silius
1353 1907 1438 1926 meus

47 1941 78 1968 in
97 1939 223 1973 christo,
241 1940 293 1974 qui
310 1939 368 1967 suit
387 1939 486 1967 lumen
506 1940 662 1973 ecclesiae,
681 1950 719 1967 ex
737 1941 792 1968 hac
811 1941 876 1968 luce
894 1941 985 1968 hodie
1004 1941 1153 1974 migravit.
1189 1943 1334 1977 supprior
1347 1942 1438 1970 etiam

47 1989 157 2013 Fossae
181 1988 283 2013 Novae
309 1984 428 2020 patiens
454 1984 486 2011 in
515 1984 610 2012 oculis
633 1984 697 2012 fere
723 1986 928 2013 omnimodam
954 1986 1129 2014 caecitatem
1153 1987 1265 2015 emisso
1290 1992 1363 2015 voto
1383 1988 1438 2015 ad—

48 2030 155 2057 ductus
181 2030 221 2056 ad
243 2029 434 2063 sepulchrum
460 2030 556 2057 sancti
581 2030 716 2057 Thomae
743 2035 773 2057 et
797 2039 884 2058 orans
909 2034 1004 2058 Deum
1028 2032 1142 2060 meritis
1168 2033 1214 2059 sui
1240 2033 1335 2059 sancti
1352 2032 1438 2059 visus

47 2072 228 2102 beneficium
245 2073 359 2107 recepit
378 2078 406 2100 et
427 2073 568 2101 clamavit
587 2083 685 2101 coram
704 2079 770 2101 toto
789 2080 958 2102 conventu:
976 2075 1155 2102 benedictus
1176 2080 1274 2108 Deus,
1300 2076 1352 2109 qui
1374 2085 1438 2103 lne-

47 2119 113 2147 ritis
140 2118 234 2146 sancti
260 2117 395 2144 Tlioinae
421 2118 500 2145 clare
524 2127 572 2145 me
590 2118 695 2145 videre
713 2118 795 2147 fecit.
831 2119 975 2151 Etlongo
993 2123 1128 2154 tempore
1147 2124 1217 2154 post
1235 2119 1344 2147 vivens
1363 2123 1435 2147 Um—

48 2164 226 2192 braticensis
253 2161 397 2189 ecclesiae
423 2161 520 2189 sactus
548 2166 593 2189 est
618 2163 790 2197 episcopus.
833 2161 1028 2190 Manifestum
1053 2170 1172 2198 quoque
1197 2163 1374 2191 miraculum
1406 2164 1439 2192 in

49 2210 167 2236 duabus
197 2205 447 2235 translationibus
481 2206 558 2234 sacri
591 2207 725 2242 corporis
759 2207 842 2234 beati
874 2208 1009 2234 Thomae
1038 2208 1187 2243 apparuit.
1228 2212 1271 2236 Ex
1297 2217 1332 2236 eo
1357 2210 1439 2237 enim

49 2253 162 2290 prodiit
190 2252 266 2279 odor
291 2250 487 2278 suavissimus
513 2256 542 2278 et
565 2250 836 2284 fragrantissimus,
862 2252 943 2285 quod
971 2252 1086 2285 signum
1112 2253 1170 2280 suit
1196 2253 1338 2281 scientiae
1365 2264 1437 2282 suae

50 2297 264 2326 diffundendae
284 2305 337 2331 per
354 2300 451 2323 totum
470 2297 587 2330 orbem,
607 2302 636 2324 et
654 2297 762 2332 ipsum,
783 2297 855 2325 dum
872 2297 1007 2330 viveret,
1030 2297 1199 2326 redoluisse
1218 2299 1357 2327 omnibus
1375 2299 1437 2327 vir-

49 2344 175 2371 tutibus.
210 2341 316 2369 Nullus
343 2340 422 2368 enim
448 2341 586 2369 stimulus
606 2342 764 2377 superbiae
783 2351 838 2369 nec
857 2341 965 2376 aliquis
982 2342 1082 2370 foetor
1101 2345 1302 2378 cujuscunque
1320 2344 1438 2379 peccati

49 2387 185 2416 mortalis
204 2395 240 2414 eo
258 2386 381 2413 vivente
400 2385 504 2414 exivit.
541 2384 653 2422 Quarto
672 2387 789 2415 decimo
810 2388 900 2415 etiam
918 2396 995 2415 anno
1015 2389 1052 2414 ab
1073 2389 1135 2421 eius
1154 2387 1237 2415 felici
1255 2388 1350 2422 obitu,
1369 2398 1438 2416 cum

50 2433 201 2469 pretiosus
226 2431 382 2458 thesaurus
408 2430 484 2458 sacri
509 2432 644 2466 corporis
669 2432 839 2467 patefactus
864 2437 958 2465 esset,
983 2432 1139 2460 inventum
1168 2437 1213 2460 est
1232 2441 1341 2468 corpus
1359 2433 1438 2461 inte-

50 2487 133 2511 grum
151 2476 294 2504 membris
313 2479 342 2502 et
360 2474 467 2510 pannis
487 2476 533 2503 sui
551 2476 671 2504 habitus
691 2477 815 2511 solaque
833 2477 899 2505 nasi
924 2477 1079 2505 summitas
1102 2477 1258 2511 paululum
1283 2478 1437 2506 deminuta

49 2522 115 2550 visa
134 2526 189 2549 est.
226 2521 309 2548 Odor
327 2529 446 2554 quoque
463 2525 565 2548 tantus
586 2521 751 2554 emanavit,
776 2526 810 2548 ut
836 2531 940 2550 omnes
966 2522 1106 2549 monachi
1130 2522 1202 2549 inde
1227 2522 1348 2549 excitati
1367 2531 1437 2551 suas

49 2566 142 2594 cellas
161 2566 276 2593 exirent
295 2565 334 2592 ad
351 2565 517 2593 videndum
534 2570 650 2593 tantum
667 2566 852 2594 miraculum.
889 2566 1030 2601 Ejusdem
1055 2567 1131 2595 sacri
1157 2567 1290 2603 corporis
1316 2577 1437 2595 manum

50 2611 186 2638 dextram
205 2610 327 2638 domina
346 2610 507 2638 Theodora
526 2610 679 2638 comitissa
698 2610 807 2645 petivit
826 2611 864 2637 ab
884 2612 995 2638 abbate
1013 2612 1187 2638 monasterii
1205 2615 1315 2640 Fossae
1325 2615 1437 2646 Novae,

49 2664 139 2690 quam
157 2664 217 2683 non
234 2654 334 2691 potuit
353 2655 485 2683 avellere
503 2656 611 2683 leviter
636 2665 653 2682 a
677 2664 818 2690 corpore,
842 2655 980 2689 quamvis
1003 2657 1063 2690 jam
1089 2655 1174 2684 anuis
1200 2659 1270 2685 XIV
1295 2658 1437 2692 jacuisset

48 2700 81 2727 in
105 2703 199 2733 terra,
223 2699 278 2728 sed
301 2700 473 2735 compulsus
498 2710 563 2728 eam
587 2700 667 2728 ferro
694 2701 900 2734 detruncavit,
924 2710 1001 2734 quae
1025 2701 1194 2729 mirandum
1221 2702 1344 2733 odorem
1369 2711 1436 2730 eam

48 2745 262 2774 venerantibus
280 2743 466 2776 effundebat,
501 2745 587 2774 Unde
604 2755 672 2774 cum
691 2746 814 2780 quidam
838 2746 886 2774 vir
911 2755 1034 2779 magnae
1060 2745 1160 2774 famae
1185 2755 1263 2775 anno
1288 2747 1327 2774 ab
1349 2746 1436 2775 obitu
