1742 3005
646 113 764 151 Index
795 114 973 164 capitum.
1418 124 1481 148 vu

104 220 189 266 Cap.
212 219 358 256 LXXX.
407 219 458 255 De
488 223 611 254 sancto
638 219 750 255 Primo
778 223 812 254 et
834 218 1012 254 Feliciano
1076 245 1084 254 .
1133 246 1143 256 .
1193 246 1203 255 .
1254 246 1261 253 .
1310 229 1391 265 patr.
1416 219 1485 252 345

208 275 365 311 LXXXI.
412 275 462 311 De
488 282 610 311 sancto
636 277 799 311 Barnaba
823 276 986 321 apostolo
1035 301 1284 314 .....
1356 296 1371 301 -
1417 275 1485 308 346

147 353 162 358 -
209 331 384 370 LXXXII.
436 332 485 367 De
511 335 641 368 sanctis
671 333 750 369 Vito
777 338 811 368 et
834 333 1000 368 Modesto
1065 357 1305 369 .....
1355 353 1369 358 -
1418 331 1485 364 350

145 408 162 414 -
207 387 401 427 LXXXIII.
449 389 500 424 De
527 395 648 425 sancto
675 391 816 430 Quirieo
845 394 878 424 et
901 389 1010 424 Julita
1036 390 1112 434 ejus
1138 392 1247 424 matre
1276 415 1281 422 .
1355 410 1370 415 -
1417 389 1483 422 351

146 463 164 469 -
209 443 399 480 LXXXIV.
445 445 496 480 De
522 451 643 480 sancta
667 446 783 489 Maria
807 447 943 491 virgine
1014 471 1022 479 .
1074 470 1081 478 .
1128 471 1136 479 .
1184 471 1191 479 .
1241 472 1246 478 .
1295 469 1304 479 .
1357 466 1369 470 -
1417 444 1486 478 353

147 519 164 526 -
209 501 383 537 LXXXV.
432 502 482 537 De
511 507 632 536 saneto
660 493 829 537 Gervasio
857 505 892 536 et
918 500 1105 536 Prothasio
1162 528 1172 537 .
1218 526 1226 535 .
1275 528 1281 535 .
1357 522 1371 527 ·
1418 500 1486 533 354

147 575 165 582 -
210 557 402 594 LXXXVI.
448 557 498 592 De
526 560 711 593 nativitate
736 557 1041 592 sanctiJohannis
1068 556 1244 602 baptistae
1298 581 1308 593 .
1358 578 1372 582 -
1419 555 1487 590 356

150 631 165 636 —
211 611 420 650 LXXXVII.
472 616 526 649 De
553 616 684 649 sanctis
708 613 866 649 Johanne
894 619 927 648 et
952 612 1059 648 Paulo
1100 640 1107 648 .
1157 639 1165 647 .
1217 640 1226 650 .
1278 641 1288 650 .
1359 635 1374 640 -
1420 612 1487 645 36⁴

147 685 165 692 -
211 667 432 706 LXXXVIII.
480 670 530 705 De
558 675 679 705 sancto
705 670 823 705 Leone
850 680 943 715 papa
1006 693 1310 707 ......
1360 691 1373 695 -
1421 668 1487 703 367

146 741 165 749 -
210 723 406 763 LXXXIX.
453 726 503 762 De
530 732 652 762 sancto
678 727 780 762 Petro
807 727 969 771 apostoio
1045 752 1286 763 .....
1360 747 1373 752 -
1421 726 1488 759 368

147 798 166 806 -
212 779 283 815 XC.
332 781 383 817 De
410 788 532 818 saneto
557 783 666 819 Panto
693 783 855 828 apostolo
887 803 1374 820 .........
1420 782 1488 816 380

150 856 166 864 -
212 836 305 875 XCI.
352 838 402 874 De
429 845 560 886 septem
590 841 779 882 fratribus,
807 841 866 886 qui
896 840 1033 874 fuerunt
1058 839 1119 873 iiiii
1145 839 1272 874 beatae

319 893 512 931 Felicitatis
570 921 1285 934 .............
1360 917 1375 921 -
1421 896 1489 929 396

149 969 166 974 -
213 949 318 985 XCII.
367 951 417 987 De
443 958 565 988 saneta
591 953 783 989 Theodora
833 978 1309 990 .........
1361 974 1374 978 -
1421 953 1489 986 307

149 1024 165 1030 -
211 1004 331 1044 XCIII.
378 1008 428 1043 De
454 1015 578 1045 saneta
603 1010 810 1055 Margareta
870 1035 1287 1046 ........
1361 1030 1374 1034 -
1422 1009 1490 1042 400

149 1081 165 1086 -
213 1061 335 1102 XCIV.
380 1065 431 1100 De
458 1073 577 1101 sancto
606 1067 732 1102 Alexio
776 1091 1312 1103 ..........
1360 1086 1376 1091 -
1421 1065 1490 1098 403

151 1137 166 1142 -
214 1117 322 1157 XCV.
370 1121 422 1156 De
446 1128 569 1157 sancta
594 1122 754 1158 Praxeae
812 1148 1284 1160 .........
1360 1142 1374 1147 -
1422 1120 1490 1154 407

151 1194 166 1199 -
214 1175 333 1211 XCVI.
381 1178 433 1213 De
459 1184 581 1213 sancta
606 1180 721 1214 Maria
745 1179 961 1225 MagdaIena
1010 1204 1309 1216 ......
1363 1200 1376 1204 -
1424 1178 1490 1211 407

150 1249 167 1255 -
212 1231 347 1268 XCVII.
396 1234 447 1270 De
471 1240 592 1270 saneto
619 1236 816 1281 Apotlinari
871 1262 1292 1273 ........
1361 1256 1377 1261 -
1423 1234 1491 1268 417

151 1307 167 1312 -
214 1287 367 1327 XCVIII.
415 1291 466 1327 De
491 1297 613 1326 sancta
640 1292 817 1327 Christina
893 1316 1312 1329 ........
1363 1313 1376 1317 —
1424 1293 1491 1325 419

152 1364 168 1368 -
215 1343 338 1380 XCIX.
387 1347 435 1382 De
459 1354 579 1383 sancto
604 1349 737 1384 Jacobo
765 1350 897 1394 majore
932 1375 1289 1385 .......
1362 1369 1376 1373 -
1424 1348 1490 1381 421
1607 1388 1613 1391 .

153 1420 169 1425 -
218 1400 256 1436 C.
305 1402 355 1437 De
380 1409 501 1438 sancto
526 1404 780 1449 Christophoro
831 1429 1310 1441 .........
1358 1423 1376 1431 -
1423 1404 1492 1438 430

156 1477 170 1481 -
221 1456 273 1492 CI.
325 1458 375 1493 De
400 1466 531 1505 septem
560 1461 812 1496 dormientibus
865 1485 1289 1498 ........
1362 1483 1375 1487 -
1424 1460 1491 1495 434

156 1534 171 1538 —
221 1513 287 1548 CII.
337 1515 387 1550 De
413 1519 542 1551 sanctis
567 1516 718 1550 Nazario
746 1522 780 1551 et
810 1516 911 1552 Celso
950 1543 1313 1554 .......
1363 1538 1377 1543 -
1425 1518 1492 1551 439

155 1591 169 1596 -
219 1570 303 1607 CIII.
347 1571 398 1606 De
420 1577 542 1607 sancto
570 1572 685 1608 Felice
712 1583 803 1618 papa
870 1599 1285 1611 ........
1363 1594 1380 1600 -
1426 1574 1493 1607 442

155 1647 170 1652 -
219 1626 305 1665 CIV.
356 1628 406 1664 De
430 1631 560 1664 sanctis
589 1630 766 1674 Simplicio
796 1634 830 1664 et
853 1628 1019 1663 Faustino
1074 1651 1377 1667 ......
1425 1629 1493 1664 443

156 1704 170 1709 -
221 1683 289 1720 CV.
338 1684 388 1720 De
415 1691 536 1720 sancta
562 1686 705 1721 Martha
753 1712 1226 1723 .........
1280 1713 1290 1723 .
1364 1708 1377 1712 -
1424 1686 1494 1721 4⁴4

156 1761 170 1766 -
219 1740 304 1778 CVI.
353 1742 403 1777 De
428 1744 556 1777 sanctis
583 1742 708 1777 Abdon
735 1747 769 1777 ct
797 1743 933 1777 Sennen
961 1764 1380 1780 ........
1426 1743 1494 1777 447

157 1817 172 1823 -
221 1797 318 1833 CVII.
366 1799 417 1834 De
442 1803 564 1833 sancto
594 1798 764 1834 Germano
793 1801 958 1845 episcopo
984 1824 1290 1836 ......
1364 1821 1379 1825 -
1426 1799 1495 1834 448

155 1873 173 1880 -
221 1854 334 1890 CVIII.
384 1855 433 1890 De
460 1859 581 1890 sancto
608 1855 762 1891 Eusebio
788 1882 1317 1894 ..........
1366 1878 1380 1882 -
1427 1857 1495 1890 452

156 1929 174 1936 -
221 1909 308 1945 CIX.
353 1911 404 1946 De
429 1914 558 1946 sanetis
585 1912 791 1948 Machabeis
820 1938 1233 1950 ........
1246 1903 1250 1907 ’
1280 1938 1292 1950 .
1365 1934 1379 1938 -
1427 1912 1495 1946 454

158 1986 173 1992 -
223 1967 296 2003 CX.
344 1967 394 2003 De
420 1973 541 2003 sancto
568 1969 671 2004 Petro
698 1970 742 2004 ad
767 1971 904 2005 vincuia
955 1993 1313 2007 .......
1366 1990 1381 1994 -
1428 1969 1496 2002 455

160 2044 175 2049 -
224 2023 311 2059 CXI.
360 2024 411 2059 De
436 2030 557 2060 sancto
584 2026 762 2071 Stephano
789 2037 882 2072 papa
943 2051 1293 2063 .......
1368 2047 1382 2051 -
1428 2027 1496 2060 461

159 2101 174 2105 -
223 2078 324 2114 CXII.
371 2080 424 2116 De
448 2083 646 2117 inventione
672 2084 783 2117 sancti
809 2082 977 2129 Stephani
1001 2084 1260 2129 protomartiris
1307 2107 1317 2118 .
1368 2104 1381 2109 -
1429 2082 1496 2117 461

159 2157 174 2162 -
224 2135 341 2171 CXIII.
387 2137 437 2172 De
460 2143 581 2173 sancto
606 2139 785 2174 Dominico
816 2165 1295 2178 .........
1367 2161 1382 2166 -
1429 2140 1497 2174 465

161 2215 176 2220 -
224 2192 344 2228 CXIV.
390 2191 442 2229 De
466 2199 588 2229 sancto
614 2195 713 2230 Sixto
784 2221 1318 2234 ..........
1367 2217 1383 2222 -
1429 2196 1498 2230 483

162 2271 178 2276 -
226 2249 327 2285 CXV.
373 2250 425 2285 De
451 2256 572 2286 sancto
597 2252 735 2287 Donato
766 2277 1296 2290 ..........
1369 2274 1382 2278 -
1429 2252 1499 2285 484

164 2326 178 2331 -
227 2304 342 2339 CXVI.
389 2306 440 2341 De
465 2312 586 2342 saneto
610 2308 755 2353 Cyriaeo
785 2314 818 2344 et
843 2311 950 2344 sociiS
977 2311 1053 2356 eJ'us
1081 2334 1319 2345 .....
1369 2328 1383 2333 -
1431 2308 1498 2341 480

164 2382 179 2387 -
227 2360 362 2399 CXVII.
408 2362 459 2397 De
484 2369 606 2398 sancto
633 2364 823 2400 Laurentio
853 2368 996 2403 martire
1052 2390 1296 2401 .....
1370 2384 1385 2389 -
1432 2363 1499 2398 488

164 2438 180 2443 -
228 2415 377 2451 CXVIII.
426 2418 477 2453 De
502 2424 621 2454 sancto
645 2420 830 2467 Hyppolito
857 2426 890 2455 et
915 2423 1021 2455 sociis
1046 2422 1123 2466 ejus
1195 2445 1205 2455 .
1253 2445 1262 2453 .
1311 2445 1319 2453 .
1369 2440 1385 2445 -
1432 2419 1499 2454 501

164 2492 179 2497 -
227 2471 351 2509 CXIX.
400 2472 450 2508 De
475 2477 687 2511 assumtione
711 2477 838 2512 beatae
865 2477 1000 2512 Mariae
1026 2476 1174 2521 virginis
1230 2501 1240 2512 .
1292 2500 1300 2509 .
1372 2496 1386 2501 -
1432 2475 1500 2509 504
1532 2474 1569 2500 s*

163 2550 179 2555 -
227 2528 331 2563 CXX.
377 2529 428 2564 De
455 2535 575 2564 sancto
601 2531 779 2567 Bet-nardo
844 2555 1324 2571 .........
1371 2553 1385 2557 -
1432 2531 1500 2566 527

168 2604 185 2610 -
231 2584 352 2620 CXXI.
402 2585 452 2620 De
478 2590 598 2620 sancto
621 2586 806 2623 Timotheo
876 2611 1301 2625 ........
1371 2609 1385 2613 -
1432 2587 1501 2621 538

162 2659 180 2669 —
227 2641 364 2677 CXXII.
413 2642 463 2676 De
489 2646 610 2676 sancto
637 2643 879 2688 Simphoriano
912 2669 1326 2682 ........
1373 2664 1388 2670 -
1434 2643 1502 2677 539

163 2716 182 2725 -
229 2697 378 2734 CXXIII.
426 2698 475 2734 De
499 2703 620 2734 sancto
646 2698 890 2735 Bartholomeo
