1742 3005
257 116 339 157 804
546 116 641 164 Cap.
674 113 859 149 CLXXV.
933 113 988 148 De
1019 119 1148 149 sancto
1181 113 1351 152 Pastore.

259 233 346 269 quae
374 222 509 260 essent,
536 216 647 250 dixit:
683 216 835 250 carnatis
864 217 1067 261 repausatio
1094 220 1128 250 et
1155 225 1243 250 vana
1267 217 1395 262 gloria.
1443 217 1478 251 Si
1507 219 1557 252 vis
1585 228 1620 252 re

258 289 370 333 quiem
404 284 560 318 invenire
594 283 626 315 in
660 281 726 315 hoc
761 281 902 316 saecuto
937 286 970 315 et
1007 282 1039 315 in
1076 281 1210 323 futuro,
1244 283 1278 315 in
1311 283 1401 316 omni
1435 293 1541 318 causa
1566 284 1637 318 dic:

258 354 334 398 quis
361 361 428 396 ego
454 349 558 383 sum?
583 351 634 381 et:
662 357 730 380 non
752 346 890 392 judices
924 357 1139 392 quemquam.
1190 347 1272 381 Cum
1299 346 1439 391 quidam
1465 347 1572 382 frater
1597 349 1638 383 de

255 416 532 464 congregatione
557 412 774 453 offendisset,
803 411 912 446 abhas
940 412 981 447 de
1009 413 1156 446 consitio
1183 412 1362 457 cujusdam
1390 412 1539 447 solitarii
1564 423 1638 447 eum

257 483 401 529 expulit.
452 480 516 520 Qut
545 489 619 513 cum
646 478 746 523 quasi
773 477 887 512 flendo
915 477 1144 523 desperaret,
1180 478 1290 512 abbas
1326 477 1451 512 Pastor
1485 488 1559 512 enm
1596 478 1639 513 ad

256 561 295 585 se
321 548 449 583 adduci
474 545 575 587 fecit,
609 554 709 589 quem
739 543 890 588 benigne
916 543 1103 577 consolans
1131 545 1224 577 mistt
1249 543 1292 577 ad
1325 543 1418 578 illum
1445 544 1639 578 solitarium

256 616 396 650 dicens:
420 611 566 647 audiens
591 608 634 643 de
660 612 693 643 te
719 608 838 643 videre
864 613 897 643 te
923 608 1099 651 desidero,
1129 608 1241 654 fatiga
1268 611 1376 655 igitur
1400 613 1433 644 te
1460 620 1570 654 usque
1595 609 1640 643 ad

257 692 321 716 me.
371 679 437 718 Qut
461 686 536 710 cum
562 675 735 715 venisset,
761 674 849 707 dixit
874 674 1018 708 Pastor:
1046 673 1113 708 duo
1140 674 1297 708 homines
1317 678 1427 716 erant,
1455 676 1512 720 qui
1538 674 1640 708 ambo

257 744 435 781 habehant
455 744 608 775 mortuos
628 749 732 781 suos;
759 739 900 783 reliquit
923 743 1036 773 autem
1068 749 1154 772 unus
1183 744 1350 774 mortuum
1378 750 1474 773 suum
1499 743 1532 774 et
1555 739 1641 773 abiit

255 812 397 857 plorare
433 810 602 841 mortuum
635 804 791 838 alterius.
841 803 940 843 Quod
973 803 1154 837 solitarius
1190 805 1337 838 audiens
1372 809 1405 839 et
1440 804 1639 850 intelligens

256 880 292 912 in
331 883 489 910 sermone
530 872 606 916 ejus
649 873 873 914 compunctus
915 872 979 904 est.
1046 867 1127 902 Cum
1179 869 1316 914 quidam
1362 869 1471 903 frater
1503 869 1639 904 Pastori

257 943 417 982 dixisset,
442 948 480 973 se
502 936 738 982 perturbatum
759 945 837 969 esse
859 938 891 968 et
910 934 1020 968 torum
1039 934 1127 968 velie
1147 934 1324 977 deserere,
1352 945 1392 969 eo
1413 934 1505 980 quod
1532 945 1639 980 quae-

256 1009 334 1042 dam
353 1005 460 1040 verba
477 1003 519 1037 de
538 1001 685 1048 quodam
706 1001 814 1034 fratre
833 999 1037 1041 audivisset,
1060 1010 1149 1044 quae
1172 1011 1245 1035 eum
1266 1011 1333 1035 non
1355 999 1639 1042 aedificaverant,

257 1071 488 1110 dixitPastor,
512 1078 554 1102 ne
572 1067 659 1101 haec
679 1065 785 1101 verba
803 1065 995 1107 crederent,
1015 1067 1096 1110 quia
1117 1076 1198 1100 vera
1213 1077 1279 1099 non
1299 1070 1428 1100 essent.
1476 1065 1537 1100 Ille
1555 1077 1637 1101 vero

258 1147 341 1175 vera
366 1144 445 1170 esse
474 1131 670 1173 asserebat,
697 1132 780 1175 quia
806 1130 916 1164 frater
938 1129 1069 1165 Fidelis
1088 1140 1130 1165 ea
1147 1130 1214 1164 sitii
1237 1131 1364 1166 retulit.
1414 1132 1476 1167 Cui
1497 1131 1639 1166 Pastor:

256 1204 404 1239 nonest
430 1198 560 1240 fidelis,
595 1198 653 1242 qui
678 1195 742 1230 tibi
778 1195 884 1238 dixit,
921 1197 1021 1252 quia,
1054 1197 1084 1229 si
1121 1196 1232 1230 tidelis
1268 1200 1383 1238 esset,
1420 1208 1639 1242 nequaqnam

254 1270 323 1306 sibi
347 1266 434 1301 talia
459 1265 600 1298 diceret.
648 1260 690 1295 Et
715 1261 797 1296 ille:
825 1271 892 1305 ego
922 1261 992 1295 vidi
1019 1261 1130 1295 ocutis
1157 1262 1251 1295 meis.
1300 1261 1361 1296 Itte
1390 1267 1502 1296 autem
1531 1264 1637 1296 inter—

256 1338 402 1381 rogatus
430 1330 472 1365 de
499 1329 634 1363 festuca
658 1331 692 1361 et
718 1327 760 1361 de
785 1327 904 1369 trahe,
932 1327 1014 1373 quid
1041 1331 1180 1368 essent,
1217 1327 1397 1372 respondit
1423 1328 1465 1363 de
1494 1329 1639 1370 festuca,

256 1400 349 1448 quod
375 1399 511 1433 festuca
535 1397 649 1436 esset,
676 1393 718 1428 de
743 1392 865 1435 trabe,
901 1392 994 1438 quod
1020 1392 1119 1427 trabs
1147 1397 1251 1428 esset.
1301 1392 1345 1427 Et
1370 1393 1513 1427 Pastor:
1550 1405 1640 1438 pone

256 1470 291 1501 in
317 1464 423 1500 corde
449 1467 527 1501 tuo,
560 1461 642 1505 quia
670 1462 816 1504 peccata
840 1462 899 1492 tua
924 1462 1004 1492 sunt
1028 1460 1119 1493 sicut
1144 1458 1230 1494 haee
1254 1458 1373 1501 trabs,
1407 1459 1501 1492 iltius
1527 1464 1639 1494 autem

255 1532 350 1569 velut
382 1529 469 1564 haec
506 1536 614 1572 parva
647 1525 793 1559 festuca.
842 1523 965 1559 Frater
996 1524 1154 1570 quidam,
1199 1526 1256 1570 qui
1291 1528 1470 1569 peecatum
1506 1524 1640 1570 grande

255 1598 409 1637 fecerat,
436 1593 554 1627 volens
582 1592 764 1636 poenitere
788 1591 939 1624 triennio
968 1592 1200 1635 interrogavit
1226 1590 1419 1632 Pastorem,
1445 1591 1474 1624 si
1501 1589 1638 1624 multum

255 1665 360 1698 esset.
410 1660 475 1699 Qut
507 1658 612 1692 dixit:
647 1655 787 1689 multum
822 1659 884 1689 est.
934 1655 978 1690 Et
1011 1657 1210 1701 quaesitus,
1254 1657 1284 1690 si
1326 1666 1448 1690 annum
1483 1655 1637 1700 Juberet‚

255 1731 323 1764 ait:
359 1726 499 1761 multum
532 1726 596 1758 est.
645 1720 834 1755 Adstantes
867 1724 979 1755 autem
1017 1721 1182 1755 dicebant
1207 1732 1316 1767 usque
1342 1721 1385 1755 ad
1410 1721 1473 1755 XL
1500 1721 1574 1755 dies
1605 1726 1639 1754 et

254 1794 330 1828 ille:
357 1791 496 1826 multum
523 1792 587 1823 est.
635 1785 677 1820 Et
702 1784 853 1830 adjecit:
888 1790 991 1829 puto,
1028 1786 1140 1831 quod,
1174 1788 1203 1820 si
1235 1798 1277 1821 ex
1302 1791 1375 1821 toto
1405 1787 1509 1822 eorde
1535 1787 1637 1821 homo

253 1857 464 1904 poenituerit
499 1858 532 1888 et
565 1855 745 1897 peceatum
771 1860 839 1883 non
866 1851 1058 1892 iteraverit,
1097 1855 1130 1885 et
1165 1854 1412 1895 poenitentiam
1440 1853 1634 1886 triduanam

251 1923 420 1966 suscipiet
443 1920 614 1953 dominus.
660 1915 899 1961 Interrogatus
924 1915 966 1949 de
991 1915 1051 1949 ilto
1088 1915 1211 1950 verbo:
1245 1917 1302 1960 qui
1335 1917 1500 1950 irascitur
1536 1916 1636 1950 fratri

251 1998 315 2022 suo
343 1987 418 2020 sine
436 1994 542 2019 causa
560 1987 640 2025 ete,
667 1983 735 2015 ait:
764 1991 803 2014 ex
832 1981 922 2013 omni
955 1991 1004 2022 re,
1032 1991 1100 2025 qua
1127 1985 1160 2015 te
1184 1991 1336 2026 gravare
1359 1981 1507 2015 voluerit
1526 1982 1635 2016 frater

249 2057 349 2094 tuus,
385 2061 427 2085 ne
465 2049 632 2083 irascaris
660 2046 829 2080 adversus
865 2056 960 2092 eum,
993 2045 1105 2079 donec
1138 2045 1273 2079 oculum
1301 2045 1455 2080 dextmm
1481 2046 1546 2080 tibi
1572 2058 1633 2081 ex-

250 2117 386 2159 trahat,
423 2119 456 2150 et
490 2115 521 2148 si
557 2113 659 2147 aliter
696 2111 843 2152 seceris,
879 2111 956 2145 sine
988 2120 1095 2145 eausa
1129 2110 1198 2145 sibi
1232 2112 1416 2153 irasceris3
1455 2112 1486 2145 si
1519 2115 1633 2146 autem

248 2183 376 2227 aliquis
409 2185 444 2215 te
479 2179 631 2214 voluerit
662 2185 831 2220 separare
866 2185 887 2209 a
922 2175 1015 2218 Deo,
1057 2187 1120 2220 pro
1152 2175 1218 2210 hoc
1252 2177 1407 2211 irascere
1445 2177 1488 2211 ei.
1537 2176 1633 2211 Dixit

248 2250 370 2282 iterum
391 2245 535 2280 Pastor:
562 2244 619 2289 qui
648 2241 856 2286 querulosus
880 2245 946 2283 est,
975 2240 1164 2275 monachus
1190 2251 1257 2275 non
1283 2245 1356 2283 est;
1386 2242 1443 2286 qui
1465 2241 1630 2275 malitiam

247 2315 281 2347 in
306 2310 411 2346 corde
439 2320 502 2344 suo
528 2308 699 2349 tenuerit,
734 2306 922 2341 monachus
951 2317 1020 2341 non
1047 2310 1119 2348 est;
1154 2307 1212 2351 qui
1239 2305 1424 2341 iracundus
1449 2310 1519 2348 est,
1557 2317 1629 2341 mo-

246 2376 379 2411 nachus
406 2386 473 2409 non
500 2378 570 2416 est;
609 2374 667 2418 qui
701 2372 824 2406 matum
859 2382 922 2416 pro
957 2372 1047 2406 mato
1074 2370 1210 2414 reddit,
1245 2371 1433 2407 monachus
1459 2382 1527 2406 non
1553 2375 1628 2413 est;

247 2444 305 2488 qni
330 2441 443 2477 elatus
470 2443 503 2475 et
528 2439 699 2474 verbosus
726 2441 801 2479 est,
835 2436 1025 2471 monachus
1057 2447 1125 2471 non
1158 2440 1232 2479 est;
1267 2438 1325 2482 qui
1360 2447 1441 2472 vero
1467 2447 1547 2472 vere
1575 2439 1628 2471 est

245 2506 454 2548 monachus,
490 2514 627 2549 semper
652 2507 705 2538 est
731 2502 892 2545 humilis,
930 2506 1152 2543 mansuetus,
1188 2502 1335 2536 caritate
1362 2501 1485 2546 plenus
1521 2501 1625 2535 etti-

244 2584 371 2607 morem
402 2571 466 2606 Dei
499 2580 636 2614 semper
670 2572 704 2603 et
735 2567 863 2612 ubique
898 2577 982 2611 prae
1017 2567 1129 2601 ocutis
1164 2566 1287 2607 habet,
1329 2572 1366 2600 ut
1397 2577 1462 2600 non
1495 2569 1624 2608 peccet.

245 2637 340 2671 Dixit
373 2638 514 2678 iterum,
551 2634 663 2680 quod,
701 2635 731 2667 si
765 2637 844 2667 sunt
875 2636 946 2666 tres
980 2634 1014 2666 in
1048 2642 1169 2674 unum,
1207 2642 1249 2665 ex
1275 2631 1400 2676 quibus
1426 2639 1511 2662 unus
1536 2628 1625 2664 bene

243 2703 419 2747 quiescat,
454 2701 545 2734 atius
571 2704 684 2735 autem
711 2697 901 2734 infirmetur
926 2702 959 2732 et
984 2698 1119 2743 gratias
1144 2699 1248 2743 agat,
1285 2695 1408 2730 tertius
1442 2704 1523 2731 vero
1557 2694 1620 2728 mi-
