1742 3005
268 54 348 93 340
547 55 644 104 Cap.
672 53 843 91 LXXVI.
902 54 960 91 De
1000 60 1131 91 sancto
1161 55 1380 92 Pancratio.

271 161 353 195 feeit
379 165 412 194 et
436 156 594 192 eubiculo
612 185 620 200 ,
657 157 716 190 ubi
741 157 945 201 praedictae
973 159 1128 203 virgines
1153 158 1399 200 morabantur,
1434 160 1546 204 ignem
1574 168 1656 203 sup

268 228 406 272 posuit,
441 232 530 269 quae
563 226 705 257 orantes
740 223 899 267 spiritum
935 223 1120 264 miserunt,
1158 233 1301 269 quarum
1337 233 1484 271 corpora
1517 227 1659 259 sanctus

268 291 456 326 Caesarius
483 298 582 325 mane
607 288 736 325 illaesa
760 288 940 334 reperiens
965 287 1139 332 sepelivit.

717 612 843 674 eAP.
877 610 1060 675 mxxvi.
1094 612 1207 675 (71.)

503 715 610 758 De
657 713 927 757 saneto
976 712 1410 758 Pallen-atio.

358 823 562 857 pancratius
587 832 608 856 a
632 832 720 866 pan,
749 821 843 867 quod
871 825 924 855 est
951 825 1080 865 totum,
1111 826 1145 856 et
1172 826 1315 867 gratus,
1345 821 1436 865 qued
1463 824 1518 855 est
1543 822 1655 861 eitius

269 889 370 934 quasi
396 892 489 922 totus
516 889 585 921 cito
612 891 756 933 gratuS,
792 890 874 933 quia
910 889 943 921 in
977 898 1041 922 sua
1069 889 1240 932 pueritia,
1278 887 1332 921 vel
1358 888 1448 920 sieut
1473 887 1602 921 dieitur
1626 888 1659 919 in

270 954 474 993 messario,
503 963 651 997 pancras
679 953 805 986 dieitur
830 955 973 997 rapina,
1002 954 1256 997 paneranarius
1286 953 1440 998 flagellis
1467 952 1658 998 subjectns,

271 1029 419 1063 pancras
439 1019 530 1062 lapis
551 1019 646 1053 varie
665 1019 855 1053 coloratus.
903 1018 982 1063 Ipse
999 1020 1086 1052 enim
1104 1020 1220 1063 rapuit
1241 1018 1407 1062 praedam
1431 1020 1659 1062 captivorum,

271 1084 336 1118 suit
357 1083 536 1128 subJectus
558 1083 710 1128 flagellis
740 1088 1001 1128 tormentorum,
1034 1085 1212 1118 coloratus
1240 1086 1411 1118 varietate
1439 1086 1613 1118 virtutum.

358 1149 563 1184 pancratius
598 1149 828 1184 nobilissimis
867 1154 963 1184 ortus
1000 1150 1204 1194 parentibus
1240 1149 1317 1183 (lum
1356 1149 1448 1194 apud
1474 1149 1659 1194 Phrygiam

270 1220 304 1249 et
329 1219 429 1259 patre
455 1218 489 1249 et
513 1217 623 1249 matre
650 1214 795 1249 orbatus
822 1220 937 1258 esset,
972 1214 1036 1249 sub
1070 1225 1154 1248 cura
1181 1215 1337 1259 Dionysii
1373 1216 1488 1259 patrui
1520 1216 1574 1247 sui
1602 1225 1657 1248 re-

269 1281 372 1314 lictus
398 1284 462 1314 est.
512 1279 623 1314 Ambo
650 1291 736 1326 ergo
764 1280 924 1319 Romam,
951 1280 1010 1314 ubi
1036 1281 1170 1325 largum
1198 1280 1376 1314 habebant
1402 1282 1658 1325 patrimonium-

270 1346 466 1387 redierunt,
499 1346 704 1391 inquorum
730 1347 809 1382 vieo
843 1346 1026 1381 Cornelius
1058 1355 1153 1391 papa
1184 1356 1258 1379 cum
1292 1346 1453 1380 fidelibus
1485 1346 1657 1380 latitabat.

269 1412 298 1446 A
324 1422 392 1457 quo
421 1411 559 1457 quidem
588 1411 752 1447 Cornelio
782 1422 856 1446 eum
881 1412 1082 1457 praedictus
1115 1411 1349 1456 ¹)Di0nysius
1389 1416 1423 1446 et
1453 1411 1660 1446 Pauci-atius

268 1477 368 1512 iidem
395 1477 527 1513 Christi
552 1479 779 1522 recepissent,
804 1477 945 1512 tandem
964 1477 1152 1522 Dionysius
1178 1479 1212 1512 in
1238 1488 1324 1522 paee
1341 1479 1486 1512 moritur
1511 1482 1544 1511 et
1568 1476 1657 1511 Pan-

269 1544 400 1577 cratius
435 1545 571 1587 capitur
607 1547 641 1578 et
679 1544 823 1579 Caesari
865 1547 1121 1589 praesentatur.
1169 1542 1254 1578 Erat
1297 1547 1410 1578 autem
1452 1542 1658 1588 Pauci-atius

266 1609 369 1654 quasi
392 1618 560 1643 annorum
586 1608 685 1652 XIV,
712 1611 766 1644 eui
794 1611 878 1645 dicit
900 1610 1149 1656 Dyocletiauus
1177 1610 1327 1645 Caesar:
1364 1609 1550 1651 infantulo,
1575 1619 1658 1644 sua-

266 1674 332 1710 deo
356 1675 441 1716 tibi,
468 1686 511 1710 ne
536 1675 627 1709 mala
652 1680 761 1710 morte
786 1678 970 1719 moriaris,
998 1678 1097 1722 quia,
1126 1687 1201 1710 eum
1226 1686 1313 1721 puer
1339 1677 1400 1718 sis,
1431 1675 1535 1710 facile
1560 1675 1656 1709 deci-

269 1741 386 1784 peris,
421 1745 454 1775 et
489 1742 571 1784 quia
600 1741 730 1774 nobilis
770 1742 1010 1786 comprobaris
1051 1747 1085 1777 et
1118 1742 1291 1776 carissimi
1326 1743 1393 1775 mei
1430 1740 1520 1775 filius
1549 1743 1656 1776 exsti-

266 1806 360 1845 tisti,
396 1815 484 1850 rogo
508 1809 564 1847 te,
597 1809 634 1839 ut
659 1805 804 1840 recedas
840 1806 883 1840 ab
911 1806 974 1840 liae
1003 1808 1171 1848 vesania,
1207 1810 1244 1839 ut
1278 1806 1372 1839 velut
1402 1806 1506 1839 lilium
1543 1817 1655 1840 meum

266 1876 299 1906 te
334 1870 492 1905 habeam.
543 1870 607 1905 Cui
638 1870 865 1905 Pane-ratius:
918 1873 984 1906 etsi
1019 1882 1105 1916 puer
1135 1882 1209 1905 sum
1245 1881 1414 1915 corpore,
1448 1882 1508 1905 cor
1543 1876 1658 1906 tamen

266 1946 354 1982 gero
391 1935 503 1970 senile
538 1940 571 1970 et
609 1937 734 1971 virtute
759 1937 979 1972 domininici
1005 1937 1088 1972 ,lesu
1115 1937 1247 1971 Christi
1284 1941 1398 1971 terror
1430 1942 1548 1971 vester
1578 1942 1655 1971 tan-

265 2006 335 2035 tum
360 2001 454 2046 apud
478 2012 542 2036 nos
570 2005 642 2044 est,
671 2006 834 2047 quantum
859 2002 946 2037 haec
972 2004 1128 2047 pictura,
1156 2012 1257 2047 quam
1283 2005 1474 2044 cernimus,
1511 2002 1568 2036 Dii
1593 2012 1656 2036 au-

266 2071 333 2101 tem
360 2068 426 2109 tui‚
464 2078 551 2112 quos
580 2079 631 2103 me
658 2067 811 2102 hortaris
840 2058 979 2110 colere,
1012 2068 1221 2114 deceptores
1256 2073 1289 2103 et
1313 2078 1555 2114 germanarum
1581 2073 1654 2102 stu-

265 2137 426 2177 pratores
459 2132 618 2176 suerunt,
656 2135 715 2178 qui
748 2136 852 2168 etiam
888 2145 951 2169 nec
977 2134 1181 2179 parentibus
1206 2138 1448 2178 pepercerunt.
1499 2133 1597 2172 Quod
1625 2135 1654 2167 si

264 2198 370 2232 hodie
395 2202 474 2232 tuos
499 2209 622 2233 servos
653 2199 742 2234 tales
769 2209 1018 2246 cognosceres,
1049 2201 1207 2244 protinus
1235 2199 1346 2233 occidi
1369 2199 1527 2243 juberes.
1578 2199 1651 2233 Ta-

263 2264 315 2299 les
338 2264 432 2299 Deos
465 2266 591 2305 miror,
623 2265 797 2309 quomodo
834 2265 951 2300 colere
988 2276 1057 2300 non
1091 2264 1285 2300 erubescis.
1335 2264 1516 2310 Augustus
1545 2265 1652 2310 igitur

261 2333 387 2373 putans
419 2339 458 2364 se
490 2339 512 2363 a
547 2339 654 2373 puero
684 2331 832 2371 vietum,
865 2331 975 2375 jussit
1007 2341 1082 2365 eum
1118 2332 1151 2365 in
1187 2333 1243 2365 via
1266 2331 1455 2365 Aureliana
1483 2330 1650 2365 decollari

260 2396 354 2429 eirca
377 2405 487 2430 annos
514 2394 644 2428 domiui
682 2394 954 2438 CCLXXXVH,
986 2398 1086 2441 cujus
1120 2407 1246 2442 eorpus
1282 2397 1463 2431 Coe-aviliu
1495 2395 1647 2430 senatrix

262 2460 452 2506 diligenter
476 2461 649 2505 sepelivit.
698 2461 752 2495 Ad
778 2462 854 2506 ejus
880 2462 1121 2507 sepulchrum,
1156 2467 1194 2497 ut
1215 2465 1276 2505 ,ait
1312 2462 1504 2508 Gregorius
1531 2459 1646 2493 Turo-

262 2527 400 2567 nensis,
436 2527 467 2560 si
504 2527 581 2571 quis
616 2525 740 2560 salsum
772 2528 895 2573 jurare
931 2528 1098 2571 voluerit,
1138 2534 1323 2575 antequam
1358 2527 1401 2562 ad
1432 2525 1529 2560 chori
1563 2534 1643 2558 eau-

328 2666 353 2694 1)
375 2664 424 2691 Ι-ὶιΙ.
446 2669 486 2690 l'r.
507 2666 582 2691 ιιιιιΙο
603 2667 888 2699 Dyonletinnns
908 2666 955 2695 bis
976 2668 1054 2699 legit.
