1742 3005
282 82 359 121 156
500 85 594 133 Cap.
623 83 743 120 XLV.
802 83 861 121 De
892 91 1022 121 sancto
1055 84 1199 122 Mathia
1231 85 1424 135 apostolo.

277 190 352 223 ales
386 192 420 222 et
457 188 616 221 damnum
652 190 819 233 unguenti
853 188 1076 221 tricentorum
1112 188 1332 223 denariorum
1368 189 1665 231 recompensavit;

277 255 331 289 vel
357 254 412 297 (ut
437 252 575 297 quidam
603 253 720 296 ajunt)
744 253 912 294 omnium,
962 262 1051 296 quae
1075 263 1139 297 pro
1166 252 1304 287 Christo
1330 252 1523 294 dabantur,
1572 251 1666 286 deci-

275 330 363 353 mam
389 322 522 363 partem
549 316 732 350 furabatur
756 321 790 351 et
818 316 896 350 ideo
924 327 985 361 pro
1016 317 1149 351 decima
1176 321 1287 361 parte,
1316 327 1417 362 quain
1436 319 1469 351 in
1487 320 1663 362 unguente

275 385 453 426 amiserat,
477 382 610 416 scilicet
634 392 698 426 pro
723 381 825 415 XXX
850 381 1016 423 denariis,
1044 381 1215 415 dominum
1240 381 1406 423 vendidit,
1434 393 1520 427 quos
1548 386 1661 415 tamen

273 449 490 495 poenitentia
522 447 644 481 ductus
672 447 790 481 retulit
825 451 859 482 et
884 446 1006 481 abiens
1030 447 1158 492 laqueo
1186 457 1223 481 se
1250 446 1432 491 suspendit
1457 451 1492 480 et
1515 457 1663 490 suspen*

273 526 332 549 sus
359 515 494 559 crepuit
523 512 654 546 medius
686 516 721 547 et
745 512 874 546 diffusa
898 516 978 546 sunt
1010 513 1126 545 omnia
1150 513 1287 546 viscera
1312 512 1400 555 ejus.
1447 511 1485 545 In
1509 510 1574 544 hoc
1601 520 1662 544 au-

271 585 340 616 tem
365 579 516 614 delatum
542 581 596 612 est
620 579 685 619 ori,
712 588 754 612 ne
780 588 843 621 per
868 588 907 611 os
935 576 1182 619 effunderetur,
1208 587 1276 610 non
1302 577 1391 611 enim
1414 576 1555 622 dignum
1572 581 1660 617 erat,

272 650 310 680 ut
343 655 382 679 os
416 648 485 677 tam
518 643 635 677 viliter
669 644 932 687 inquinaretur,
983 641 1075 686 quod
1117 645 1185 676 tam
1224 642 1417 687 gloriosum
1458 652 1497 676 os
1532 641 1665 675 scilicet

273 710 402 745 Christi
427 710 635 753 contigerat.
682 708 831 752 Dignum
857 708 945 741 enini
972 710 1071 749 erat,
1114 710 1151 740 ut
1177 708 1333 749 viscera,
1372 717 1462 751 quae
1491 706 1661 750 proditio-

271 785 348 809 nem
374 776 626 816 conceperant,
676 775 777 816 rupta
802 771 968 805 caderent
993 775 1028 805 et
1049 775 1190 816 guttur,
1234 781 1255 805 a
1282 782 1348 816 quo
1378 782 1443 807 vox
1470 771 1662 816 proditoris

272 841 420 880 exierat,
446 838 574 882 laqueo
603 840 789 871 artaretur.
839 835 876 870 In
903 840 985 870 aere
1011 837 1114 870 etiam
1139 837 1283 877 interiit,
1309 840 1347 869 ut
1372 838 1430 880 qui
1455 836 1602 881 angelos
1627 837 1660 869 in

270 904 369 938 coelo
393 907 428 938 et
451 902 608 936 homines
634 903 667 935 in
692 905 787 936 terra
811 901 1025 942 offenderat,
1051 900 1095 934 ab
1122 894 1324 946 angelorum
1351 905 1385 935 et
1408 900 1580 935 hominum
1605 911 1660 935 re—

269 971 375 1016 gione
410 971 637 1012 separaretur
668 971 702 1002 et
737 968 771 1000 in
804 971 886 1001 aere
922 976 997 999 eum
1037 965 1263 1000 daemonibus
1297 968 1503 1001 sociaretur.
1579 965 1660 1000 Cum

270 1036 378 1080 igitur
401 1035 493 1067 inter
517 1034 756 1067 ascensionem
782 1036 816 1066 et
843 1031 1092 1076 penthecosten
1120 1031 1272 1075 apostoli
1295 1032 1328 1065 in
1347 1031 1534 1066 coenaculo
1559 1030 1659 1064 simul

269 1103 407 1141 essent,
456 1098 576 1133 videns
602 1098 746 1139 Petrus,
787 1096 879 1142 quod
908 1107 1068 1131 numerus
1097 1096 1159 1130 Xll
1185 1097 1425 1141 apostolorum
1451 1100 1526 1130 erat
1549 1097 1659 1129 immi-

268 1169 391 1206 nutus,
418 1173 506 1208 quos
528 1167 644 1198 tamen
670 1163 827 1196 dominus
852 1164 885 1196 in
911 1162 976 1195 hoc
1002 1173 1143 1196 numero
1168 1162 1348 1208 elegerat,
1374 1165 1410 1195 ut
1436 1161 1535 1195 iidem
1560 1161 1658 1194 trini-

268 1231 351 1263 tatis
385 1231 420 1262 in
454 1232 618 1273 quattuor
650 1228 765 1261 mundi
799 1227 957 1272 partibus
993 1227 1255 1272 praedicarent,
1310 1228 1462 1261 surrexit
1485 1228 1519 1260 in
1545 1225 1658 1261 medio

269 1295 413 1328 fratrum
438 1294 577 1328 dicens:
615 1294 679 1326 viri
705 1293 855 1336 fratres,
890 1297 1028 1338 oportet
1054 1296 1089 1326 ut
1115 1293 1265 1337 aliquem
1290 1292 1366 1326 loco
1391 1291 1502 1327 Judae
1527 1290 1656 1325 substi-

269 1365 417 1401 tuamus,
445 1360 503 1403 qui
526 1362 674 1393 testetur
698 1358 878 1393 nobiscum
904 1359 1193 1393 resurrectionem
1220 1357 1362 1399 Christi,
1391 1359 1474 1402 quia
1498 1357 1655 1391 dominus

267 1425 355 1459 dixit
378 1424 502 1458 nobis:
534 1425 632 1458 eritis
657 1423 739 1457 mihi
760 1428 868 1459 testes
893 1426 927 1458 in
951 1423 1147 1459 Jerusalem
1173 1427 1207 1458 et
1231 1424 1265 1456 in
1291 1423 1381 1456 omni
1404 1422 1542 1458 Judaea
1564 1427 1598 1456 et
1622 1424 1654 1455 in

266 1491 428 1525 §amaria
453 1493 487 1525 et
511 1500 619 1534 usque
647 1489 691 1524 ad
716 1490 869 1524 ultimum
894 1493 1033 1525 terrae:
1060 1494 1094 1524 et
1120 1491 1202 1535 quia
1228 1490 1328 1523 testis
1354 1489 1491 1522 nonnisi
1518 1488 1560 1523 de
1588 1487 1652 1527 lus,

267 1566 357 1601 quae
381 1555 481 1598 vidit,
503 1554 607 1590 dehet
629 1556 859 1589 testimonium
889 1555 993 1598 serre,
1022 1555 1205 1601 eligendus
1226 1558 1279 1589 est
1305 1565 1392 1588 unus
1419 1564 1460 1588 ex
1485 1553 1538 1588 his
1555 1556 1652 1591 viris,

266 1623 324 1666 qui
348 1620 525 1655 nobiscum
552 1631 689 1665 semper
715 1621 875 1663 suerunt,
925 1625 959 1655 et
983 1620 1112 1655 domini
1143 1620 1310 1654 miracula
1338 1620 1495 1654 viderunt
1519 1624 1553 1655 et
1577 1622 1652 1666 ejus

265 1687 455 1721 doctrinam
482 1686 676 1721 audierunt.
703 1686 747 1721 Et
773 1691 969 1721 statuerunt
994 1686 1081 1720 duos
1108 1685 1150 1721 de
1176 1687 1402 1731 septuaginta
1426 1685 1560 1721 duobus
1580 1687 1651 1721 dis-

263 1753 409 1797 cipulis,
438 1752 570 1786 scilicet
593 1751 725 1796 Joseph
741 1780 748 1794 ,
785 1753 843 1796 qui
867 1752 1132 1798 cognominatus
1158 1754 1212 1785 est
1230 1751 1348 1795 justus
1375 1762 1438 1795 pro
1466 1753 1650 1787 sanctitate

263 1828 339 1859 sua,
367 1819 425 1862 qui
451 1817 515 1851 suit
541 1818 650 1852 frater
675 1817 799 1853 Jacohi
824 1817 965 1861 Alphei,
993 1821 1026 1851 et
1051 1815 1234 1857 Mathiam,
1261 1815 1303 1849 de
1329 1817 1427 1859 cujus
1445 1816 1548 1850 laude
1567 1817 1648 1850 snb-

262 1885 405 1924 ticetur,
446 1884 528 1927 quia
553 1882 681 1916 suflicit
706 1884 738 1916 ei
761 1893 824 1927 pro
849 1882 971 1923 laude,
1022 1881 1114 1926 quod
1143 1882 1175 1914 in
1204 1879 1400 1925 apostolum
1427 1884 1480 1915 est
1504 1881 1646 1916 electus.

261 1948 305 1982 Et
330 1951 470 1981 orantes
495 1947 672 1981 dixerunt:
707 1951 743 1981 tu
773 1946 929 1987 domine,
965 1948 1021 1991 qui
1047 1947 1137 1980 nosti
1163 1946 1269 1980 corda
1295 1948 1462 1987 omnium,
1489 1946 1646 1984 ostende,

262 2024 359 2058 quem
387 2012 538 2058 elegeris
565 2023 606 2046 ex
642 2012 696 2046 his
729 2012 864 2046 duobus
891 2022 990 2046 unum
1018 2014 1176 2056 accipere
1203 2011 1313 2044 locum
1340 2012 1521 2046 ministerii
1545 2011 1647 2057 hujus

260 2083 294 2113 et
321 2078 560 2123 apostolatus,
612 2088 711 2123 quein
738 2078 1011 2121 Judaslainisit,
1060 2082 1094 2111 et
1120 2077 1210 2110 datis
1237 2076 1306 2109 illis
1334 2076 1487 2111 sortibus
1522 2077 1647 2112 cecidit

259 2154 336 2177 sors
362 2153 469 2187 super
495 2143 665 2178 Mathiam
691 2147 725 2178 et
755 2147 1002 2178 annumeratus
1027 2146 1080 2177 est
1105 2153 1178 2176 cuni
1204 2141 1251 2176 XI
1279 2141 1461 2186 apostolis.
1510 2141 1555 2176 Et
1582 2153 1645 2176 no-

258 2208 416 2249 tandum,
467 2208 560 2252 qnod
584 2209 742 2253 exemplo
771 2208 857 2250 hoc,
903 2213 940 2242 ut
963 2209 1012 2242 ait
1038 2208 1283 2252 Hieronymus,
1322 2216 1390 2240 non
1416 2211 1470 2241 est
1491 2207 1645 2242 sortibus
1691 2243 1693 2247 ,

259 2273 440 2314 utendum,
488 2274 570 2317 qnia
603 2273 790 2318 privilegia
822 2283 1008 2317 paucorum
1034 2283 1242 2307 communem
1271 2272 1384 2317 legem
1411 2283 1479 2306 non
1503 2273 1645 2308 faciunt.

257 2338 388 2373 Rursus
415 2339 531 2379 etiam,
560 2339 649 2372 sicut
674 2338 757 2372 dicit
780 2338 889 2382 Beda,
916 2339 1025 2374 donec
1046 2340 1180 2374 veniret
1207 2339 1350 2380 veritas,
1378 2338 1523 2385 liguram
1548 2338 1644 2372 licuit

257 2402 460 2437 observare.
529 2403 623 2438 Vera
657 2406 746 2439 enim
778 2403 895 2438 hostia
932 2406 964 2438 in
993 2406 1158 2449 passione
1186 2403 1468 2445 mummolam,
1520 2402 1582 2438 sed
1607 2404 1641 2437 in

257 2467 486 2503 Penthecoste
517 2474 755 2504 consummata
788 2474 823 2505 et
853 2470 932 2504 ideo
966 2471 999 2503 in
1033 2471 1202 2505 electione
1229 2469 1387 2505 Mathiae
1411 2468 1564 2503 sortibus
1590 2468 1641 2501 usi

256 2537 355 2575 sunt,
391 2544 434 2568 ne
459 2543 479 2567 a
504 2534 583 2579 lege
610 2534 868 2580 discreparent,
905 2537 937 2569 in
963 2546 1032 2581 qua
1054 2546 1204 2570 snnnmus
1228 2535 1393 2570 sacerdos
1416 2537 1510 2568 sorte
1534 2543 1641 2577 quae-

257 2597 411 2632 rebatur.
480 2598 563 2633 Post
600 2600 852 2635 Penthecosten
890 2612 971 2635 vero
1003 2603 1076 2646 Jam
1109 2603 1257 2636 veritate
1289 2599 1476 2644 propalata
1509 2601 1639 2642 septeni

257 2662 430 2707 dyacones
460 2674 525 2697 non
561 2669 655 2699 sorte
682 2665 743 2700 sed
770 2666 1017 2710 discipulorum
1043 2667 1212 2701 electione
1238 2668 1272 2699 et
1296 2665 1532 2708 apostolorum
1561 2673 1642 2698 ora—
