1742 3005
326 102 420 153 Cap.
452 102 515 139 Ll.
575 102 634 139 De
665 102 958 139 annuntiatione
989 101 1191 139 dominica.
1372 101 1446 138 221

65 204 237 240 curricula
261 203 356 240 Deus
379 204 488 239 multa
511 210 678 251 operatus
705 210 778 247 est,
822 216 912 252 quae
938 205 1076 253 quidam
1109 206 1266 253 egregiis
1292 205 1451 241 versibus

63 272 116 305 sie
143 270 357 306 declaravit:

242 336 348 371 Salve
368 336 467 381 justa
493 335 569 371 dies
595 347 685 382 quae
715 337 859 372 vulnera
882 340 1004 370 nostra
1028 337 1192 371 coerces!

241 402 400 448 Angelus
426 406 480 437 est
503 404 641 444 missum,
670 407 722 438 est
745 413 870 447 passus
897 403 930 435 in
956 412 1057 436 cruce
1080 402 1251 438 Christus,

241 467 303 501 Est
326 467 435 502 Adam
463 467 575 501 factus
601 472 634 502 et
660 467 781 502 eodem
808 471 964 511 tempore
986 467 1120 511 lapsus,

243 533 296 568 Oh
323 534 479 567 meritum
510 531 664 567 decimae
691 532 785 566 cadit
810 532 901 566 Abel
928 532 1047 565 fratris
1074 532 1117 565 ab
1143 543 1238 566 ense.

240 598 352 632 Offert
377 597 659 633 Melchisedech,
686 597 801 631 Ysaac
826 598 1033 641 supponitur
1056 599 1140 638 ariS‚

238 663 302 698 Est
325 663 519 697 decollatus
547 663 677 698 Christi
705 663 862 707 baptista
888 663 1012 696 beatus

237 727 281 763 Et
304 728 428 763 Petrus
449 733 603 773 ereptus,
626 728 780 763 Jacobus
802 727 865 761 sub
894 727 1032 762 Herode
1057 733 1267 773 peremptus.

239 794 397 839 Corpora
421 798 620 828 sanctorum
646 804 719 828 cum
748 794 888 828 Christo
914 794 1022 827 multa
1045 800 1244 841 resurgunt,

236 860 346 895 Latro
371 859 472 894 dulce
498 864 613 894 tamen
639 870 701 904 per
727 859 899 893 Christum
927 860 1076 904 suscipit
1106 861 1223 895 Amen.

58 930 100 965 2.
133 926 238 962 Miles
272 925 412 971 quidam
441 925 539 960 dives
563 936 605 959 ac
636 925 764 959 nobilis
785 925 927 958 saeculo
949 925 1209 960 abrenuntiavit
1235 930 1268 960 et
1292 927 1447 963 ordinem

58 993 341 1028 cisterciensium
376 992 536 1025 introivit
578 995 611 1026 et
646 992 729 1036 quia
766 991 903 1025 litteras
950 991 1151 1034 nesciebat,
1198 992 1448 1028 erubescentes

56 1057 215 1093 monaehi
252 1061 320 1091 tam
356 1057 507 1091 nobilem
538 1066 723 1101 personam
752 1058 842 1091 inter
872 1057 982 1090 laicos
1017 1057 1179 1102 deputari
1212 1058 1382 1093 dederunt
1416 1061 1448 1093 ei

55 1125 272 1170 magistrum,
296 1124 327 1157 si
352 1123 442 1157 forto
466 1122 637 1156 modicum
662 1121 847 1156 addiscere
873 1127 995 1167 posset
1019 1127 1053 1157 et
1080 1123 1143 1157 sub
1168 1123 1235 1157 hac
1260 1126 1448 1160 occasione

56 1191 147 1224 inter
171 1189 360 1224 monachos
387 1192 617 1234 permaneret.
677 1187 747 1222 Sed
774 1199 847 1222 cum
875 1188 934 1222 din
962 1200 1035 1222 cum
1062 1191 1232 1234 magistro
1262 1190 1387 1224 suisset
1414 1195 1448 1224 et

56 1255 143 1289 nihil
168 1256 305 1289 omnino
333 1259 475 1300 praeter
507 1255 595 1289 haec
628 1254 696 1288 duo
725 1254 914 1289 vocacula:
948 1264 1013 1288 avc
1038 1255 1176 1296 Maria,
1219 1256 1356 1291 discere
1381 1268 1445 1300 po-

54 1322 202 1363 tuisset‚
227 1320 316 1355 haec
338 1325 407 1355 tam
434 1321 536 1355 aride
564 1321 725 1361 retinuit,
754 1323 790 1353 ut
814 1330 1030 1364 quocumque
1055 1320 1308 1358 deambularet,
1344 1322 1446 1366 quid<

57 1386 139 1432 quid
156 1391 291 1431 ageret.
312 1396 353 1420 ea
373 1387 592 1419 incessanter
607 1385 640 1429 ¹)
657 1386 856 1419 ruminaret.
886 1384 1042 1419 Tandem
1060 1386 1204 1419 moritur
1229 1391 1262 1420 et
1288 1388 1321 1420 in
1348 1389 1445 1421 cinni*

56 1453 145 1487 terio
174 1462 248 1485 cum
273 1451 352 1485 aliis
374 1451 541 1484 fratribus
571 1451 741 1495 sepelitur
765 1455 799 1484 et
827 1460 906 1484 ecce
930 1462 1036 1495 super
1071 1451 1146 1493 eius
1172 1452 1335 1486 tumulum
1363 1464 1445 1497 spe-

57 1519 187 1552 ciosum
209 1517 381 1551 excrescit
407 1516 515 1549 lilium
542 1520 575 1550 et
596 1516 778 1561 quodlibet
800 1516 939 1549 felium:
967 1526 1029 1550 ave
1043 1516 1158 1550 Maria
1177 1517 1303 1551 litteris
1329 1521 1446 1553 aureis

56 1582 211 1616 habebat
239 1582 451 1625 inscriptum.
502 1580 688 1633 Currentes
715 1592 832 1615 omnes
865 1581 909 1614 ad
945 1585 1012 1614 tam
1040 1582 1174 1627 grande
1210 1585 1446 1627 spectaculum

54 1652 182 1684 terram
217 1648 260 1683 de
283 1647 413 1681 tumulo
441 1646 637 1681 effoderunt
665 1651 698 1681 et
733 1647 883 1681 radicem
918 1648 982 1680 lilii
1012 1647 1054 1681 de
1082 1658 1143 1681 ore
1181 1647 1337 1684 defuncti
1361 1662 1445 1695 pro-

57 1714 182 1749 cedere
212 1716 426 1758 repererunt.
490 1711 737 1746 Intellexerunt
762 1724 869 1757 ergo,
908 1717 1038 1758 quanta
1072 1713 1257 1748 devotione
1291 1715 1351 1749 illa
1377 1716 1445 1750 duo

56 1779 164 1814 verba
189 1779 335 1820 dixerat,
362 1788 460 1825 quem
487 1777 645 1812 dominus
666 1780 753 1812 tanti
779 1778 911 1813 honore
938 1778 1093 1824 prodigii
1118 1779 1316 1814 illustraxit.
1336 1801 1378 1808 —-
1402 1802 1446 1806 —

55 1848 99 1883 3.
129 1844 274 1885 Quidam
298 1843 397 1878 miles
426 1843 600 1888 quoddam
630 1845 664 1877 in
690 1845 748 1877 via
772 1849 920 1878 castrum
947 1844 1101 1878 habebat
1126 1849 1160 1879 et
1184 1856 1303 1880 omnes
1332 1851 1445 1882 trans-

57 1914 176 1946 euntes
203 1912 278 1945 sine
304 1911 528 1944 miseratione
563 1909 683 1954 aliqua
716 1910 913 1954 spoliabat,
952 1911 1121 1954 virginem
1154 1914 1268 1945 tamen
1302 1918 1446 1949 matrem

55 1975 119 2010 Dei
144 1975 299 2020 quotidie
334 1975 511 2009 salutabat
543 1984 607 2009 nee
642 1985 706 2019 pro
744 1974 861 2020 aliquo
892 1975 1137 2020 impedimento
1173 1980 1365 2022 emergenti
1401 1979 1444 2014 ab

56 2042 133 2085 ipsa
157 2035 368 2074 salutatione
393 2040 513 2085 aliqua
536 2040 592 2074 die
620 2050 762 2074 cessare
787 2040 938 2075 volebat.
986 2041 1127 2075 Accidit
1150 2047 1280 2083 antem,
1305 2048 1342 2076 ut
1366 2045 1445 2088 qui-

56 2105 133 2139 dam
159 2105 424 2151 vir-religiosus
445 2109 478 2140 et
505 2110 647 2139 sanctus
676 2106 756 2140 inde
781 2108 963 2140 transitum
987 2107 1121 2141 faceret
1145 2111 1179 2141 et
1205 2108 1316 2151 ipsum
1342 2119 1445 2153 prae-

55 2171 168 2205 dictus
194 2171 294 2205 miles
316 2172 479 2205 continuo
506 2172 696 2216 exspoliari
717 2171 879 2216 juberet,
924 2173 975 2206 vir
999 2177 1112 2207 autem
1140 2177 1281 2207 sanctus
1306 2176 1447 2219 rogavit

55 2236 269 2281 praedones,
314 2242 351 2271 ut
382 2238 493 2282 ipsum
527 2237 570 2271 ad
598 2237 770 2271 dominum
804 2247 902 2271 suum
930 2237 1125 2276 deducant,
1155 2240 1237 2284 quia
1260 2239 1305 2273 ad
1333 2241 1444 2284 ipsum

54 2300 162 2335 habet
188 2306 344 2344 secreta,
385 2313 474 2348 quae
495 2303 661 2347 perferat.
711 2302 892 2337 Adductus
917 2308 1029 2338 autem
1056 2306 1197 2349 rogavit
1219 2304 1383 2346 militem,
1409 2309 1446 2338 ut

55 2376 174 2400 omnes
197 2365 239 2400 de
266 2366 398 2400 familia
422 2377 486 2402 sua
510 2373 544 2402 et
572 2373 688 2403 castro
721 2370 937 2414 congregari
970 2369 1122 2411 faceret,
1165 2373 1203 2403 ut
1235 2371 1278 2403 iis
1303 2369 1444 2403 verbum

56 2431 185 2465 domini
212 2431 445 2476 praedicaret.
503 2434 586 2468 Cum
613 2439 726 2470 autem
753 2435 961 2481 congregati
984 2434 1154 2477 fuissent,
1197 2434 1257 2468 ille
1284 2435 1351 2467 ait:
1381 2445 1441 2469 ne-

55 2506 228 2542 quaquam
253 2497 310 2532 hio
337 2498 423 2532 estis
452 2509 582 2540 omnes,
611 2499 673 2534 sed
699 2500 828 2545 aliquis
855 2499 969 2533 adhuc
992 2498 1103 2533 deest.
1153 2499 1214 2533 Cui
1243 2510 1343 2544 quum
1370 2510 1441 2534 om-

55 2572 115 2597 nes
137 2572 175 2598 se
202 2562 329 2597 ibidem
358 2574 435 2598 esse
460 2569 679 2607 assererent,
717 2566 856 2609 aJebat:
885 2563 1075 2609 diligenter
1099 2565 1291 2609 perquirite
1315 2569 1349 2600 et
1373 2564 1440 2598 ali⁴

118 2703 146 2736 l)
163 2703 223 2730 Alii
240 2703 341 2736 legunt
361 2703 487 2731 nomin
499 2713 514 2731 a
525 2713 537 2729 r
546 2713 561 2726 ⁴³
574 2708 593 2730 l.
