1742 3005
322 52 420 102 Cap.
451 51 599 89 CXVlt.
660 52 718 90 De
749 59 880 90 sancto
911 53 1118 92 Laurentio
1150 56 1315 93 martire.
1428 56 1509 95 497

126 159 290 194 surrexit.
338 157 446 193 Sexto
483 162 627 203 propter
663 159 846 193 saevitiam
878 162 1146 201 tormentorum,
1191 161 1274 205 quia
1305 162 1517 207 gravissima

125 224 302 269 supplicia
335 223 498 268 pertulit,
535 228 654 268 utpote
690 225 747 269 qui
781 234 887 268 super
922 229 1051 259 cratem
1082 225 1230 260 ferream
1268 230 1408 261 assatus
1439 227 1514 262 fuit.

127 287 223 324 Unde
259 293 294 324 et
326 289 369 324 de
397 289 548 335 codic-*it
572 288 696 324 beatus
722 290 959 335 Augustinus:
1001 290 1177 324 laceratos
1211 295 1307 326 artus
1341 296 1376 326 et
1409 292 1517 327 multa

125 353 308 390 verberum
339 356 496 390 sectione
518 356 679 389 concisos
703 354 863 399 subJ'ecto
887 356 1070 399 praecepit
1095 357 1177 400 igne
1204 358 1352 400 torreri,
1384 361 1423 392 ut
1456 368 1519 403 per

127 424 257 454 cratem
283 420 450 463 ferream,
489 430 578 465 quae
610 420 683 464 jam
716 419 758 453 tle
794 420 933 454 fervore
958 420 1121 453 continuo
1152 421 1217 454 vim
1243 422 1277 455 in
1306 432 1345 455 se
1370 422 1519 457 haberet

128 485 263 528 urendi,
292 495 540 520 conversorum
566 484 704 518 alterna
736 485 925 518 mutatione
957 483 1186 518 membrorum
1215 483 1315 520 fieret
1341 488 1517 521 cruciatus

126 550 367 586 vehementior
399 554 434 584 et
466 558 580 593 poena
614 547 828 593 productior.
877 548 1038 583 Secundo
1066 549 1129 583 fuit
1162 550 1517 586 excellentissimam

127 615 253 650 effectu
289 616 364 649 sive
395 615 558 648 utilitate.
606 612 687 658 Ipsa
716 616 804 649 enim
837 624 974 659 poenae
1014 614 1191 649 acerbitas
1224 616 1408 651 seeundum
1443 618 1515 651 Au-

124 681 300 726 gustinum
333 683 367 714 et
393 679 582 714 Maximum
619 679 703 713 fecit
735 690 811 714 eum
841 679 1102 725 glorificatione
1128 680 1324 725 sublimem,
1351 683 1516 727 opinione

126 744 283 780 etfama
314 745 507 788 celebrem,
542 745 729 780 devotione
770 745 985 780 laudabilem
1023 751 1057 781 et
1099 748 1293 781 imitatione
1330 748 1514 793 insignem.

123 809 238 844 Primo
271 812 381 857 igitur
412 810 669 857 glorificatione
703 810 903 852 sublimem,
940 811 1030 846 unde
1055 812 1274 857 Augustinus
1300 812 1401 845 dicit:
1435 822 1515 847 sae-

124 877 221 910 viisti
246 880 453 921 persecutor
480 878 513 910 in
538 878 731 918 martirem,
771 878 959 910 consevisti
995 881 1030 911 et
1065 878 1196 910 auxisti
1232 877 1401 921 palmam,
1437 877 1514 911 dum

123 951 278 988 aggeras
297 951 456 987 poenam.
483 941 608 976 Iterum
621 941 795 976 Maximus
816 941 869 976 vel
889 941 1077 977 secuudum
1099 942 1268 987 quosdam
1290 942 1515 977 Ambrosius:

121 1009 282 1052 quamvis
313 1008 348 1041 in
385 1007 540 1041 favillam
574 1006 728 1041 membra
751 1007 952 1050 solvantur,
988 1007 1067 1042 fidei
1104 1012 1216 1042 tamen
1251 1007 1418 1042 fortitudo
1446 1020 1515 1043 non

122 1072 282 1114 solvitur,
308 1073 467 1117 eorporis
493 1071 735 1108 detrimentum
759 1074 922 1115 sustinet,
949 1072 1011 1107 sed
1036 1073 1169 1107 lucrum
1196 1073 1320 1107 salutis
1349 1075 1513 1118 acquirit.

120 1137 204 1172 Item
241 1139 481 1184 Augustinus:
520 1149 602 1173 vere
639 1139 777 1173 beatum
812 1148 959 1183 corpus,
1001 1138 1092 1184 quod
1127 1149 1194 1172 nou
1229 1148 1249 1172 a
1282 1138 1350 1173 lide
1383 1138 1514 1173 Christi

120 1207 331 1238 tormentum
364 1205 578 1247 immutavit,
613 1204 678 1239 sed
712 1204 757 1238 ad
790 1205 945 1250 requiem
984 1208 1106 1238 sancta
1146 1204 1274 1250 religio
1319 1206 1511 1238 coronavit.

120 1269 284 1304 Secundo
309 1271 475 1315 opinione
500 1274 536 1305 et
559 1270 652 1305 suma
678 1269 862 1304 celebrem.
911 1269 1085 1304 Maximus
1112 1270 1164 1304 vel
1189 1269 1375 1304 secundum
1404 1280 1511 1315 quos-

121 1334 200 1369 dam
235 1334 345 1369 libros
383 1335 615 1369 Ambrosius:
647 1336 786 1369 beatum
820 1337 993 1369 martirem
1026 1335 1252 1369 Laurentium
1286 1345 1398 1381 grano
1438 1338 1511 1370 sin—

120 1401 199 1444 apis
233 1410 419 1445 possumus
452 1410 679 1445 comparare,
719 1403 801 1446 quia
836 1401 986 1436 diversis
1022 1402 1162 1434 attritus
1193 1401 1420 1445 passionibus
1451 1413 1514 1446 per

120 1468 229 1499 totum
255 1466 375 1500 orbem
399 1467 517 1512 gratia
543 1467 598 1500 sui
622 1467 746 1501 meruit
772 1466 933 1512 fragrare
959 1468 1113 1511 mysterii
1130 1494 1137 1508 ‚
1170 1467 1226 1510 qui
1253 1470 1357 1500 antea
1380 1469 1512 1500 cousti-

118 1534 215 1565 tutus
241 1532 276 1565 in
302 1541 451 1576 corpore
476 1531 629 1574 humilis,
657 1533 799 1577 ignotus
828 1537 862 1566 et
888 1532 979 1573 vilis,
1007 1535 1237 1576 posteaquam
1265 1535 1429 1574 vexatus,
1456 1531 1509 1566 la—

120 1599 276 1639 ceratus,
301 1601 445 1632 exustus
472 1597 548 1639 suit,
573 1598 746 1631 universis
773 1607 837 1642 per
861 1601 968 1631 totum
994 1596 1154 1631 muudum
1180 1596 1341 1631 eeclesiis
1368 1596 1509 1631 odorem

119 1670 205 1696 suae
240 1663 438 1697 nobilitatis
474 1661 613 1696 infudit.
662 1661 775 1698 Idem:
810 1668 966 1698 sanetum
1000 1667 1054 1698 est
1087 1672 1129 1696 ac
1153 1662 1227 1697 Deo
1255 1662 1438 1707 placitum,
1474 1668 1512 1697 ut

117 1726 235 1761 natale
269 1730 382 1767 sancti
407 1727 591 1763 Laurentii
626 1730 817 1774 praecipua
842 1729 1029 1764 devotione
1056 1738 1281 1770 veneremur,
1317 1728 1418 1773 cujiis
1451 1739 1508 1763 ra-

116 1790 294 1827 diantibus
326 1793 472 1829 flammis
497 1795 623 1830 victrix
658 1796 691 1828 in
725 1794 817 1829 hune
853 1805 991 1840 quoque
1024 1794 1114 1828 diem
1148 1798 1223 1827 toto
1258 1792 1344 1828 orbe
1378 1793 1509 1828 Christi

116 1862 281 1893 coruscat
314 1859 478 1894 ecclesia.
525 1859 640 1894 Idem:
672 1864 770 1894 tanta
795 1861 884 1894 enim
918 1860 1035 1906 gloria
1064 1860 1186 1894 martir
1217 1859 1421 1903 praeclarus
1446 1871 1507 1895 ex-

116 1923 207 1957 stitit
230 1924 264 1958 in
293 1926 462 1969 passione
487 1935 571 1968 sua,
598 1924 691 1970 quod
715 1925 875 1960 mundum
900 1926 1151 1960 illuminaverit
1178 1925 1387 1960 universum.
1415 1925 1507 1961 Ter-

114 1988 164 2021 tio
197 1987 383 2024 devotione
418 1989 644 2025 laudabilem.
694 1990 808 2030 Quare
840 1995 954 2025 autem
988 1992 1033 2025 sit
1058 1989 1255 2024 laudandus
1284 1994 1319 2024 et
1345 2000 1419 2024 eum
1444 1990 1506 2025 de-

115 2053 258 2087 votione
302 2053 572 2098 suscipiendus,
621 2053 778 2088 ostendit
810 2055 1030 2100 Augustinus
1068 2054 1182 2088 tribus
1224 2053 1420 2088 rationibus
1456 2057 1508 2089 sic

116 2116 254 2152 dicens:
280 2117 419 2153 beatum
443 2120 553 2154 virum
578 2118 804 2153 Laurentium
820 2122 895 2152 tota
914 2118 1080 2153 debemus
1105 2117 1290 2152 devotione
1311 2120 1505 2164 suscipere,

116 2184 227 2227 primo
265 2185 349 2229 quia
380 2185 571 2229 pretiosum
606 2185 813 2229 sanguinem
844 2187 990 2229 propter
1021 2183 1130 2218 Deum
1172 2182 1335 2226 tradidit,
1378 2183 1505 2220 deinde

116 2251 200 2294 quia
233 2251 266 2285 ei
298 2251 581 2295 praerogativam
617 2249 710 2295 apud
734 2248 842 2284 Deum
869 2253 1117 2284 nostrumnon
1149 2249 1321 2283 minimam
1360 2250 1506 2284 contulit

114 2314 325 2358 ostendens,
361 2314 475 2361 qualis
511 2313 617 2349 debet
642 2325 720 2350 esse
747 2314 940 2349 christiana
969 2314 1076 2357 fides,
1111 2313 1154 2348 de
1190 2315 1290 2359 quus
1324 2317 1504 2349 consortio

114 2380 268 2416 existere
294 2381 456 2415 martires
482 2384 691 2423 meruerunt,
718 2381 822 2414 tertio
848 2381 930 2426 quia
955 2379 1046 2414 idem
1064 2383 1186 2413 tantae-
1213 2383 1247 2413 et
1263 2383 1333 2413 tam
1361 2383 1504 2415 sanctae

113 2447 394 2480 conversationis
426 2444 512 2487 suit,
546 2448 584 2478 ut
619 2454 782 2479 coronam
814 2446 963 2479 martirii
992 2448 1150 2489 tempore
1187 2445 1283 2487 pacis
1318 2445 1501 2480 inveniret.

112 2509 245 2550 Quarto
279 2511 362 2546 fecit
386 2496 469 2546 *eum
494 2510 688 2545 imitatione
712 2511 896 2557 insignem.
942 2508 1039 2545 Unde
1067 2509 1303 2555 Augustinus:
1336 2509 1422 2544 haec
1447 2515 1502 2545 to-

109 2576 180 2610 tius
206 2586 315 2612 causa
338 2577 535 2622 passionis,
570 2579 715 2620 propter
744 2585 847 2621 quam
871 2576 974 2610 morti
1003 2574 1164 2609 addictus
1189 2577 1243 2609 est
1265 2576 1319 2609 vir
1345 2579 1500 2619 sanctus,

108 2644 147 2675 ut
178 2642 233 2676 sui
265 2641 396 2678 similes
431 2645 591 2678 caeteros
621 2650 701 2677 esse
733 2641 942 2677 hortaretur.
989 2639 1026 2676 In
1050 2639 1163 2675 tribus
1194 2643 1307 2675 autem
1333 2650 1372 2676 se
1397 2641 1500 2676 nobis

1176 2706 1222 2740 32
