1742 3005
297 86 392 136 Cap.
423 85 561 123 XXlV.
621 85 679 122 De
710 92 838 122 sancta
872 87 1018 135 Agnete
1049 86 1202 136 *irgine
1378 87 1453 125 113

66 193 207 238 spic-uus
232 192 305 225 suis
331 190 493 236 precibus
519 199 594 225 eam
619 192 768 225 sanavit.
800 211 844 217 -
870 209 911 217 —
940 211 982 216 -
1011 192 1055 228 5.
1082 191 1230 238 Legitur
1256 202 1393 238 quoque
1420 195 1453 227 in

66 258 179 304 gestis
209 255 545 303 Longobardorum,
596 255 689 301 quod
722 259 879 301 tempore
912 256 1091 292 Gumberti
1125 258 1219 303 regis
1248 256 1351 292 Italia
1380 262 1453 293 tota

67 326 166 358 tanta
192 322 291 368 peste
314 332 484 368 pereussa
508 325 574 364 est,
601 325 637 356 ut
662 322 719 356 vix
747 332 834 356 unus
861 321 1008 357 alterum
1033 323 1209 359 sufficeret
1229 323 1393 368 sepelire,
1422 329 1457 359 et

67 389 156 424 haec
178 389 290 434 pestis
314 389 462 422 maxime
490 386 619 422 Romae
644 397 685 422 ae
712 387 845 432 Papiae
870 387 1116 433 grassabatur.
1152 388 1250 423 Tune
1272 388 1459 425 visibiliter

68 455 180 490 bonus
214 454 363 500 angelus
394 453 510 487 multis
542 454 706 497 apparuit
735 453 827 486 malo
855 453 982 498 angelo
1008 457 1175 499 sequente
1198 458 1234 488 et
1253 455 1456 490 venabulum

70 521 196 556 ferenti
217 520 449 566 praecipiens,
477 522 514 552 ut
537 520 735 562 percuteret
759 527 800 552 ac
823 517 966 553 eaedem
992 518 1136 554 faceret.
1162 518 1329 560 Quotiens
1343 526 1456 556 autem

69 587 223 632 aliquam
249 585 384 620 domum
408 582 640 629 percutiebat,
666 586 720 617 tot
745 583 825 618 inde
852 585 979 618 mortui
996 583 1244 620 efferebantur.
1273 585 1371 620 Tune
1385 589 1450 621 eui-

69 652 148 687 dam
172 651 338 686 divinitus
363 649 555 684 revelatum
581 651 647 690 est,
673 648 767 693 quod
792 660 1013 696 nequaquam
1039 649 1126 686 haee
1151 653 1263 696 pestis
1288 657 1457 694 cessaret,

69 717 179 752 donee
198 719 318 751 saneto
343 714 553 750 Sebastiano
579 714 691 749 altare
717 714 850 760 Papiae
874 719 1148 752 construeretur.
1196 716 1296 757 Quod
1322 717 1459 763 quitlem

67 785 303 818 constructum
335 784 390 816 est
422 782 458 814 in
492 780 643 815 eeclesia
673 782 786 814 sanc-ti
819 781 934 823 Petri,
989 784 1047 828 qui
1081 783 1207 817 dicitur
1230 782 1276 817 ad
1300 783 1459 825 vincula3

69 859 138 894 quo
163 848 257 883 sacto
281 848 399 882 statim
423 847 578 881 cessavit
600 845 661 880 illa
687 848 882 892 quassatio.
951 846 996 882 Et
1012 848 1095 883 illue
1119 858 1140 883 a
1160 848 1269 884 Roma
1289 848 1460 894 reliquiae

69 915 181 948 sancti
217 913 419 948 Sebastiani
453 916 533 947 sunt
557 911 711 947 delatae.
780 913 987 948 Ambrosius
1011 915 1046 948 in
1070 914 1291 959 praefatione
1316 916 1366 949 sic
1391 916 1461 950 ait:

68 978 165 1014 beati
183 980 336 1013 martiris
361 978 563 1013 Sebastiani
587 988 650 1022 pro
676 977 897 1013 consessione
921 981 1069 1014 nominis
1094 981 1163 1023 tui,
1190 980 1328 1017 domine
1356 992 1457 1018 vene>

69 1044 206 1087 rabilis,
227 1045 373 1091 sanguis
399 1043 530 1078 effusus
551 1043 651 1078 simul
677 1047 711 1077 et
734 1047 795 1077 tua
818 1044 991 1079 mirabilia
1020 1046 1234 1089 manifestat,
1261 1046 1352 1092 quod
1379 1058 1458 1092 per*

69 1110 142 1144 licis
168 1111 202 1144 ln
226 1111 425 1145 infirmitate
455 1111 634 1152 vlrtutem,
677 1113 710 1143 et
735 1111 862 1144 vestris
888 1110 1012 1145 studiis
1038 1110 1101 1146 das
1129 1112 1319 1156 profectum
1350 1116 1382 1147 et
1410 1114 1440 1146 in

70 1176 175 1211 firmis
208 1178 242 1222 ¹)
268 1186 290 1211 a
312 1185 415 1222 prece
441 1179 603 1222 praestas
629 1175 805 1210 auxilium.

603 1494 729 1556 GAP.
774 1494 924 1555 xxlv.

285 1594 384 1638 Be
415 1593 638 1639 saneta
667 1593 928 1651 Agnete
957 1593 1236 1651 virgine.

162 1704 282 1748 Agnes
306 1703 400 1738 dicta
423 1707 477 1738 est
503 1713 618 1750 agna,
671 1704 753 1749 quia
780 1705 871 1738 mitis
897 1709 931 1740 et
958 1704 1117 1740 humilis.
1171 1710 1343 1751 tamquam
1369 1718 1461 1753 agna

72 1768 147 1803 suit.
194 1767 260 1804 Vel
284 1779 306 1803 a
333 1768 466 1805 Graeco
493 1770 642 1815 quodam
670 1780 795 1815 agnos,
824 1770 917 1815 quod
945 1775 999 1806 est
1024 1773 1114 1816 pius,
1146 1773 1229 1817 quia
1254 1773 1312 1817 pia
1337 1777 1371 1807 et
1399 1776 1462 1807 mi¹>

70 1835 220 1869 sericors
246 1827 390 1870 exstitit.
464 1835 528 1871 Vel
560 1837 682 1883 Agnes
706 1834 751 1869 ab
778 1836 1023 1881 agnoscendo,
1072 1840 1154 1882 quia
1188 1839 1275 1872 viam
1302 1840 1461 1873 veritatis

69 1900 226 1945 agnovit.
273 1900 414 1936 Veritas
439 1905 553 1936 autem
577 1901 764 1936 seeundum
787 1901 1016 1947 Augustinum
1043 1905 1233 1948 opponitur
1258 1906 1404 1939 vanitati
1429 1910 1463 1940 et

72 1964 219 1999 falsitati
245 1970 280 2001 et
305 1966 494 2010 dubietati,
546 1969 629 2014 quia
662 1968 730 2002 tria
755 1977 776 2002 a
800 1976 838 2002 se
863 1970 1011 2003 removit
1038 1979 1101 2014 per
1127 1970 1307 2013 virtutem,
1359 1960 1461 2016 quam

69 2029 202 2066 habuit.

159 2100 198 2134 1.
222 2096 344 2143 Agnes
369 2098 470 2144 virgo
498 2097 788 2143 prudentissima,
815 2103 853 2133 ut
875 2102 1026 2134 testatur
1050 2098 1269 2143 Ambrosius,
1298 2102 1357 2146 qui
1385 2102 1460 2147 ejus

70 2163 269 2207 passionem
295 2164 450 2208 scripsit,
474 2163 566 2198 XIII.
592 2173 684 2199 anno
709 2167 837 2200 aetatis
864 2175 949 2200 suae
974 2169 1115 2199 mortem
1143 2165 1295 2210 perdidit
1307 2170 1341 2200 et
1356 2168 1459 2201 vitam

71 2229 213 2263 invenit,
260 2227 414 2264 Infantia
438 2229 575 2275 quidem
600 2231 868 2275 computabatur
891 2233 925 2265 in
951 2232 1070 2273 annis,
1107 2231 1169 2266 sed
1197 2236 1274 2266 erat
1299 2236 1460 2267 senectus

72 2294 194 2327 mentis
219 2294 398 2338 immensa,
424 2305 573 2340 corpore
592 2296 803 2341 juvencula,
832 2296 894 2331 sed
921 2298 1035 2331 animo
1059 2306 1160 2339 cana,
1184 2297 1332 2341 pulchra
1356 2297 1458 2338 faeie,

71 2357 132 2393 sed
157 2356 336 2403 pulchrior
359 2360 436 2395 fide.
485 2361 583 2401 Quae
609 2361 687 2395 dum
715 2371 737 2395 a
762 2361 893 2396 scholis
921 2363 1121 2403 revertitur,
1149 2372 1169 2395 a
1195 2361 1365 2406 praefecti
1388 2361 1459 2395 lilio

70 2424 263 2460 adamatur.
313 2423 376 2458 Cui
407 2425 467 2459 ille
500 2435 655 2471 gemmas
681 2430 716 2461 et
747 2427 888 2462 divitias
914 2426 1184 2461 innumerabiles
1208 2427 1388 2475 promisit,
1430 2430 1459 2461 si

69 2501 275 2526 eonsensum
301 2491 377 2535 ejiis
403 2490 569 2536 conjugio
597 2501 664 2524 non
693 2495 850 2537 negaret.
910 2492 972 2526 Cui
998 2491 1118 2536 Agnes
1142 2491 1343 2536 respondit:
1387 2492 1459 2527 dis-

169 2657 196 2690 1)
216 2656 268 2686 Ed.
288 2658 358 2685 Rec.
377 2655 478 2688 legunt
497 2655 564 2682 loco
584 2656 745 2682 verborum
771 2665 785 2681 a
814 2665 942 2691 proco:
985 2666 1027 2691 ap
1039 2666 1055 2682 ιι
1067 2656 1084 2683 (Ι
1116 2661 1159 2685 oe,
1215 2659 1319 2683 Conlra
1342 2657 1395 2686 Ed,
1416 2661 1448 2683 Pr

68 2698 170 2728 effert:
196 2700 381 2736 proficit,
404 2716 432 2720 —
453 2700 533 2732 (lat,
557 2704 795 2736 -1u-:0estat

1158 2758 1179 2789 9³,
