1742 3005
399 74 495 124 Cap.
528 73 666 110 CXlll.
734 73 793 109 De
824 79 954 108 sancto
988 71 1202 109 Dominico.
1418 70 1500 110 475

109 181 192 226 quin
225 189 247 214 a
278 180 435 213 cruciatu
468 179 538 214 hoc
570 189 788 225 nequaquam
823 177 955 213 liberos
985 188 1047 213 vos
1083 177 1264 212 dimittam.
1314 175 1412 210 'l'unc
1445 187 1501 211 re-

109 244 326 291 sponderunt
351 244 394 279 ad
420 245 507 287 hoc,
534 255 675 290 operam
703 255 741 279 se
767 245 926 287 daturos,
953 249 987 279 et
1012 247 1094 288 post
1119 242 1291 277 modicum
1318 241 1500 276 dixerunt:

109 320 190 346 ecce
216 311 475 355 impetravimus
501 310 582 346 licet
610 311 783 352 immeriti,
812 309 904 355 quod
929 311 1040 343 sancti
1066 310 1227 343 martires
1254 307 1503 352 fidejusserunt

109 386 174 421 pro
198 375 313 410 nohis.
362 374 575 421 Requirente
606 381 720 410 autem
754 385 795 410 eo
830 374 934 417 hujus
961 375 1012 408 rei
1038 375 1174 419 signum
1201 373 1382 409 dixerunt:
1411 375 1501 408 eatis

110 441 156 475 ad
173 451 327 486 capsam,
352 443 386 475 iu
411 451 480 486 qua
504 445 584 474 sunt
608 440 791 475 recondita
813 441 932 483 capita
957 439 1147 479 martirum,
1174 441 1208 472 et
1224 447 1299 472 eam
1315 440 1502 474 invenietis

111 508 296 541 inversam.
346 506 548 546 Quaesitum
575 509 629 539 est
654 509 689 539 et
716 506 911 546 inventum,
940 504 1032 538 sicut
1060 503 1113 536 illi
1139 502 1278 537 fuerunt
1303 508 1501 548 protestati.

110 572 339 606 Praedicante
372 581 414 606 eo
448 569 637 615 aliquando
675 569 846 616 quaedam
877 572 1058 603 matronae
1093 567 1137 602 ab
1163 567 1352 603 haereticis
1375 570 1503 615 depra-

112 641 214 672 vatae
235 637 311 681 ejus
330 635 478 681 pedibus
499 635 709 680 provolutae
734 635 918 670 dixerunt:
948 645 1050 670 serve
1067 634 1154 677 Dei,
1184 633 1314 678 adjuva
1338 646 1415 670 nos.
1465 637 1503 670 Si

111 712 195 738 vera
230 704 328 744 sunt,
373 711 463 746 quae
496 700 603 736 hodie
634 701 873 746 praedicasti,
913 698 973 734 diu
1007 705 1139 735 mentes
1173 703 1314 734 nostras
1347 711 1502 736 errorum

111 768 257 813 spu-itus
289 768 503 803 excaecavit.
554 766 687 807 Quibus
718 767 796 802 ille:
835 769 1039 801 constantes
1075 769 1188 800 estote
1227 769 1262 800 et
1299 771 1504 811 exspectate

111 834 312 879 paulisper,
335 837 375 868 ut
398 832 571 876 videatis,
611 833 707 878 quali
731 832 871 866 domino
906 830 1135 867 adhaesistis,
1184 831 1379 876 Statimque
1407 833 1501 868 vide-

111 903 192 934 runt
217 899 260 934 de
286 898 402 934 medio
428 900 483 934 sui
511 900 667 944 ¹)catum
692 908 795 932 unum
821 898 1035 931 teterrimum
1074 896 1260 941 prosilire,
1299 899 1357 942 qui
1385 902 1504 945 magni

112 966 210 999 canis
235 965 462 1011 quantitatem
486 964 693 1009 praeferens
719 962 875 997 habehat
899 973 1047 1007 grossos
1075 962 1196 997 oculos
1224 967 1257 997 et
1276 963 1503 1005 flammantes,

112 1030 268 1076 linguam
282 1030 423 1076 longam
439 1030 615 1076 latamque
635 1034 739 1075 atque
748 1028 1052 1075 sanguinolentam
1066 1033 1099 1063 et
1111 1033 1325 1073 protractam
1339 1040 1449 1075 usque
1460 1032 1504 1065 ad

113 1095 323 1138 umbilicum,
347 1095 493 1130 caudam
508 1106 590 1131 vero
602 1094 736 1130 habens
747 1099 877 1129 curtam
893 1104 1100 1139 sursumque
1112 1098 1311 1138 protensam
1327 1098 1506 1139 posterio-

113 1172 187 1196 rum
202 1161 464 1206 turpitudinem,
482 1171 689 1207 quocunque
707 1172 745 1197 se
763 1164 928 1201 verteret,
949 1159 1170 1201 ostendebat,
1189 1159 1230 1193 dc
1250 1160 1375 1204 quibus
1390 1162 1506 1197 foetor

113 1226 349 1261 intolerabilis
367 1227 567 1262 exhalabat.
617 1227 770 1272 Cumque
796 1227 891 1260 circa
910 1225 991 1259 illas
1018 1229 1195 1259 matronas
1225 1235 1265 1260 se
1290 1226 1505 1272 aliquamdiu

114 1291 181 1327 hue
218 1292 302 1327 illuc
336 1294 521 1335 vertisset,
559 1292 697 1327 tandem
735 1302 799 1337 per
832 1290 973 1325 cordam
1009 1301 1199 1335 campanae
1241 1293 1275 1325 in
1311 1295 1506 1339 campanile

115 1357 355 1392 conscendens
395 1358 587 1402 disparuit,
631 1357 738 1392 foeda
780 1361 861 1402 post
893 1367 932 1391 se
965 1358 1118 1402 vestigia
1153 1357 1366 1402 relinquens.
1420 1359 1507 1396 Illae

117 1434 204 1469 ergo
230 1427 408 1458 matronae
434 1425 571 1469 gratias
597 1428 742 1469 agentes
771 1422 817 1456 ad
844 1422 1049 1456 catholicam
1077 1422 1175 1457 tidem
1202 1427 1281 1457 sunt
1302 1435 1506 1462 conversae.

118 1488 202 1524 Cum
232 1490 269 1523 in
305 1489 466 1534 partibus
497 1489 689 1523 Tolosanis
716 1488 884 1534 quosdam
912 1487 1110 1522 haereticos
1142 1489 1354 1525 convicisset
1390 1496 1424 1526 et
1456 1494 1508 1527 illi

118 1559 239 1589 essent
262 1554 424 1590 incendio
450 1555 626 1600 deputati,
659 1555 848 1599 inspiciens
873 1554 964 1587 iuter
989 1563 1049 1587 eos
1075 1553 1245 1597 quendam
1273 1554 1508 1600 Raymundum

118 1621 276 1663 nomine,
302 1622 352 1655 ait
374 1622 562 1655 ministris:
592 1622 694 1654 istum
717 1624 877 1661 servate,
915 1630 957 1653 ne
982 1618 1100 1663 aliquo
1128 1619 1230 1652 modo
1257 1630 1330 1654 cum
1359 1626 1509 1659 cacteris

120 1687 356 1722 comburatur.
405 1686 674 1731 Conversusque
701 1686 744 1720 ad
771 1696 844 1720 eum
872 1684 1071 1729 blandeque
1096 1685 1300 1731 alloquens:
1335 1689 1430 1731 scio,
1457 1691 1510 1724 in-

120 1753 213 1796 quit,
249 1751 298 1785 fili
321 1753 384 1794 mi,
427 1753 523 1794 scio,
560 1752 653 1797 quod
679 1751 808 1793 adhuc,
844 1751 926 1785 licet
949 1750 1063 1792 tarde,
1097 1751 1208 1786 bouus
1244 1752 1345 1787 homo
1379 1756 1448 1789 eris
1478 1761 1512 1791 et

118 1820 272 1851 sanetus.
328 1817 501 1852 Dimissus
535 1819 653 1863 itaque
686 1829 750 1863 per
785 1828 894 1852 annos
935 1817 1003 1851 XX
1042 1818 1076 1851 iu
1113 1817 1293 1853 haeretica
1335 1823 1511 1865 pravitate

119 1884 330 1927 permansit,
370 1883 509 1918 tandem
542 1894 732 1918 conversus
768 1889 803 1918 et
835 1884 944 1918 frater
981 1883 1263 1928 praedicatorum
1298 1886 1441 1921 effectus
1478 1890 1512 1923 in

122 1947 245 1982 eodem
270 1948 392 1983 ordine
418 1951 523 1983 vitam
548 1959 646 1983 suani
671 1949 898 1984 laudabiliter
924 1949 1022 1983 duxit
1056 1954 1089 1984 et
1116 1949 1265 1985 feliciter
1295 1961 1513 1988 consumma-

123 2013 184 2046 vit.
240 2012 322 2046 Cum
355 2018 451 2048 esset
482 2016 516 2047 in
550 2014 741 2059 Hispania,
784 2014 993 2059 quibusdam
1033 2014 1103 2049 sibi
1144 2015 1310 2050 fratribus
1354 2019 1513 2060 sociatis,

123 2078 287 2122 apparuit
328 2078 361 2112 ei
400 2088 463 2122 per
496 2080 603 2114 visum
638 2081 904 2113 immanissimus
938 2079 1044 2113 draco
1077 2080 1238 2124 quidam,
1282 2083 1340 2126 qui
1385 2082 1513 2118 fratres

124 2142 218 2184 illos,
247 2144 307 2188 qui
332 2152 448 2178 secum
474 2147 585 2187 erant,
612 2144 806 2179 absorbere
832 2146 965 2189 apertis
990 2144 1149 2179 saucibus
1175 2146 1363 2182 nitebatur.
1414 2147 1515 2188 Quod

125 2209 189 2249 vir?
210 2208 277 2243 Dei
311 2208 512 2254 intelligens
546 2209 673 2244 fratres
710 2211 873 2255 ²)patres
906 2210 1046 2245 sortiter
1086 2213 1255 2247 resistere
1295 2212 1513 2249 hortabatur.

125 2274 348 2309 Postmodum
371 2285 490 2309 omnes
515 2275 568 2309 illi
594 2278 749 2321 exceptis
776 2275 883 2310 fratre
907 2275 1018 2310 Adam
1045 2281 1079 2311 et
1104 2277 1241 2312 duobus
1268 2280 1449 2313 conversis
1471 2280 1515 2314 ab

128 2350 170 2374 eo
198 2343 440 2381 recesserunt,
469 2341 708 2387 interrogatus
735 2346 848 2376 autem
877 2341 1016 2387 quidam
1044 2353 1087 2377 ex
1115 2343 1186 2377 illis
1221 2343 1265 2377 ab
1293 2354 1354 2386 eo,
1394 2354 1437 2378 an
1468 2347 1518 2379 si-

128 2405 256 2440 militer
279 2405 384 2440 vellet
408 2405 527 2449 abire,
555 2408 623 2441 ait:
657 2407 771 2450 absit,
799 2412 922 2452 pater,
955 2411 992 2441 ut
1016 2408 1139 2442 relicto
1163 2411 1276 2454 capite
1301 2420 1431 2455 sequar
1456 2422 1518 2455 pe-

128 2471 217 2514 des,
252 2475 286 2506 et
310 2473 474 2507 continuo
500 2474 653 2506 orationi
689 2483 727 2508 se
753 2472 860 2508 dedit.
908 2472 951 2507 Et
987 2472 1061 2508 sere
1094 2485 1212 2510 omues
1246 2480 1326 2520 post
1350 2476 1518 2510 modicum

130 2536 195 2571 sua
218 2539 379 2572 oratioue
407 2539 590 2572 convertit.
638 2539 740 2583 Apud
766 2543 920 2574 sanctum
948 2539 1082 2573 sixtum
1109 2541 1142 2574 iu
1169 2540 1254 2575 urhe
1272 2540 1427 2576 Romana
1445 2552 1518 2576 cum

199 2676 228 2709 1)
246 2675 299 2704 Ed.
318 2679 362 2706 l'r.
381 2676 458 2705 male
478 2687 603 2706 canem
624 2694 652 2700 -—
673 2678 796 2711 magis
816 2678 920 2707 canis
941 2678 1036 2707 oss‘ert.
1121 2681 1148 2715 2)
1167 2680 1222 2708 hd.
1242 2685 1284 2710 l’r.
1305 2681 1407 2709 alios
1429 2680 1522 2709 addit.
