1742 3005
273 98 355 138 604
447 100 544 148 Cap.
582 95 789 133 CXXXVI.
857 96 913 131 De
945 95 1083 130 sanctis
1113 93 1255 130 Protho
1288 100 1323 130 et
1351 94 1533 129 Jaeincto.

273 216 327 240 me
362 206 497 237 irruens
531 199 748 244 impudenter
779 208 832 232 me
873 197 983 231 voluit
1019 198 1167 237 violare,
1203 200 1238 230 et
1269 197 1337 230 nisi
1368 197 1470 230 unius
1496 194 1656 236 ancillae,

273 278 362 314 quae
391 269 483 299 intra
515 263 710 299 cubiculum
747 266 844 303 erat,
879 261 1022 296 fuissem
1054 260 1225 294 liberatus
1258 260 1450 307 suffragio,
1485 270 1570 294 suae
1603 270 1657 294 me

272 332 408 366 libidini
434 331 622 365 sociasset.
668 328 825 363 Audiens
851 328 959 372 igitur
984 325 1184 370 praefectus
1210 326 1263 359 ira
1280 325 1480 359 accenditur
1498 330 1531 360 et
1551 327 1659 359 missa

271 398 512 441 apparitorum
537 393 757 428 multitudine
784 392 974 437 Eugeniam
1000 395 1230 436 caeterosque
1256 400 1378 424 servos
1408 390 1538 424 Christi
1564 390 1658 425 ferro

273 463 408 496 vinctos
435 451 561 494 adduci
587 459 671 494 fecit
698 459 858 503 diemque
883 458 1024 498 statuit,
1060 457 1094 490 in
1125 465 1193 500 quo
1227 465 1346 490 omnes
1373 454 1464 488 tradi
1490 453 1660 488 deberent

271 527 447 561 morsibus
482 525 686 560 bestiarum.
732 523 924 557 Accersitis
962 524 1065 557 etiam
1098 522 1142 555 iis
1178 531 1294 555 coram
1327 530 1366 554 se
1392 519 1481 553 dixit
1511 518 1557 553 ad
1588 517 1658 553 Eu-

271 593 429 638 geniam:
471 590 526 624 dic
555 589 679 631 nobis,
719 588 1016 629 sceleratissime,
1057 597 1103 621 an
1141 585 1209 621 hoc
1248 596 1312 621 vos
1348 585 1508 619 Christus
1544 588 1661 619 vester

273 656 409 697 docuit,
445 659 482 689 ut
516 664 658 699 operam
691 652 975 696 corruptionibus
1002 651 1092 686 detis
1119 658 1152 686 et
1178 655 1355 685 matronas
1382 650 1573 695 impudenti
1598 660 1658 684 ve-

271 723 372 755 sania
406 720 557 754 violetis,
609 719 671 752 Cui
704 717 865 763 Eugenia
893 717 1047 750 demissa
1079 718 1190 758 facie,
1226 728 1270 751 ne
1295 720 1569 762 agnosceretur,
1604 726 1660 750 re-

272 785 433 830 spondit:
462 784 620 817 dominus
645 786 767 816 noster
787 783 982 815 castitatem
998 781 1115 815 docuit
1132 786 1165 815 et
1182 783 1418 827 integritatem
1435 780 1659 815 servantibus

272 854 449 885 aeternam
485 850 589 883 vitam
623 848 795 893 promisit.
844 846 938 880 Hanc
977 850 1090 880 autem
1122 845 1329 880 Melanciam
1369 846 1495 880 falsam
1533 849 1659 880 testem

272 920 468 949 monstrare
493 924 698 958 possumus,
725 912 789 948 sed
813 912 936 946 melius
966 915 1039 954 est,
1064 916 1102 946 ut
1128 922 1192 945 nos
1218 913 1412 956 patiamur,
1439 920 1541 956 quam
1566 910 1661 955 quod

271 981 345 1022 illa,
372 991 446 1014 cum
474 980 633 1013 convicta
657 979 775 1019 fuerit,
805 979 969 1022 puniatur
994 982 1028 1012 et
1054 978 1187 1011 fructus
1212 978 1405 1022 patientiae
1429 958 1659 1010 iiosti·ae⁸‹te-

273 1050 409 1090 pereat.
457 1044 700 1079 Verumtamen
725 1043 876 1077 adducat
901 1043 1084 1085 ancillam,
1120 1053 1220 1087 quam
1257 1042 1341 1076 dicit
1373 1043 1484 1076 nostri
1515 1041 1660 1075 sceleris

273 1121 354 1145 esse
381 1114 528 1151 testem,
562 1113 599 1143 ut
631 1119 673 1143 ex
700 1119 760 1142 ore
787 1110 862 1153 ejus
889 1110 1025 1152 possint
1050 1109 1198 1144 refutari
1223 1108 1415 1142 mendacia.
1465 1108 1561 1147 Quae
1586 1116 1661 1140 cum

274 1176 426 1210 adducta
451 1179 569 1216 esset,
606 1173 668 1207 illa
693 1184 715 1207 a
740 1173 878 1206 domina
904 1183 968 1207 sua
993 1173 1097 1208 docta
1124 1178 1327 1208 constanter
1353 1173 1423 1207 sibi
1447 1172 1660 1216 apponebat,

273 1241 367 1287 quod
402 1240 574 1275 dominam
606 1249 704 1273 suam
728 1239 927 1283 opprimere
954 1238 1084 1281 voluit,
1119 1249 1262 1284 cumque
1298 1248 1417 1272 omnes
1449 1237 1492 1272 de
1526 1237 1662 1270 familia

273 1307 434 1341 similiter
459 1305 640 1350 depravati
671 1305 723 1338 sic
749 1313 827 1337 esse
851 1306 1077 1346 testarentur,
1103 1305 1152 1338 ait
1168 1302 1345 1349 Eugenia:
1370 1307 1505 1348 tempus
1522 1302 1662 1337 tacendi

271 1373 413 1407 transiit
447 1375 482 1406 et
510 1374 646 1415 tempus
677 1368 845 1414 loquendi
880 1368 1042 1412 advenit3
1078 1369 1182 1411 nolo,
1215 1372 1253 1402 ut
1276 1367 1452 1412 impudica
1477 1370 1513 1402 in
1537 1378 1661 1403 servos

273 1437 405 1472 Christi
431 1438 560 1471 crimen
584 1436 741 1480 imponat
766 1444 828 1468 nec
855 1433 997 1468 fallacia
1021 1433 1214 1480 glorietur3
1240 1437 1279 1468 ut
1304 1438 1419 1468 autem
1444 1433 1660 1468 mendacium

273 1505 403 1537 veritas
435 1505 579 1546 superet
615 1504 650 1535 et
685 1490 861 1544 sapientia
893 1500 1060 1534 malitiam
1092 1502 1227 1542 vincat,
1255 1501 1436 1535 veritatem
1467 1499 1661 1541 ostendam,

272 1579 341 1602 non
366 1572 513 1612 propter
532 1567 760 1611 Jaetantiam,
794 1565 857 1599 sed
891 1570 1036 1610 propter
1060 1565 1124 1600 Dei
1149 1565 1314 1612 gloriam,
1360 1563 1404 1599 Et
1431 1563 1517 1600 haec
1543 1565 1661 1600 dicens

271 1634 422 1669 tunicam
457 1641 478 1666 a
511 1631 627 1675 capite
661 1641 771 1675 usque
800 1629 964 1664 deorsum
989 1632 1065 1665 sive
1089 1641 1200 1676 usque
1225 1629 1271 1665 ad
1297 1630 1470 1676 cingulum
1500 1630 1605 1665 scidit
1629 1635 1664 1666 et

273 1698 403 1733 femina
429 1697 594 1741 apparuit
620 1694 777 1740 dixitque
803 1695 1004 1740 praefecto:
1037 1700 1075 1731 tu
1100 1696 1182 1730 mihi
1209 1700 1329 1741 pater,
1363 1695 1513 1730 Claudia
1539 1701 1662 1739 mater,

273 1763 402 1798 fratres
427 1762 464 1796 hi
491 1761 577 1803 duo,
604 1762 663 1805 qui
687 1764 797 1794 tecum
824 1760 969 1803 sedent,
1002 1762 1127 1796 Avitus
1153 1766 1188 1797 et
1214 1762 1382 1807 Sergius,
1409 1772 1476 1807 ego
1502 1761 1664 1807 Eugenia

273 1828 347 1862 filia
389 1833 469 1869 tua,
511 1826 546 1860 lii
579 1826 646 1860 duo
682 1824 833 1860 Prothus
868 1830 902 1860 et
931 1825 1143 1861 Jacinctus.-
1171 1825 1271 1866 Quod
1308 1831 1409 1870 pater
1447 1825 1593 1859 audiens
1628 1830 1663 1860 et

274 1892 380 1926 filiam
420 1902 636 1938 cognoscere
669 1892 841 1935 incipiens
875 1891 909 1923 in
945 1891 1125 1935 amplexus
1158 1901 1233 1925 cum
1264 1894 1372 1925 matre
1409 1891 1510 1924 irruit
1543 1894 1577 1925 et
1609 1890 1661 1925 la-

275 1968 409 2003 crymas
436 1957 562 1990 multas
588 1955 728 1997 effudit,
763 1954 924 2000 Eugenia
956 1961 1069 1990 autem
1106 1956 1262 1991 vestibus
1297 1957 1415 1989 aureis
1449 1956 1603 1990 induitur
1628 1962 1663 1991 et

274 2025 308 2056 in
335 2022 482 2056 sublime
508 2022 661 2062 tollitur,
696 2022 788 2065 ignis
821 2025 936 2054 autem
972 2021 1014 2055 de
1048 2020 1147 2055 coelo
1173 2022 1269 2056 venit
1294 2025 1328 2055 et
1351 2020 1560 2055 Melanciam
1587 2032 1661 2056 cuni

275 2089 348 2121 suis
375 2087 577 2121 consumsit.
627 2086 756 2130 Sicque
782 2085 944 2131 Eugenia
967 2091 1119 2131 patrem,
1149 2091 1292 2120 matrem
1319 2090 1353 2120 et
1380 2086 1508 2121 fratres
1533 2091 1661 2121 totam-

275 2163 341 2198 que
378 2151 543 2185 familiam
578 2149 623 2184 ad
659 2149 759 2185 fidem
795 2150 924 2185 Christi
961 2153 1152 2194 convertit,
1190 2153 1240 2186 ita
1273 2151 1366 2197 quod
1392 2155 1495 2196 pater
1519 2157 1663 2198 propter

274 2219 340 2252 hoc
365 2227 386 2251 a
411 2216 635 2261 praefectura
660 2215 841 2260 depositus
867 2227 888 2250 a
914 2216 1116 2252 christianis
1147 2218 1334 2262 episcopus
1363 2217 1546 2251 ordinatur
1570 2222 1604 2252 et
1627 2219 1662 2253 in

275 2284 434 2317 oratione
469 2282 662 2326 persistens
696 2280 740 2314 ab
777 2281 975 2316 infidelibus
1009 2282 1199 2325 occiditur,
1243 2282 1393 2317 Claudia
1435 2287 1549 2317 autem
1588 2293 1662 2318 cum

276 2347 357 2382 filiis
394 2348 468 2381 suis
506 2350 540 2381 et
573 2345 733 2390 Eugenia
770 2345 910 2380 Romam
948 2349 1135 2382 revertitur
1178 2353 1212 2382 et
1244 2348 1293 2382 ibi
1328 2348 1424 2382 multi
1460 2348 1504 2382 ab
1539 2349 1583 2382 iis
1617 2348 1663 2382 ad

277 2413 450 2448 Christum
483 2415 563 2445 sunt
596 2412 771 2448 conversi.
818 2410 979 2457 Eugenia
1011 2417 1126 2447 autem
1153 2414 1257 2458 jussu
1295 2414 1519 2458 imperatoris
1550 2414 1662 2459 ligata

276 2477 402 2523 grandi
429 2486 515 2510 saxo
542 2477 574 2509 in
601 2475 764 2520 Tyberim
789 2477 1061 2521 praecipitatur,
1096 2477 1159 2513 sed
1194 2483 1296 2523 rupto
1315 2488 1400 2513 saxo
1421 2489 1528 2523 snper
1551 2476 1660 2512 undas

278 2542 458 2576 incolumis
482 2540 722 2587 gradiebatur.
772 2540 871 2576 Tunc
896 2544 929 2577 in
962 2542 1138 2578 fornacem
1164 2543 1343 2578 ardentem
1369 2543 1563 2588 projicitur,
1598 2543 1660 2576 sed

278 2609 449 2640 exstincta
481 2607 624 2642 fornace
656 2608 844 2653 refrigerio
880 2607 1052 2643 utebatur.
1102 2595 1307 2643 Recluditur
1341 2605 1466 2641 deinde
1498 2607 1532 2640 in
1563 2611 1661 2641 tene-

279 2670 417 2703 brosum
459 2682 652 2715 carcerem,
705 2673 767 2708 sed
811 2674 924 2708 lumen
968 2673 1288 2718 splendidissimum
1332 2669 1492 2705 radiabat
1535 2671 1660 2708 eidem.
