1742 3005
222 74 316 122 Cap.
341 72 545 110 Lxxxw.
591 74 648 109 De
670 74 863 111 nativitate
885 75 1001 111 saneti
1023 75 1107 111 Joh.
1133 77 1332 126 baptistae.
1391 76 1469 114 357

170 180 210 214 1.
232 175 403 212 Nativitas
424 176 593 211 Johannis
616 176 793 221 baptistae
812 177 855 211 ab
878 177 1094 224 archangelo
1116 179 1183 214 hoc
1212 180 1313 214 modo
1339 190 1471 215 annun-

82 243 167 276 tiata
194 242 269 277 suit.
331 242 444 277 David
470 243 559 277 enim
586 252 666 284 rex,
702 244 793 276 sicut
819 242 969 279 habetur
998 245 1031 278 in
1059 244 1218 289 hystoria
1241 245 1468 288 scholastica,

81 307 202 342 volens
236 308 363 342 cultum
399 307 462 342 Dei
497 307 684 352 ampliare,
734 307 849 343 XXIV
883 319 1033 343 summos
1068 311 1274 346 sacerdotes
1309 312 1469 350 instituit,

77 383 222 418 quorum
246 377 361 408 tamen
388 384 474 408 unus
500 374 612 418 major
640 377 726 415 erat,
753 375 811 418 qui
837 376 999 418 princeps
1027 376 1249 411 sacerdotum
1276 376 1467 412 dicebatur.

77 439 207 473 Statuit
232 443 345 474 autem
379 438 443 474 XV
480 440 573 472 viros
613 437 656 472 de
681 437 830 472 Eleazar
857 442 889 472 et
914 438 990 473 VIII
1027 440 1070 474 de
1100 440 1242 475 Ytamar
1273 446 1306 476 et
1341 452 1466 476 seeun-

77 503 155 538 dum
187 509 301 540 sortes
337 504 433 539 dedit
469 503 654 547 unicuique
683 502 937 536 hebdomadam
966 505 1052 538 vicis
1078 516 1184 547 suae,
1218 506 1329 540 Abias
1354 512 1467 541 autem

77 569 161 605 VIII.
190 569 445 604 hebdomadam
468 568 612 609 habuit,
652 567 695 601 de
732 568 831 612 cujus
857 578 987 613 genere
1013 569 1208 605 Zacharias
1238 572 1312 605 suit.
1361 571 1488 607 Erant

74 639 188 680 autem
216 634 410 668 Zacharias
447 637 482 668 et
514 644 602 667 uxor
639 634 716 678 ejus
742 643 844 668 senes
871 638 904 668 et
930 634 1064 681 absque
1088 636 1221 671 liberis.
1272 637 1355 672 Cum
1380 648 1477 687 ergo¹

74 700 267 734 Zacharias
292 699 461 744 templum
482 698 631 740 domini,
659 702 693 732 ut
722 700 899 733 incensum
925 706 1091 745 poneret,
1119 704 1301 748 ingressus
1328 703 1466 745 suisset,

74 769 106 799 et
130 764 314 799 multitudo
339 765 460 809 populi
485 764 528 799 de
558 764 644 798 foris
669 769 910 809 exspectaret,
935 768 1100 811 apparuit
1128 769 1160 802 ei
1191 768 1335 803 Gabriel
1361 769 1464 803 arch-

71 831 232 877 angelus.
284 830 366 865 Cum
399 834 513 865 autem
550 829 743 882 Zacharias
777 832 810 864 in
843 831 919 875 ejus
956 832 1091 867 visione
1124 834 1281 875 timeret,
1317 836 1368 868 ait
1401 845 1463 869 an-

71 897 193 943 gelus:
242 907 285 931 ne
321 898 465 937 timeas,
510 895 703 937 Zacharia,
749 897 910 940 quoniam
950 897 1116 931 exaudita
1157 902 1211 933 est
1246 901 1359 933 oratio
1392 904 1463 935 tna.

72 963 250 1007 Proprium
278 966 331 996 est
355 963 444 996 enim
470 961 639 995 bonorum
653 961 870 1006 angelorum,
896 962 1086 996 seeundum
1102 964 1196 1008 quod
1216 964 1302 998 dicit
1323 964 1463 1007 Glossa,

70 1039 112 1062 ex
149 1038 212 1062 sua
252 1029 386 1062 visione
418 1027 562 1061 territos
597 1026 753 1072 benigna
793 1026 1039 1062 exhortatione
1075 1031 1234 1073 protinus
1271 1031 1462 1072 consolari,

70 1098 191 1135 contra
228 1093 308 1127 mali
353 1092 471 1139 angeli
509 1103 548 1127 se
577 1093 610 1126 iu
640 1093 730 1126 lucis
768 1092 917 1138 angelos
955 1094 1272 1139 transfigurantes,
1310 1098 1339 1129 si
1373 1107 1462 1141 quos

69 1170 110 1194 ex
139 1160 193 1193 sui
226 1160 430 1204 praesentia
459 1160 603 1193 territos
639 1160 835 1201 senserint,
875 1158 1038 1203 ampliori
1071 1170 1132 1193 eos
1159 1159 1306 1195 horrore
1332 1172 1460 1196 coneu—

47 1226 165 1271 ·tiunt.
213 1226 410 1260 Annunciat
446 1226 554 1271 igitur
593 1223 738 1259 Gabriel
770 1223 986 1266 Zachariae,
1032 1235 1070 1259 se
1110 1225 1215 1259 fillum
1251 1226 1459 1261 habiturum·

67 1292 166 1336 cujus
193 1302 314 1326 nomen
339 1291 518 1326 Johannes
547 1294 663 1331 esset,
699 1291 757 1334 qui
798 1290 911 1323 vinum
937 1293 970 1323 et
996 1291 1142 1324 siceram
1168 1303 1238 1326 nen
1263 1292 1401 1327 biberet
1428 1298 1461 1328 et
1497 1329 1508 1335 ,

67 1361 147 1392 ante
184 1357 356 1390 dominum
388 1357 421 1390 in
456 1357 582 1400 spiritu
617 1359 651 1390 et
685 1356 812 1389 virtute
845 1354 965 1389 Heliae
991 1356 1233 1400 praecederet.
1281 1357 1459 1393 Johannes

69 1426 213 1457 vocatur
239 1422 357 1456 Helias
386 1423 521 1455 ratione
548 1422 655 1462 situs,
683 1422 766 1465 quia
790 1420 890 1454 ambo
917 1422 950 1454 in
977 1421 1140 1464 desei-103
1174 1424 1309 1458 ratione
1334 1426 1458 1466 victus,

66 1490 148 1534 quia
174 1488 275 1522 ambo
301 1489 393 1522 victu
418 1489 537 1532 parci;
573 1488 707 1521 ratione
735 1486 868 1527 cultus,
908 1488 990 1532 quia
1024 1488 1125 1521 ambo
1163 1490 1290 1523 vestitu
1318 1490 1456 1527 inculti:

66 1556 202 1589 ratione
230 1553 359 1596 oflicii,
397 1554 479 1599 quia
512 1553 613 1587 ambo
642 1562 913 1598 praecursores,
951 1552 1014 1587 sed
1042 1553 1101 1587 ille
1128 1563 1339 1597 praecursor
1359 1555 1455 1600 jndi—

67 1621 138 1662 cis,
165 1621 233 1654 iste
258 1619 467 1661 salvatoris;
501 1620 636 1653 ratione
662 1618 749 1658 zeli,
788 1620 869 1663 quia
896 1620 1078 1663 utriusque
1105 1619 1245 1653 verbum
1272 1623 1385 1665 quasi.
1403 1622 1455 1655 sa-

67 1686 146 1720 cula
173 1686 331 1728 ardebat.
382 1685 573 1720 Zacharias
599 1689 712 1719 autem
739 1684 969 1719 considerans
995 1686 1049 1718 sui
1075 1689 1288 1720 senectutem
1316 1691 1350 1721 et
1370 1698 1456 1721 uxo-

66 1753 113 1786 ris
152 1751 370 1786 sterilitatem
407 1750 568 1785 dubitare
600 1752 717 1796 coepit
744 1754 778 1785 et
802 1761 895 1785 more
920 1750 1132 1786 Judaeorum
1158 1752 1295 1797 signum
1322 1752 1365 1786 ab
1393 1763 1454 1787 an-

62 1818 144 1863 gelo
173 1818 368 1863 requisivit,
395 1817 543 1863 angelus
569 1820 682 1851 autem
708 1827 770 1861 pro
798 1827 852 1859 eo,
877 1817 968 1862 quod
999 1815 1114 1851 verbis
1140 1818 1212 1851 suis
1238 1828 1306 1851 non
1331 1818 1454 1861 credit,

62 1886 173 1928 ipsum
198 1884 447 1918 taciturnitatis
473 1883 580 1928 plaga
604 1884 790 1927 percussit.
841 1882 1034 1917 Notandum
1061 1886 1194 1925 autem,
1229 1883 1323 1929 quod
1352 1884 1454 1918 dubr
1472 1902 1477 1910 -=

60 1950 147 1982 tatio
182 1949 363 1983 consuevit
400 1948 475 1998 lieri
510 1953 544 1982 et
579 1949 741 1982 excusari
785 1948 973 1994 aliquando
1018 1940 1162 1993 propter
1204 1950 1454 1993 promissorum

62 2012 356 2059 magnitudinem,
387 2014 479 2047 sicut
501 2013 632 2058 legitur
658 2013 700 2048 de
726 2013 915 2048 Abraham.
965 2015 1048 2048 Cum
1084 2014 1174 2048 enim
1199 2014 1358 2048 dominus
1385 2013 1454 2047 sibi

62 2080 303 2124 promisisset,
329 2077 423 2124 quod
449 2084 566 2113 semen
591 2088 689 2112 suum
713 2082 841 2113 terram
869 2078 1011 2112 Canaan
1040 2077 1259 2122 possideret,
1297 2078 1386 2111 dixit
1409 2077 1453 2112 ad

60 2155 136 2180 eum
164 2143 361 2179 Abrahem:
388 2144 526 2179 domine
550 2143 657 2186 Deus,
684 2143 776 2178 unde
802 2145 893 2178 scire
919 2152 1073 2187 possum,
1101 2141 1194 2187 qnod
1221 2152 1452 2187 possessurus

60 2220 134 2244 sum
160 2210 260 2244 eam?
307 2209 351 2244 Et
377 2209 597 2255 respondens
630 2209 744 2244 Deus:
780 2219 896 2250 sume,
930 2209 1064 2254 inquit,
1101 2207 1183 2242 mihi
1221 2218 1361 2243 vaccam
1384 2211 1449 2243 etc.

61 2273 259 2319 Aliquando
281 2279 427 2320 propter
453 2274 660 2321 fragilitatis
685 2276 851 2320 propriae
875 2273 1215 2316 considerationem,
1242 2274 1332 2308 sicut
1355 2277 1452 2317 patet

60 2341 93 2373 in
121 2338 296 2381 Gideone‚
322 2341 381 2384 qui
405 2341 473 2374 ait:
502 2340 669 2384 obsecro,
705 2342 750 2375 mi
775 2340 935 2381 domine,
975 2340 1009 2374 in
1034 2349 1102 2384 quo
1128 2338 1287 2374 liberabo
1311 2337 1451 2373 Israel?

60 2404 147 2439 Ecce
172 2403 306 2438 familia
331 2414 408 2438 mea
433 2403 567 2439 infirma
591 2410 645 2440 est
670 2407 704 2440 in
727 2405 897 2441 Manasse
933 2408 968 2439 et
1000 2414 1068 2449 ego
1095 2404 1252 2437 minimus
1288 2403 1322 2435 in
1347 2402 1448 2436 domo

59 2471 170 2515 patris
196 2471 283 2512 mei,
309 2473 343 2505 et
369 2480 411 2504 ex
434 2469 500 2503 hoc
526 2471 662 2515 signum
689 2471 791 2514 petiit
815 2474 849 2504 et
876 2470 1022 2513 accepit.
1070 2466 1270 2513 Aliquando
1306 2471 1450 2512 propter

58 2541 203 2570 naturae
237 2534 576 2580 impossibilitatem,
613 2537 704 2569 sicut
729 2538 825 2579 patet
848 2536 882 2568 in
907 2533 1006 2567 Sara.
1057 2533 1139 2568 Cum
1176 2534 1264 2567 enim
1299 2532 1449 2568 dixisset

59 2601 237 2636 dominus:
271 2601 449 2637 rei'ertens
475 2602 607 2635 veniam
634 2599 676 2634 ad
702 2604 737 2634 te
764 2604 798 2634 et
824 2598 968 2634 habebit
992 2598 1081 2633 Sara
1106 2598 1233 2641 tilium,
1254 2599 1333 2633 risit
1358 2598 1447 2633 Sara

58 2671 137 2711 post
171 2668 294 2702 ostium
332 2667 472 2702 dicens:
511 2670 693 2711 postquam
730 2667 896 2700 consenui
929 2669 962 2699 et
997 2664 1154 2700 dominus
1190 2674 1285 2700 meus
1310 2663 1446 2699 vetulus
