1742 3005
90 81 189 131 Cap.
217 81 388 119 CXCVI.
429 83 488 121 De
515 91 644 121 sancta
662 84 898 123 Scholastica
918 98 1050 123 sorore
1075 100 1103 124 s.
1122 86 1334 125 Benedicti.
1391 85 1474 127 885

87 191 211 220 propter
227 188 371 217 maximas
390 189 514 217 virtutes
535 190 609 217 inibi
628 192 775 224 operatas.
809 189 883 224 Quia
909 194 1008 218 tamen
1029 191 1154 218 ecclesia
1173 191 1226 218 illo
1244 196 1379 227 tempore
1397 193 1474 220 circa

87 231 221 258 officium
249 234 504 266 quadragesimale
530 240 580 262 nut
605 234 776 270 passionem
801 234 908 261 Christi
934 235 1104 269 specialiter
1128 241 1305 270 occupatur,
1331 246 1368 264 ne
1391 241 1472 264 tanta

87 274 180 302 officii
199 277 386 305 sollemnitas
406 280 676 313 praetermittatur,
696 278 734 304 ad
753 277 873 305 laudem
892 283 920 306 et
941 280 1065 311 gloriam
1084 280 1208 312 virginis
1227 280 1375 312 gloriosae
1393 280 1474 308 idem

87 320 222 348 Urbanus
248 327 350 350 sextus
374 324 424 358 pie
449 324 553 350 statuit
577 323 760 351 visitationis
788 324 916 358 praefati
946 324 1017 351 sesti
1042 324 1216 351 memoriam
1249 325 1278 351 iu
1313 325 1474 352 crastinum

86 368 259 392 octav-'trimi
278 367 360 394 beati
379 368 521 396 Johannis
541 368 690 402 baptistae
712 377 778 395 cum
797 368 912 395 octavis
932 369 1127 401 sequentibus
1142 369 1180 395 de
1195 368 1274 395 sesto
1290 369 1474 397 visitationis

86 409 198 436 Mariae
222 420 238 436 n
263 413 378 439 cunctis
402 412 545 439 fidelibus
570 412 724 440 celebrari.
767 415 803 439 Ut
830 417 928 439 autem
962 413 1058 439 omnis
1085 412 1221 439 fidelium
1246 413 1409 441 multitudo
1436 415 1474 441 ad

87 454 260 481 memoriam
278 458 431 490 praefatae
449 456 630 484 visitationis
649 457 761 483 Mariae
779 456 818 482 ad
837 456 994 482 Elizabetli
1013 457 1104 483 artius
1119 461 1149 483 et
1167 457 1307 483 devotius
1320 458 1474 490 excitetur,

43 512 47 516 ·
85 497 184 525 voluit
203 499 282 526 idem
302 499 454 532 Urbanus,
474 505 504 527 ut
524 501 663 528 omnibus
682 511 753 528 vere
771 500 918 528 confessis
937 505 967 527 et
985 501 1120 528 contritis
1140 501 1254 528 dictum
1272 502 1382 528 festum
1400 504 1476 530 visi-

86 543 208 570 tationis
233 544 346 571 Mariae
372 544 594 572 celebrantibus
621 555 687 572 cum
711 546 826 572 octavis
852 545 918 572 loco
944 545 1190 572 distributionum
1220 546 1419 573 materialium
1445 548 1475 574 iu

85 587 221 614 ecclesiis
239 588 304 614 fieri
322 589 473 615 consuetis
492 589 529 614 de
549 590 688 616 thesauro
707 589 855 623 spirituali
873 598 963 616 verae
989 590 1210 622 indulgentiae,
1237 589 1314 617 sicut
1339 591 1371 617 in
1395 591 1474 618 sesto

85 632 222 666 corporis
241 632 362 665 Christi,
382 632 492 660 futuris
510 633 696 667 temporibus
716 633 913 661 effectualiter
931 634 1116 666 largirentur.
1154 638 1226 662 Cum
1243 635 1334 667 igitur
1351 636 1474 668 angelus

85 677 235 704 nuntiavit
253 677 381 709 Mariae,
409 677 491 710 quod
513 677 630 704 invenit
654 679 777 710 gratiam
803 679 885 713 apud
903 679 1056 705 dominum
1076 684 1105 706 et
1124 679 1206 713 quod
1224 679 1262 706 de
1281 689 1315 707 ea
1334 681 1474 715 concipe—

85 725 166 747 retur
181 721 261 748 filius
279 721 335 748 Dei
353 721 393 748 ad
410 722 538 749 salutem
556 722 690 749 omnium
709 723 904 757 populorum),
931 733 1019 756 quam
1039 723 1098 750 cito
1117 724 1183 758 ipsa
1202 724 1346 757 credidit,
1373 725 1474 753 statim

84 766 224 800 concepit
249 766 281 793 in
306 771 392 794 utero
416 767 544 794 verbum
570 767 625 794 Dei
651 772 680 794 et
700 772 768 802 post
795 769 903 800 gratias
922 768 1071 795 exhibitas
1091 768 1128 794 de
1147 772 1231 795 tanto
1252 769 1397 796 beneficio
1416 770 1474 797 sibi

83 808 165 837 facto
190 819 228 838 ex
252 820 358 843 magna
384 811 510 838 caritate
536 816 565 839 et
593 812 705 846 pietate
731 812 846 839 studuit
872 821 955 839 suam
981 818 1136 844 cognatam
1163 814 1322 840 Elizabeth
1345 816 1403 848 jam
1422 824 1476 841 sex

84 855 238 882 mensibus
255 856 409 888 grav-idam
427 861 489 883 tam
507 856 538 882 iu
553 856 736 883 Hierusalem
758 857 886 884 salutare
905 862 934 883 et
953 858 1012 884 sibi
1031 858 1162 892 compati
1180 868 1214 884 ac
1233 859 1355 888 servire.
1390 860 1474 886 Unde

84 899 194 926 dicitur
211 901 250 927 de
268 901 389 928 eadem:
417 910 578 933 exsurgens
606 902 700 928 Maria
719 901 794 928 abiit
813 902 842 928 in
861 906 1002 928 montana
1021 911 1087 928 cum
1106 902 1299 929 festinatione
1318 903 1349 929 iu
1367 903 1473 930 civita-

85 948 146 971 tem
163 945 242 972 Juda
260 950 291 972 et
307 945 431 972 intravit
449 946 571 973 domum
590 946 750 973 Zachariae
769 950 798 972 et
817 946 960 972 salutavit
975 945 1141 973 Elizabetli.
1177 946 1261 973 Abiit
1277 947 1366 979 igitur
1380 947 1474 974 Maria

84 988 114 1016 in
142 994 284 1017 montana
306 999 376 1017 cnm
399 990 609 1023 festinatione,
635 991 704 1024 quia
728 990 766 1016 ab
796 990 902 1021 angelo
929 990 960 1016 in
978 990 1083 1017 itinere
1113 990 1242 1017 faciliter
1260 991 1381 1018 ductata
1406 992 1474 1024 suit,

85 1033 209 1068 Spiritus
236 1035 331 1062 sancti
356 1035 592 1062 inflammatione
624 1044 678 1069 per
703 1035 830 1069 abrupta
856 1034 1002 1062 montium
1028 1036 1207 1068 ducebatur,
1237 1046 1313 1070 quae
1339 1038 1474 1071 ejusdem

85 1079 209 1112 spiritus
235 1080 377 1107 motione,
393 1079 527 1106 suaviter
551 1079 608 1106 suit
634 1080 754 1112 agitata.
791 1083 883 1106 Beata
909 1080 997 1111 igitur
1015 1079 1109 1106 Maria
1127 1080 1158 1105 in
1177 1080 1300 1107 domiuo
1319 1082 1474 1109 confidens

84 1123 219 1151 hilariter
244 1124 467 1156 transmigravit,
493 1132 583 1158 super
610 1124 764 1151 cacumina
783 1124 928 1150 montium
948 1125 1023 1151 sicut
1042 1133 1154 1159 passer.
1191 1128 1224 1151 ln
1243 1126 1406 1160 asperitate
1425 1126 1473 1153 iti⁴

84 1168 163 1196 neris
182 1169 404 1201 congaudebat,
423 1177 477 1203 per
493 1168 574 1195 viam
593 1169 773 1196 suavitatem
792 1169 1010 1202 colloquiorum
1029 1170 1262 1203 aspernabatur,
1290 1171 1370 1197 bona
1389 1180 1474 1198 mou-

84 1213 159 1240 tium
184 1213 217 1240 in
241 1213 427 1241 Hierusalem
452 1213 483 1240 in
509 1213 659 1240 montanis
694 1213 848 1240 celerrime
879 1214 1031 1248 cupiebat.
1075 1214 1174 1242 Noluit
1206 1214 1249 1241 ibi
1282 1215 1411 1242 inveniri
1444 1217 1474 1243 iu

83 1258 207 1293 publico
232 1259 283 1285 vel
308 1258 423 1290 videri,
451 1258 506 1285 sed
531 1258 606 1284 abiit
631 1257 824 1290 festinanter,
851 1258 927 1285 abiit
953 1268 1020 1285 cuin
1047 1258 1240 1285 lestinatione
1264 1259 1294 1285 in
1320 1260 1474 1287 civitatem

83 1303 175 1336 suda,
201 1308 234 1330 ut
252 1304 402 1331 Johannes
421 1311 597 1338 praecursor
615 1303 729 1329 domini
749 1303 849 1330 statim
876 1303 1110 1330 sanctificaretur
1135 1304 1165 1330 iu
1192 1309 1293 1337 utero,
1315 1310 1348 1332 ut
1367 1306 1475 1333 Christi

84 1347 250 1375 incarnatio
268 1348 299 1375 in
317 1348 440 1375 civitate
459 1347 552 1379 magis
571 1347 691 1382 publica
712 1348 893 1382 panderetur
911 1353 940 1375 et
959 1353 990 1374 nt
1009 1348 1046 1374 de
1066 1348 1119 1374 illo
1142 1348 1208 1375 loco
1227 1348 1266 1374 ad
1285 1349 1359 1376 fines
1378 1354 1474 1377 terrae

85 1396 235 1419 tantorum
253 1393 461 1427 mysteriorum
479 1393 642 1419 declaratio
662 1393 786 1420 ulterius
805 1393 996 1427 panderetur.
1032 1397 1066 1419 Et
1087 1393 1209 1420 intravit
1224 1393 1346 1420 domum
1361 1395 1474 1421 Zacha-

84 1436 145 1463 riae
163 1441 193 1463 et
211 1437 354 1465 salutavit
372 1438 539 1465 Elizabetlt:
560 1447 628 1464 ecce
648 1438 799 1471 quomodo
820 1437 942 1464 intravit
962 1439 1098 1472 superior
1115 1439 1154 1465 ad
1173 1440 1329 1473 minorem,
1352 1439 1473 1465 dominu

84 1482 123 1508 ad
149 1491 285 1515 servam,
311 1483 412 1515 regina
435 1482 513 1509 coeli
539 1487 568 1509 et
591 1487 687 1509 terrae
713 1483 752 1510 ad
777 1482 920 1510 famulam
945 1488 974 1509 et
1001 1483 1157 1515 aiicillam,
1191 1488 1223 1509 ut
1256 1484 1298 1510 sic
1322 1483 1474 1511 laudando

84 1527 226 1555 laudibus
246 1527 404 1556 Elizubetli
422 1528 560 1557 visitaiet
579 1532 609 1555 et
627 1527 693 1556 laus
713 1529 776 1562 ejus
795 1527 900 1558 laudes
919 1528 1088 1564 reciprocas
1108 1532 1259 1555 resonaret
1276 1529 1311 1561 Ι).

511 1865 638 1927 cAP.
675 1864 853 1926 cxcvl.
900 1865 1053 1929 (193.)

140 1966 239 2010 De
269 1963 491 2009 sancta
529 1963 928 2012 Scholastica
960 1975 1179 2010 sorore
1212 1962 1420 2009 sancti

602 2039 959 2084 Benedicti.

188 2148 278 2173 Soror
302 2145 384 2172 beati
408 2144 565 2172 Benedicti
591 2145 775 2173 Scholastica
801 2146 922 2173 nomine
948 2145 1148 2180 omnipotenti
1178 2145 1301 2172 domiuo
1335 2144 1373 2170 ab
1409 2144 1476 2178 ipso

87 2190 233 2224 pueritiae
259 2199 330 2217 suae
355 2194 491 2224 tempore
517 2190 657 2217 dedicata
681 2190 720 2217 ad
745 2201 811 2218 eum
831 2191 923 2218 semel
943 2200 997 2225 per
1016 2200 1126 2216 annum
1144 2190 1248 2217 venire
1266 2192 1475 2215 consueverat.

87 2235 135 2261 Ad
160 2245 251 2268 quain
276 2234 324 2261 vir
349 2234 404 2261 Dei
428 2242 488 2261 non
516 2234 602 2267 longe
628 2239 710 2262 extra
737 2239 863 2263 Januam
888 2234 918 2262 in
943 2234 1138 2270 possessione
1156 2234 1330 2261 monasterii
1349 2233 1476 2260 descen-

86 2280 189 2308 debat.
225 2279 361 2314 Quadam
383 2287 457 2306 vero
481 2279 531 2306 die
557 2280 640 2307 venit
665 2289 702 2307 ex
727 2288 810 2306 more
836 2284 926 2312 atque
944 2279 983 2305 ad
1001 2288 1067 2305 eam
1086 2289 1153 2306 cum
1174 2277 1333 2313 discipulis
1352 2287 1472 2303 venera*

87 2324 158 2351 bilis
177 2326 240 2358 ejus
259 2323 417 2351 descendit
434 2323 536 2353 frater,
572 2324 631 2360 Qui
648 2328 746 2351 totum
764 2324 846 2351 diem
862 2325 894 2352 in
913 2325 968 2351 Dei
987 2324 1128 2351 laudibus
1147 2323 1299 2356 sacrisque
1316 2321 1476 2354 colloquiis

87 2369 231 2396 ducentes
258 2368 500 2396 incumbentibus
525 2371 585 2403 jam
610 2369 708 2396 noctis
732 2369 864 2396 tenebris
884 2369 1021 2396 similiter
1039 2372 1217 2403 acceperunt
1237 2367 1331 2397 cibos,
1351 2375 1477 2398 cumque

86 2414 185 2441 adhuc
202 2414 243 2440 ad.
259 2423 393 2441 mensam
411 2414 552 2441 sederent
577 2419 606 2442 et
632 2414 711 2441 inter
734 2423 766 2441 se
792 2423 875 2441 sacra
903 2414 1022 2448 eloquia
1048 2417 1221 2440 narrassent
1246 2410 1420 2442 tardior-que
1446 2420 1477 2436 se

87 2460 160 2485 hora
181 2458 383 2493 protraheret,
408 2459 515 2486 eadem
541 2458 778 2486 sanctimonialis
803 2458 914 2485 semina
942 2467 1027 2485 soror
1052 2459 1115 2491 ejus
1134 2456 1251 2488 rogavit
1270 2465 1337 2481 eum
1358 2454 1477 2481 dicens:

87 2511 200 2537 quaeso
225 2506 272 2535 te,
298 2512 336 2529 ne
362 2503 421 2530 ista
445 2508 534 2530 nocte
556 2512 605 2530 me
631 2503 754 2530 deseras
780 2508 810 2530 et
827 2512 922 2537 usque
940 2512 1028 2529 mane
1047 2501 1162 2535 aliquid
1181 2501 1218 2528 de
1238 2499 1378 2527 coelestis
1397 2498 1478 2526 vitae

155 2592 184 2622 1)
203 2589 345 2622 Sequitur
366 2590 426 2622 jam
451 2592 537 2615 tenor
560 2589 662 2615 bullae
688 2598 740 2622 per
759 2587 946 2615 Bonisacium
963 2591 1013 2614 lx.
1034 2597 1142 2622 papam
1161 2586 1354 2614 transmissae
1373 2586 1410 2613 ad
1431 2586 1475 2612 di-

87 2633 192 2650 versas
209 2623 312 2650 mundi
335 2628 435 2656 partes
454 2632 544 2657 super
562 2622 641 2649 sesto
659 2622 845 2649 visitationis
864 2623 971 2647 beatae
990 2621 1101 2647 Mariae
1119 2620 1244 2652 virginis
1263 2620 1306 2658 ad·
1321 2619 1477 2646 Elizabetli

88 2665 204 2684 necnon
224 2657 340 2688 longior
359 2656 442 2682 locus
462 2666 497 2683 ex
518 2664 654 2684 sermone
673 2655 856 2683 venerabilis
875 2655 975 2683 Bedae
996 2655 1033 2681 (le
1057 2654 1163 2682 eadem
1188 2663 1218 2681 re
1245 2658 1376 2689 petitus,
1402 2663 1477 2687 quae

88 2690 253 2719 omittenda
273 2691 456 2727 putavimus.
