1742 3005
127 156 228 206 Cap.
267 154 492 192 CCXXXll.
551 154 609 190 De
647 160 777 190 sancto
807 155 1006 191 Vincentio
1046 155 1264 193 confessore
1293 163 1362 193 etc.
1418 155 1499 196 945

120 263 316 297 postmodum
332 261 609 289 innocentissimam
626 261 720 287 vitam
745 257 887 292 deinceps
912 259 1042 291 aggressi
1070 264 1138 286 sunt
1165 268 1260 293 eoque
1285 260 1315 288 in
1340 262 1497 297 proposito

119 308 157 335 ab
183 308 239 335 hac
264 307 330 334 luce
354 307 524 339 migrarunt.
561 305 651 338 Apud
677 303 848 336 Gregorium
874 305 917 329 XI
942 308 971 329 et
995 304 1076 338 apud
1099 305 1249 331 Urbanum
1274 308 1316 332 VI
1339 306 1498 340 pontifices

118 352 264 379 maximos
282 351 517 379 luculentissime
536 350 701 385 peroravit,
729 348 905 383 prophetiae
931 349 1021 375 etiam
1041 349 1176 384 spiritum
1195 350 1272 376 inter
1291 354 1407 377 caetera
1425 360 1496 378 suae

117 397 298 429 virginitatis
317 396 444 428 insignia
463 400 620 422 consecuta
641 400 696 422 est,
733 393 828 425 Signis
849 398 947 420 autem
967 399 1055 427 atque
1075 394 1224 421 miraculis
1244 394 1496 429 quamplurimum

116 440 174 468 snit
198 451 214 467 a
240 444 302 468 Deo
329 441 526 475 privilegiata.
575 443 645 466 Nam
677 444 800 468 matrem
835 438 985 471 propriam
1015 438 1259 473 impoenitentem
1285 445 1432 468 mortuam
1458 442 1498 468 ad

116 486 211 512 vitain
229 485 289 513 suis
308 486 447 519 precibus
468 485 639 515 revocavit,
666 484 788 518 spiritus
815 482 960 514 iii-‘dignos
980 493 1015 508 ex
1035 484 1210 517 corporibus
1230 485 1361 512 obsessis
1381 486 1495 520 expulit

117 536 146 557 et
172 530 265 557 multa
289 530 347 556 alia
370 540 423 565 per
448 540 513 556 eam
541 538 623 555 suam
650 538 791 562 sponsam
818 527 956 554 dominus
981 533 1026 554 est
1061 534 1210 562 operatus.
1246 529 1397 562 Tandem,
1428 540 1495 558 cum

114 577 227 602 Romae
247 579 326 601 esset
352 584 369 600 a
387 574 508 601 domino
528 577 669 605 evocata,
697 583 762 598 cum
787 572 875 598 sciret
902 572 960 598 sibi
988 572 1067 598 diem
1086 573 1189 599 mortis
1208 573 1377 606 imminere,
1405 575 1494 602 disei-

116 619 204 654 pulos
223 619 444 653 discipulusque
464 619 550 650 longa
570 617 702 643 oratione
721 616 759 642 ad
773 625 857 643 sunm
876 616 1003 643 invitata
1018 626 1161 651 sponsum
1179 618 1332 645 consolata
1347 624 1391 645 est
1406 624 1494 652 atque

115 665 155 691 ad
172 665 249 691 bene
269 668 427 697 sancteque
445 662 610 689 vivendum
629 670 732 688 omnes
751 661 884 694 hortata,
912 661 1040 695 denique
1059 662 1088 688 in
1108 663 1192 689 illum
1211 672 1407 698 prorumpens
1426 675 1493 693 ver—

115 709 258 742 siculum:
285 708 315 735 in
334 716 437 735 manus
456 711 536 739 tuas,
563 706 699 738 domine,
727 706 903 732 commendo
923 706 1060 740 spiritum
1078 717 1193 739 meum,
1219 708 1493 737 innocentissimam

114 754 244 781 animam
268 753 367 780 emisit
394 760 471 778 anno
500 751 605 778 aetatis
630 759 700 777 suae
724 753 867 782 XXXIII,
892 751 997 778 salutis
1023 757 1121 778 autem
1140 757 1259 780 nostrae
1278 757 1493 784 MCCCLXXX.

112 799 162 826 Ad
185 799 268 832 cujus
296 806 404 832 corpus
428 796 604 824 accedentes
631 805 647 822 a
673 794 801 822 diversis
827 794 1051 823 infirmitatibus
1079 798 1265 826 curabantur.
1302 799 1424 834 Sepulta
1448 807 1493 828 est

113 847 213 871 autem
229 842 262 869 in
281 843 406 870 ecclesia
425 846 545 868 sanctae
564 840 675 867 Mariae
696 849 785 874 super
810 840 974 866 Minervam
999 841 1162 869 honorifice
1188 847 1218 869 et
1242 853 1258 869 a
1285 844 1334 870 Pio
1361 845 1492 872 secundo

112 887 255 923 pontifice
274 895 389 914 summo
406 895 483 913 anno
495 888 681 913 MCCCCLXI
701 890 868 912 sanctarum
886 884 1034 917 rirginum
1054 887 1188 920 catalogo
1209 888 1369 923 adscripta.
1404 893 1492 922 Haec,

114 932 270 961 Catherina
282 932 377 964 virgo,
396 931 578 958 monimenta
594 931 700 963 landis,
720 940 795 964 qnae
809 931 866 957 tuis
881 930 959 962 laeti,
979 930 1031 956 Dei
1045 940 1165 965 sponsa,
1185 932 1274 959 sacris
1291 934 1347 960 hoc
1362 936 1492 968 quodam

112 982 202 1013 pacto
219 977 408 1004 modulamur
427 985 541 1008 omnes,
558 975 656 1010 perfer
675 975 811 1010 Olympo<
850 975 879 1002 Si
896 975 966 1002 satis
983 975 1070 1006 digne
1085 982 1233 1009 nequeant
1247 978 1359 1012 referri,
1378 980 1491 1007 adunas

113 1022 201 1050 nobis
219 1022 357 1054 veniam,
377 1031 546 1056 precamur,
564 1030 624 1047 non
643 1029 742 1047 sumus
763 1021 837 1046 tanti
857 1020 975 1052 ingenii,
994 1019 1130 1053 fatemur,
1149 1022 1262 1056 optima
1280 1024 1375 1056 virgo.
1412 1028 1491 1060 Qum

113 1067 169 1094 fnit
188 1067 293 1099 dignas
310 1066 480 1094 modulatus
506 1065 646 1099 numquis
669 1064 817 1096 virginum
844 1064 962 1097 laudes,
989 1064 1054 1098 quis
1078 1066 1109 1093 in
1145 1068 1216 1095 orbe
1248 1073 1331 1096 toto!
1360 1069 1490 1097 feminae

113 1112 244 1141 invictae
269 1112 400 1147 peritura
425 1120 586 1144 numquam
612 1110 741 1137 carmina
765 1109 872 1144 pande.
909 1110 1044 1137 Praedita
1072 1113 1217 1148 exemplis
1243 1114 1397 1141 catherina
1416 1116 1490 1143 caris

112 1158 247 1185 moribus
272 1161 444 1192 praestans,
471 1155 590 1190 sapiens
615 1156 751 1186 abunde,
774 1160 960 1190 temperans,
979 1155 1065 1183 sortis
1085 1166 1217 1190 quoqne,
1242 1159 1336 1191 justa,
1361 1159 1491 1193 prudens

114 1203 234 1230 aethera
253 1201 381 1229 scandis.
418 1204 512 1237 Quem
532 1200 611 1226 latex
628 1200 723 1227 virtus
742 1200 916 1234 facinusque
935 1200 1060 1232 clarum,
1086 1211 1144 1234 quo
1163 1203 1264 1236 nequit
1284 1203 1344 1230 dici
1362 1205 1492 1233 sanctius

113 1257 168 1282 per
193 1247 312 1279 orbem,
344 1246 502 1273 vulnerum
528 1246 655 1272 sormam
686 1245 826 1272 miserata
862 1244 967 1272 Christi
997 1246 1136 1280 exprimis
1170 1249 1244 1283 ipsa.
1286 1251 1358 1276 Nam
1390 1250 1491 1277 brevis

113 1296 246 1320 moestae
270 1291 456 1324 miseraeque
481 1291 562 1316 vitae
589 1295 617 1316 et
641 1289 726 1316 malis
754 1290 867 1317 cunctis
894 1290 1012 1325 penitus
1046 1291 1172 1319 refertae
1199 1293 1317 1320 sortiter
1346 1303 1489 1329 spernens

114 1345 250 1371 (piaeque
268 1337 366 1364 sidera
385 1335 485 1363 adisti.
537 1334 621 1362 Unde
646 1344 712 1361 cum
738 1340 855 1369 tempus
880 1341 1019 1370 properat
1047 1337 1160 1371 ipsum,
1188 1347 1262 1371 quos
1287 1347 1386 1366 sacros
1410 1345 1489 1368 artus

114 1383 287 1415 cineresque
321 1382 410 1408 busto
442 1380 606 1413 linqueres,
634 1380 734 1407 coelos
761 1380 876 1407 aditura
902 1382 1007 1408 flentes
1035 1381 1101 1416 ipsa
1127 1383 1267 1411 docebas.
1304 1384 1351 1410 Sic
1375 1393 1489 1412 sactum

116 1426 223 1453 Christi
247 1431 390 1453 venerata
416 1434 522 1460 corpus
548 1425 676 1452 hostiam
702 1425 800 1452 libans
827 1426 962 1459 lacrymis
988 1426 1110 1454 abortus
1129 1427 1247 1455 dixeras
1267 1429 1380 1456 cunctis
1399 1430 1489 1457 doen*

114 1476 213 1498 menta
231 1471 312 1498 vitae
331 1479 406 1497 voce
424 1479 571 1504 suprema.
607 1470 655 1496 Sic
674 1469 713 1496 ad
732 1470 818 1496 sedes
838 1471 919 1503 regni
944 1470 1033 1497 saciat
1057 1472 1183 1499 transire
1202 1474 1322 1507 superni
1341 1475 1425 1506 virgo
1444 1475 1490 1502 so-

114 1524 188 1543 vens
207 1515 319 1542 meritis
338 1524 392 1543 nos
412 1515 566 1543 catherina
586 1514 656 1542 suis.
693 1517 796 1542 Amen.

452 1851 594 1928 GAP.
639 1852 926 1927 ccxxxtl.
969 1853 1152 1929 (203.)

141 1962 240 2005 De
271 1963 491 2006 sancto
520 1962 863 2008 Vincentio
897 1963 1270 2008 confessore
1299 1963 1463 2008 sacri

401 2037 644 2082 ordinis
686 2039 1208 2094 praedicatorum.

217 2146 326 2171 Beatus
352 2145 526 2173 Vincentius
551 2146 716 2174 clarissima
742 2148 909 2182 Hyspaniae
935 2147 1057 2175 civitate
1074 2147 1212 2175 Valentia
1239 2156 1274 2173 ex
1292 2147 1489 2174 Ferrariornm

118 2187 239 2221 antiqua
264 2189 447 2222 honestaque
472 2189 587 2217 familia
610 2191 695 2218 duxit
720 2192 873 2224 originem.
917 2195 1049 2228 Quantus
1073 2197 1171 2219 autem
1198 2196 1227 2218 et
1252 2190 1348 2224 qualis
1373 2190 1490 2218 futurus

118 2236 215 2264 esset,
234 2232 349 2267 duplici
366 2233 477 2261 indicio
496 2235 582 2261 matri
602 2240 755 2263 ostensum
773 2241 827 2265 est.
863 2237 989 2264 Primum
1007 2237 1079 2269 suit,
1106 2237 1203 2270 quod,
1231 2245 1297 2263 cum
1315 2241 1410 2262 mater
1427 2238 1490 2269 ejus

119 2277 251 2309 singulos
269 2277 358 2311 filios,
376 2287 450 2312 quos
469 2285 617 2313 genuerat,
637 2289 696 2307 non
714 2281 777 2308 sine
794 2291 901 2314 inagna
916 2282 993 2309 uteri
1007 2282 1144 2309 molestia
1160 2285 1313 2314 gestasset,
1331 2281 1490 2307 Vincentio

119 2322 242 2355 gravida
261 2322 359 2351 oneris
379 2324 516 2352 molestia
536 2326 655 2352 carebat
674 2330 704 2352 et
722 2330 803 2353 tanta
822 2331 883 2353 erat
902 2327 929 2353 ei
943 2327 1056 2354 ventris
1071 2327 1188 2358 agilitas
1202 2330 1231 2353 et
1246 2325 1378 2360 corporis
1392 2326 1490 2358 robur,

119 2377 154 2395 ac
172 2368 198 2394 si
215 2376 380 2402 praegnans
398 2379 458 2397 non
475 2369 591 2399 fuisset.
627 2371 761 2398 Alterum
778 2371 850 2404 fuit,
877 2373 974 2406 quod,
998 2382 1063 2399 cnm
1082 2373 1120 2399 de
1139 2372 1245 2399 eodem
1263 2371 1386 2404 gravida
1403 2370 1490 2403 toret,

119 2416 269 2446 tamquam
287 2412 422 2441 latrantis
441 2415 522 2443 canis
540 2424 630 2442 voces
649 2426 686 2443 ex
702 2421 787 2443 utero
801 2426 854 2444 suo
869 2417 964 2444 emitti
980 2417 1099 2452 saepius
1115 2417 1266 2444 audiebat.
1303 2418 1374 2443 Cum
1392 2419 1491 2442 antem

119 2466 135 2483 a
153 2456 255 2484 multis
273 2458 328 2485 nei
346 2459 442 2487 servis
460 2465 490 2487 et
507 2461 680 2495 praesertim
699 2471 715 2488 a
733 2461 893 2489 Valentino
913 2462 1055 2497 episcopo
1074 2466 1204 2497 peteret,
1229 2460 1301 2495 qnid
1318 2460 1491 2494 hujusmodi

119 2501 243 2529 latratus
268 2502 482 2537 significarent,
507 2514 684 2541 responsum
710 2511 755 2534 est
781 2507 822 2539 ei,
848 2507 922 2534 nihil
945 2507 1029 2534 aliud
1045 2507 1126 2540 fore,
1151 2507 1210 2534 nisi
1235 2505 1317 2539 quod
1341 2509 1421 2532 esset
1443 2504 1490 2531 in-

118 2545 232 2574 fantem
256 2548 404 2582 paritura,
436 2549 486 2582 qui
519 2559 572 2577 suo
598 2555 732 2585 tempore
758 2551 876 2579 futurus
902 2557 980 2579 esset
1002 2552 1090 2579 verbi
1114 2551 1170 2578 Dei
1195 2550 1398 2586 praedicator,
1430 2554 1491 2577 tam

119 2591 272 2619 doctrinae
295 2603 383 2626 quam
408 2594 489 2622 vitae
514 2596 682 2628 integritate
705 2606 740 2622 ac
763 2596 860 2623 famae
886 2597 1058 2624 celebritate
1081 2597 1113 2623 in
1136 2601 1220 2623 tanto
1252 2599 1396 2622 terrarum
1418 2594 1491 2621 orbe

119 2636 311 2666 clarissimus.
345 2640 419 2665 Nato
444 2638 572 2673 denique
596 2640 710 2667 infante
735 2645 766 2667 et
790 2641 1012 2674 quodammodo
1031 2641 1134 2668 divino
1152 2641 1307 2676 praesagio
1325 2640 1354 2667 ei
1370 2639 1490 2668 nomine

119 2681 278 2717 imposito,
303 2688 462 2718 postquam
487 2685 585 2717 attigit
609 2690 752 2718 aetatem,
779 2695 855 2719 quae
880 2686 988 2714 litteris
1014 2692 1043 2713 et
1060 2686 1194 2713 moribus
1211 2685 1364 2713 informari
1382 2685 1490 2720 potuit,

119 2726 227 2754 mirum
243 2727 314 2760 imo,
334 2727 406 2755 dum
423 2729 509 2756 brevi
526 2734 660 2765 tempore
679 2731 786 2758 clarius
805 2731 902 2758 evasit
915 2736 975 2758 tam
989 2740 1103 2758 morum
1119 2730 1266 2763 elegantia
1281 2740 1369 2764 quam
1383 2729 1491 2766 peritia

75 2789 79 2793 -
120 2770 294 2800 litterarum.
326 2775 443 2801 Tantae
460 2773 613 2806 religionis
631 2780 710 2808 erat,
737 2776 818 2809 quod
843 2776 920 2804 inter
945 2776 1111 2803 saeculares
1133 2776 1289 2803 valentiae
1314 2785 1401 2803 nemo
1428 2780 1490 2802 erat

1169 2832 1213 2865 60
