1742 3005
289 93 388 143 Cap.
424 92 629 130 CLXXXl.
689 94 747 131 De
780 100 908 130 saneto
939 93 1096 143 Pelagio
1128 106 1237 146 papa.
1377 96 1459 135 835

72 200 266 244 superavit,
292 199 507 242 ceciderunt,
527 204 559 235 et
581 200 637 234 liic
657 200 875 233 terminatum
897 203 949 233 est
970 210 1111 245 regnum
1130 199 1457 246 Longobardorum,

70 275 147 299 nam
174 265 340 310 deinceps
367 265 460 299 illum
495 277 611 311 regem
647 265 847 305 habebant,
881 276 980 310 quem
1014 267 1185 300 Caesares
1217 267 1284 301 sibi
1318 267 1459 304 dabant.

69 330 317 366 Proficiscente
345 331 472 366 Car-010
498 332 638 366 Romam
665 341 758 376 papa
784 330 949 375 sj‘nodum
975 330 1078 365 CLIV
1105 334 1346 376 cpiscoporum
1376 345 1459 369 con-

68 399 252 443 gregavit,
291 399 323 431 in
351 408 420 443 qua
447 398 579 443 synodo
606 407 697 442 papa
719 399 779 441 jus
806 395 960 441 eligendi
986 396 1183 440 pontificem
1210 398 1460 435 Romanum-et

69 463 255 497 ordinandi
281 464 511 508 apostolicam
539 463 655 497 sedem
684 461 810 495 (Iarolo
839 461 954 503 dedit,
995 461 1286 507 archiepiscopos
1322 475 1460 510 quoque

70 533 104 563 et
152 531 341 574 episcopos
389 540 452 573 per
499 529 659 573 singulas
700 528 902 571 provincias
947 531 1027 560 ante
1069 531 1369 563 consecrationem
1415 531 1459 564 ab

69 596 146 639 ipso
184 596 423 629 investituram
458 596 621 637 accipere
655 593 829 633 delinivit,
873 592 933 625 tilii
974 604 1112 638 quoque
1154 595 1230 638 ejus
1262 593 1393 630 Romae
1429 598 1461 631 in

69 671 172 705 reges
202 664 397 705 unguntur,
434 659 569 693 scilicet
604 658 748 702 Pipinus
782 668 889 702 supet·
922 657 1080 698 Italiam,
1118 660 1318 695 Ludovic-us
1354 672 1461 707 super

67 726 303 771 Aquitaniam.
352 725 520 760 Alcuinus
557 725 726 769 magister
757 723 874 757 Caroli
910 728 988 757 tunc
1015 724 1175 759 florebat.
1224 725 1366 770 Pipinus
1393 730 1460 763 (Ja-

67 793 132 827 roli
168 793 259 826 tilius
295 792 338 827 de
372 792 614 835 conjuratione
648 795 771 824 contra
806 794 938 834 patrem
973 792 1153 825 convictus
1189 793 1222 825 in
1256 794 1459 829 monachum

64 862 283 894 tonsuratur.
353 858 454 891 Circa
494 866 617 890 annum
657 856 786 889 domini
830 856 1069 897 DCCLXXX,
1121 862 1277 901 tempore
1321 861 1459 895 scilicet

65 923 188 959 Irenae
220 924 454 968 imperatricis
487 926 521 956 et
561 921 622 954 lilii
657 922 710 954 sui
736 923 873 955 nomine
899 922 1139 961 Constantini,
1179 921 1281 956 homo
1316 926 1457 969 quidam

66 992 100 1024 in
137 990 254 1035 longis
285 991 390 1023 muris
428 987 605 1022 Thraciae
641 986 800 1027 fodiens,
835 988 925 1020 sicut
960 988 993 1020 in
1032 987 1179 1031 quadam
1213 988 1378 1025 chronica
1403 992 1455 1027 le-

66 1057 181 1103 gitur,
219 1056 350 1089 invenit
379 1053 517 1088 archam
552 1052 740 1097 lapideam.
791 1053 900 1092 Quam
931 1063 1004 1086 cum
1037 1060 1273 1098 expurgasset
1298 1061 1331 1090 et
1358 1068 1457 1093 reve-

66 1123 194 1163 lasset,
231 1121 340 1154 virum
371 1120 544 1165 jacentem
581 1118 630 1152 ibi
666 1119 798 1163 reperit
829 1122 863 1152 et
896 1118 1033 1151 litteras
1067 1119 1187 1152 taliter
1221 1124 1456 1159 continentes:

66 1187 228 1223 Christus
253 1190 417 1220 nascetur
443 1196 485 1219 ex
510 1185 628 1220 Maria
655 1186 789 1229 virgine
816 1189 850 1219 et
878 1184 983 1218 credo
1014 1186 1046 1218 in
1075 1196 1162 1226 eum,
1191 1186 1255 1220 sub
1283 1187 1457 1224 Constan-

64 1256 138 1287 tino
178 1256 213 1287 et
248 1251 348 1287 Irene
389 1251 658 1296 imperatoribus
698 1261 717 1284 0
753 1250 805 1284 sol
848 1251 968 1283 iterum
1006 1261 1057 1284 me
1089 1251 1238 1288 videbis.
1286 1253 1457 1290 Defuncto

66 1319 222 1354 Adriano
257 1319 332 1353 Leo
366 1318 399 1351 in
432 1316 619 1351 Romanam
657 1316 774 1351 sedem
809 1315 1016 1350 sublimatus
1050 1321 1121 1358 est,
1158 1319 1211 1351 vir
1247 1329 1310 1362 per
1342 1324 1457 1356 omnia

67 1384 298 1427 reverendus,
330 1385 429 1428 cujus
463 1382 742 1417 sublimationem
771 1383 960 1427 propinqui
983 1382 1130 1416 Adriani
1156 1393 1263 1430 aegre
1290 1386 1455 1429 serentes,

66 1461 140 1485 cum
167 1451 308 1484 litanias
335 1450 486 1494 majores
514 1453 660 1494 ageret,
688 1452 808 1482 contra
835 1458 908 1481 eum
936 1448 1065 1492 populo
1090 1451 1265 1484 concitato
1284 1453 1314 1485 ei
1335 1454 1455 1488 oculos

66 1519 231 1551 eruerunt
264 1519 299 1550 et
332 1515 487 1560 linguam
523 1514 779 1559 praeciderunt.
839 1513 907 1548 Sed
935 1513 1027 1548 Deus
1063 1516 1273 1550 miraculose
1300 1517 1453 1564 ltnguam

65 1582 135 1616 sibi
164 1585 198 1616 et
223 1582 333 1616 visum
360 1581 534 1621 restituit,
562 1582 619 1625 qui
646 1580 723 1613 dum
749 1579 792 1613 ad
820 1579 980 1613 Carolum
1007 1581 1246 1626 confugisset,
1275 1583 1350 1626 ipse
1379 1595 1454 1619 eum

65 1649 100 1682 in
139 1647 223 1682 sede
261 1657 325 1681 sua
368 1647 558 1687 collocavit
588 1650 622 1680 et
658 1655 738 1679 reos
772 1646 918 1689 punivit.
966 1644 1110 1679 Romani
1145 1648 1253 1692 igitur
1284 1649 1455 1686 suadente

65 1723 160 1760 papa
186 1723 276 1747 anno
304 1712 434 1746 domini
455 1710 723 1747 DCCLXXXIV
742 1711 864 1745 relicto
886 1711 1032 1755 imperio
1050 1711 1453 1759 Constantinopolitano,

64 1791 132 1814 uno
160 1781 308 1814 omnium
334 1789 508 1814 consensu
536 1778 781 1822 imperatorias
808 1776 931 1811 laudes
961 1776 1088 1810 Carolo
1115 1778 1324 1823 acclamant,
1358 1792 1452 1816 eum-

65 1857 133 1892 que
163 1857 227 1891 per
258 1855 393 1879 manum
430 1844 560 1879 Leonis
598 1844 843 1888 imperatorem
881 1847 1052 1877 coronant
1087 1843 1272 1880 Caesarem
1315 1851 1349 1880 et
1382 1848 1453 1882 Au-

64 1916 203 1957 gustum
242 1911 434 1956 appellant.
496 1909 580 1944 Post
623 1909 886 1943 Constantinum
929 1910 1017 1943 enim
1056 1910 1223 1956 Magnum
1262 1912 1454 1956 imperialis

65 1977 171 2012 sedes
206 1976 299 2023 apud
326 1974 664 2019 Constantinopolim
697 1973 896 2009 habebatur
929 1985 993 2018 pro
1027 1985 1090 2017 eo,
1126 1976 1218 2020 quod
1251 1978 1454 2021 praedictus

67 2042 315 2076 Constantinus
339 2042 528 2076 Romanam
560 2040 678 2074 sedem
719 2041 861 2073 vicariis
894 2040 989 2072 beati
1016 2038 1109 2073 Petri
1135 2041 1278 2086 reliquit
1302 2047 1336 2076 et
1362 2043 1455 2086 apud

66 2107 281 2153 praedictam
321 2105 440 2140 urbem
485 2104 604 2139 sedem
648 2103 718 2137 sibi
769 2104 956 2137 ordinavit.
1024 2103 1269 2140 Verumtamen
1311 2111 1456 2150 propter

67 2174 274 2220 dignitatem
299 2173 531 2216 imperatores
556 2169 701 2204 Romani
727 2169 915 2213 mmcupati
941 2172 1022 2202 sunt
1046 2179 1156 2214 usque
1182 2170 1226 2204 ad
1252 2170 1339 2204 illud
1366 2176 1452 2206 tem-

66 2249 154 2284 pus,
189 2249 258 2284 quo
290 2238 470 2282 imperium
502 2235 689 2270 Romanum
721 2234 767 2268 ad
793 2245 896 2280 reges
920 2233 1129 2269 Francorum
1157 2236 1362 2270 translatum
1390 2242 1453 2272 est.

66 2304 197 2340 Postea.
221 2314 304 2338 vero
331 2303 382 2336 illi
408 2301 621 2336 Graecorum
652 2302 727 2336 sive
755 2300 1152 2345 Constantinopolitani‚
1190 2302 1248 2335 isti
1274 2312 1356 2336 vero
1382 2301 1454 2336 Ro-

67 2379 245 2404 manorum
271 2369 502 2413 imperatores
529 2369 645 2403 vocati
669 2370 760 2401 sunt.
808 2367 881 2401 Hoc
912 2371 1025 2401 autem
1052 2366 1096 2401 de
1121 2370 1217 2401 tanto
1245 2369 1456 2412 imperatore

69 2434 170 2470 valde
196 2433 357 2468 mirabile
384 2433 468 2476 suit,
506 2434 598 2479 quod
625 2434 755 2468 nullam
780 2433 928 2467 filiarum
964 2442 1126 2474 suarum,
1163 2433 1327 2477 quamdiu
1359 2433 1456 2474 vixit,

69 2500 180 2535 voluit
203 2500 369 2545 conjugio
395 2498 574 2543 copulare.
622 2499 769 2534 Dicebat
796 2501 884 2534 enim
921 2509 958 2533 se
991 2508 1107 2532 earum
1135 2497 1362 2532 contubernio
1389 2508 1457 2532 non

70 2576 177 2610 posse
207 2575 329 2600 carere
364 2568 414 2607 et,
449 2568 487 2597 ut
521 2565 687 2599 Alcuinus
723 2566 800 2610 ejus
835 2566 1006 2610 magister
1039 2563 1081 2597 de
1118 2573 1159 2597 eo
1193 2562 1334 2605 scribit,
1377 2563 1459 2597 licet

70 2631 160 2666 alias
186 2631 272 2666 l'elix
297 2634 409 2672 esset,
438 2631 472 2664 in
506 2630 572 2664 hoc
602 2630 774 2665 adversae
812 2630 972 2664 fortunae
1006 2628 1258 2674 malignitatem
1291 2632 1457 2673 expertus

71 2701 126 2732 est
159 2698 247 2732 satis
283 2696 492 2740 declarans,
535 2695 617 2741 quid
650 2706 757 2742 super
787 2695 855 2730 hoc
889 2695 1008 2729 dicere
1042 2694 1160 2730 vellet.
1210 2693 1310 2734 Quod
1343 2698 1459 2728 tamen

1100 2758 1178 2794 53*
