1742 3005
257 82 341 122 924
544 84 642 133 Cap.
673 81 843 121 CCXVI.
901 82 960 119 De
990 86 1120 118 sancta
1148 81 1362 120 Genovesa.

260 188 350 214 1101110
369 185 506 219 qnidam,
525 194 615 218 quem
632 185 784 212 dominico
804 185 853 212 die
873 190 1048 220 operantem
1066 184 1142 213 ultio
1161 184 1266 211 divina
1283 187 1508 217 excaecaverat,
1532 191 1648 210 necnon

260 230 361 266 puella
381 229 418 255 ab
438 229 523 256 annis
541 229 605 256 fere
624 229 785 257 duodecim
804 239 908 262 caeca,
933 238 1008 263 quos
1034 230 1088 257 illa
1112 229 1295 257 benedicens
1319 229 1383 256 sine
1402 228 1547 255 dilatione
1566 228 1648 254 iuco-

261 276 356 302 lumes
374 273 517 300 reddidit.
553 278 587 301 In
611 274 736 301 civitate
762 274 911 301 Meldensi
937 274 1037 309 puella
1063 274 1211 308 quaedam
1238 273 1423 300 adolescenti
1442 272 1559 299 cuidam
1579 281 1649 307 pro-

261 318 353 345 missa
378 322 413 345 ut
439 318 612 345 Genovefae
638 320 766 346 virtutes
786 319 946 354 comperit,
970 323 1088 346 vestem
1108 318 1166 346 sibi
1185 318 1335 345 immutari
1353 327 1387 344 ac
1405 317 1435 343 in
1454 317 1650 343 coutubernio

260 362 411 394 virgiuum
429 363 617 390 annumerari
637 373 653 390 a
673 364 827 391 Geuovesa
847 363 990 399 expetiit,
1017 363 1097 390 uude
1123 363 1294 395 indignatus
1313 362 1489 389 adolescens
1509 369 1651 395 sponsam

262 415 328 433 cnm
346 406 447 434 furore
464 408 663 442 persequitur.
700 409 788 444 Quod
807 407 961 436 Genovesa
985 407 1110 435 audiens
1137 417 1202 434 eam
1229 408 1268 434 ad
1286 406 1459 438 ecelesiam,
1486 414 1562 438 qnae
1582 413 1651 439 pro-

261 451 343 478 xima
361 457 437 485 erat,
465 461 567 479 secum
593 453 679 480 duxit
704 458 732 481 et
758 454 839 481 sores
865 453 1026 485 ecclesiae,
1053 462 1129 485 quae
1156 452 1274 479 clausae
1293 456 1393 484 erant,
1421 450 1522 477 divina
1541 449 1652 476 virtute

262 495 442 523 mirabiliter
459 497 605 524 reseravit
624 503 653 525 et
672 498 804 533 puellam
823 508 839 525 a
858 497 958 525 furore
977 496 1178 524 adolescentis
1198 496 1349 524 liberavit.
1385 494 1554 523 Aurelianis
1581 494 1652 520 dum

263 540 382 567 cuidam
414 541 626 576 patrifamilias
655 552 713 578 pro
737 551 840 575 servo,
869 542 919 575 qui
946 542 1092 569 adversus
1119 551 1185 567 eum
1211 541 1394 574 deliquerat,
1422 538 1576 567 Genovesa
1598 548 1653 565 ve<

262 585 342 612 niam
370 591 537 620 expeteret,
565 588 616 615 ille
640 597 713 615 vero
740 588 862 616 0111111110
889 591 1042 618 renueret,
1076 585 1236 613 confestim
1268 590 1300 612 ut
1331 585 1454 612 domurn
1480 584 1653 616 ingreditur,

260 630 435 656 vehementi
458 630 544 658 febre
574 637 728 667 correptus
755 641 815 658 non
835 631 916 666 prius
936 631 1057 659 sanitati
1076 630 1261 662 restituitur,
1288 639 1377 662 quam
1404 628 1577 656 Genu-cesae
1600 638 1654 655 ve-

261 674 342 700 niam
368 675 526 708 postulans
552 675 666 703 famulo
686 677 923 703 misericordiam
942 675 1091 707 elargitur.
1127 678 1201 701 Ecce
1229 674 1386 701 ecclesiam
1413 674 1507 701 sancti
1533 672 1654 700 Martini

261 719 446 746 Turonensis
472 719 605 751 ingressa
631 721 868 755 quamplurimos
899 730 916 747 a
948 720 1094 746 daemone
1124 719 1266 745 obsessos
1297 720 1365 745 oleo
1399 718 1481 753 prius
1514 717 1653 744 inunctos

260 763 413 792 liberavit.
456 767 534 791 Dum
561 769 661 791 alitem
686 765 781 792 vellet
809 765 901 792 semel
929 763 1076 797 quosdam
1101 763 1243 795 inungere
1269 772 1303 789 ac
1329 763 1428 789 oleum
1454 763 1484 789 111
1510 763 1653 797 ampulla,

262 807 401 842 pontifex
419 808 519 840 etiam,
539 809 588 842 qui
609 809 708 836 oleum
728 809 930 841 benediceret,
950 808 1080 840 deesset,
1099 815 1168 833 mox
1186 812 1284 834 terrae
1302 808 1449 835 recubans
1468 808 1498 834 in
1518 808 1655 834 oratioue

261 852 377 887 posita,
404 853 537 888 ampulla
556 853 586 880 in
606 854 745 881 manibus
765 856 828 888 ejus
848 854 932 886 oleo,
959 862 1019 886 quo
1039 851 1232 886 postmodum
1251 851 1348 878 sanati
1367 856 1435 878 sunt
1453 853 1582 885 aegroti,
1609 857 1655 879 est

262 897 386 931 repleta.
423 900 467 924 De
487 899 550 931 ejus
570 899 752 926 abstinentia
774 909 807 925 ac
827 898 917 925 etiam
934 897 1098 925 virtutibus
1116 896 1194 923 inter
1220 897 1278 923 alia
1303 897 1395 924 multa
1423 897 1466 924 sic
1490 897 1563 924 dicit
1581 897 1656 924 Viu-

262 942 377 968 centius
395 941 427 968 in
445 942 579 976 speculo.
616 945 640 970 A
669 943 786 970 decimo
813 943 919 977 quinto
945 942 1051 969 aetatis
1079 950 1150 969 snae
1174 951 1253 968 anno
1271 950 1366 975 usque
1386 942 1425 968 ad
1444 941 1654 975 quiuqimgesi-

261 995 343 1012 11111111
362 995 429 1013 esca
449 991 511 1013 erat
530 987 558 1014 ei
576 987 663 1022 panis
683 989 868 1015 hordeaceus
888 992 916 1015 et
936 987 1023 1019 faba,
1050 996 1139 1019 quam
1158 991 1227 1021 post
1247 986 1321 1013 duas
1340 991 1391 1013 aut
1409 991 1469 1012 tres
1489 986 1656 1012 hebdoma-

262 1031 317 1057 das
332 1031 362 1057 111
377 1031 437 1057 olla
453 1032 684 1059 recoiumiscens
698 1033 817 1059 edebat.
854 1036 878 1060 Α
897 1032 946 1058 die
963 1031 1114 1058 dominico
1131 1040 1225 1064 usqne
1240 1031 1270 1058 in
1289 1031 1392 1065 quinia
1411 1030 1486 1058 seria
1503 1031 1658 1065 jejunabat

263 1080 292 1102 et
319 1085 335 1101 a
360 1075 436 1102 seria
462 1075 565 1108 quinta
588 1077 732 1110 usquein
758 1077 807 1103 die
826 1077 996 1107 domiuicoi
1020 1076 1125 1103 viuum
1152 1080 1252 1102 autem
1278 1081 1307 1103 et
1327 1076 1485 1109 quodlibet
1504 1076 1656 1103 inebrians

261 1130 413 1153 nunqnam
439 1120 567 1155 potavit.
611 1125 680 1149 Post
714 1122 993 1155 quinquagesimum
1025 1129 1098 1147 vero
1132 1130 1241 1147 annum
1270 1121 1469 1148 suadentibus
1504 1120 1658 1155 episcopis

261 1169 386 1199 propter
410 1164 615 1192 obedientiam
642 1166 756 1200 piscem
781 1171 810 1193 et
836 1167 881 1194 lac
905 1176 972 1193 cum
999 1175 1076 1200 pane
1109 1165 1276 1192 hordeaceo
1300 1166 1389 1192 edere
1415 1166 1525 1200 coepit.
1562 1166 1658 1193 Multa

261 1214 362 1236 autem
389 1210 584 1237 veneratione
613 1211 838 1238 Catulacensem
864 1211 982 1242 vicum,
1008 1209 1039 1235 in
1067 1218 1126 1243 quo
1150 1210 1258 1236 beatus
1281 1210 1440 1244 Dionysius
1468 1220 1575 1246 passus
1602 1215 1657 1243 est,

261 1254 386 1287 dilexit,
406 1254 453 1281 cui
472 1254 707 1282 etiam'devotio
726 1261 803 1288 erat,
823 1256 852 1282 iu
872 1256 986 1282 bonore
1004 1254 1087 1281 illius
1107 1254 1265 1281 basilicam
1284 1260 1465 1282 construere.
1503 1255 1657 1282 Suadebat

260 1298 467 1333 presbiteros,
494 1304 527 1326 ut
545 1299 657 1327 faceret
675 1301 882 1334 uuusquisque
901 1299 1094 1327 collationem
1114 1300 1152 1325 ad
1171 1300 1228 1326 1100
1247 1299 1433 1332 aediticium,
1462 1300 1513 1332 qui
1532 1309 1659 1334 respon—-

261 1344 384 1370 derunt:
404 1348 489 1371 erunt
508 1344 634 1373 forsitan
653 1345 797 1381 parvitati
818 1351 940 1373 nostrae
958 1345 1040 1372 vires
1060 1344 1259 1377 aedificandi,
1286 1344 1341 1371 sed
1367 1344 1541 1377 coquendae
1568 1345 1658 1372 calcis

261 1389 349 1423 copia
376 1389 472 1418 deest.
508 1393 547 1417 At
573 1390 625 1417 illa
652 1391 760 1426 spiritu
786 1395 890 1418 sancto
914 1391 1029 1426 repleta
1056 1389 1227 1417 vaticinans
1247 1389 1301 1416 aitx
1328 1389 1517 1422 egredimini,
1537 1398 1659 1424 quaeso,

261 1433 301 1460 ad
319 1439 441 1468 pontem
461 1434 593 1462 civitatis
621 1440 666 1468 et,
693 1446 769 1470 quae.
796 1435 971 1468 audieritis,
997 1435 1134 1462 nuntiate
1159 1435 1242 1463 1111111.
1279 1433 1337 1470 Qui
1364 1434 1475 1467 egressi
1502 1434 1533 1461 in
1558 1434 1660 1469 platea

262 1479 382 1505 stabant
401 1479 531 1508 attoniti.
569 1483 605 1507 Et
624 1490 693 1508 ecce
713 1481 789 1508 duos
808 1481 949 1508 custodes
968 1489 1128 1516 porcorum
1153 1480 1402 1514 sermocinantes,
1429 1489 1557 1514 quornm
1583 1489 1660 1507 uuus

262 1523 302 1550 ad
321 1524 447 1551 alterum
466 1525 523 1551 ait:
550 1525 621 1552 dum
640 1526 718 1558 suis,
746 1526 777 1552 id
796 1530 840 1553 est
860 1535 983 1560 porcae,
1002 1525 1164 1558 vestigium
1183 1525 1222 1551 ob
1242 1530 1345 1559 partus
1363 1525 1501 1557 vagantis
1520 1525 1662 1558 legerem,

261 1568 364 1596 inveni
382 1569 502 1596 furnum
522 1570 612 1598 calcis
633 1571 725 1598 mirae
744 1571 976 1604 magnitudinis,
995 1571 1072 1598 alter
1091 1570 1261 1605 responditi
1289 1574 1317 1597 et
1338 1579 1392 1603 ego
1411 1570 1514 1597 iuveni
1534 1570 1561 1597 in
1582 1570 1661 1597 silv-'t

262 1613 317 1640 sub
344 1613 497 1641 radicibus
524 1615 640 1642 arboris
666 1625 682 1642 a
711 1621 804 1643 vento
830 1617 955 1643 evulsae
980 1616 1101 1643 furnum
1127 1615 1235 1648 caleis,
1262 1615 1300 1642 tle
1327 1624 1386 1648 quo
1413 1615 1486 1642 1111111
1507 1616 1661 1643 sublatum

262 1658 351 1685 credo
377 1669 510 1692 unquam
535 1659 640 1689 fuisse.
676 1661 765 1696 Quod
791 1662 948 1688 audientes
976 1661 1138 1697 presbiteri
1162 1660 1271 1693 gratias
1300 1665 1422 1692 agentes
1447 1660 1562 1688 reversi
1581 1665 1661 1688 sunt.

262 1703 396 1731 Audiens
423 1705 513 1731 etiam
537 1705 611 1732 liaeo
637 1711 739 1733 saneta
767 1706 904 1740 lacrymis
932 1716 1003 1741 prae
1030 1705 1139 1739 gaudio
1169 1705 1268 1733 sinum
1292 1705 1441 1740 implevit.
1493 1705 1661 1732 Lacessis-it

261 1748 362 1781 itaque
390 1749 550 1777 Genesium
573 1751 791 1786 presbiterum,
819 1756 851 1778 ut
878 1752 909 1778 iu
933 1752 1046 1779 honore.
1073 1751 1221 1786 praedicti
1247 1751 1377 1778 martiris
1401 1750 1560 1778 basilicam
1588 1758 1660 1776 con-

262 1798 406 1827 strueret,
435 1794 538 1828 sioque
558 1795 697 1823 omnibus
717 1795 836 1824 civibus
860 1796 911 1823 illa
932 1796 1112 1831 implorante
1133 1800 1301 1823 constructa
1320 1800 1375 1824 est.
1411 1799 1445 1821 Iu
1464 1797 1547 1829 cnjus
1568 1804 1660 1829 opere

263 1839 400 1865 collectis
428 1840 639 1874 carpentariis,
678 1851 745 1868 cnm
772 1846 861 1875 potus
890 1841 1048 1873 deiiceret,
1082 1840 1232 1875 accipiens
1260 1844 1363 1866 sancta
1388 1849 1495 1874 cupam
1525 1848 1660 1866 seorsum

260 1888 409 1916 prostrata
437 1893 503 1910 cum
531 1885 669 1918 lacrymis
697 1885 804 1913 oravit.
842 1886 957 1912 Deinde
982 1894 1104 1917 surgens
1131 1885 1212 1911 Iacto
1240 1885 1324 1916 siguo
1350 1885 1444 1911 crucis
1480 1894 1571 1919 super
1604 1894 1659 1911 vas

260 1936 356 1960 usque
375 1928 414 1954 ad
433 1937 581 1955 summum
599 1929 742 1963 poculum
760 1928 917 1963 impletum
937 1934 996 1962 est,
1025 1939 1061 1956 ex
1080 1939 1139 1963 quo
1159 1929 1288 1964 operarii
1308 1939 1402 1962 usque
1419 1929 1457 1955 ad
1471 1938 1658 1955 consumma-

262 1971 375 1998 tionem
407 1972 553 2000 basilicae
588 1973 738 2000 uberrime
772 1979 912 2008 potantes
944 1974 1053 2006 gratias
1087 1979 1218 2007 egerunt.
1257 1975 1392 2010 Quadam
1426 1978 1514 2000 nocte
1539 1973 1660 2000 sabbati

260 2016 337 2043 circa
362 2016 433 2049 galli
460 2022 580 2044 cautum
604 2027 722 2049 egressa
751 2023 796 2045 est
820 2019 909 2045 beata
935 2018 1091 2045 Geuovesa
1125 2019 1164 2045 ad
1196 2018 1353 2045 basilicam
1387 2019 1482 2044 sancti
1512 2018 1659 2052 Dionysii,

261 2069 362 2087 cerens
382 2070 472 2094 vero,
499 2062 550 2094 qui
577 2062 816 2095 anteferebatur,
840 2063 1005 2089 exstinctus
1033 2067 1089 2092 est.
1126 2066 1191 2098 Quo
1219 2063 1347 2090 turbatis
1370 2063 1558 2096 virginibus,
1585 2073 1660 2096 quae

260 2115 327 2131 cnm
347 2108 382 2132 ea'
401 2110 485 2132 erant
509 2115 582 2140 prae
601 2107 722 2133 horrore
742 2107 855 2140 noctis,
868 2111 993 2134 ‘cereum
1013 2108 1071 2134 sibi
1091 2108 1156 2135 dari
1174 2108 1339 2143 praecepit.
1377 2111 1471 2144 Quem
1495 2113 1528 2136 nt
1554 2110 1661 2142 tenuit,

260 2151 361 2178 statim
380 2150 566 2178 illuminatus
586 2156 641 2178 est.
676 2151 819 2179 Similiter
838 2152 945 2178 eodem
964 2156 1118 2188 tempore,
1146 2163 1214 2180 cum
1238 2153 1269 2180 in
1291 2153 1418 2180 ecclesia
1437 2153 1489 2180 diu
1507 2158 1659 2188 prostrata

260 2196 292 2222 in
310 2197 445 2223 oratione
464 2201 614 2229 surgeret,
644 2206 747 2223 cereus
766 2197 899 2224 noudum
918 2196 986 2229 igne
1007 2203 1162 2225 contactus
1183 2198 1288 2225 divino
1308 2203 1381 2225 nutu
1401 2208 1544 2225 accensus
1564 2203 1610 2225 est
1627 2199 1660 2226 in

260 2250 349 2267 mauu
369 2242 443 2275 ejus.
477 2245 521 2268 De
551 2250 609 2275 quo
636 2245 665 2268 et
691 2241 793 2276 plures
820 2241 928 2268 infirmi
958 2242 1115 2277 paululum
1142 2242 1173 2269 in
1196 2242 1256 2269 sule
1275 2242 1445 2270 auferentes
1465 2243 1560 2271 sanati
1580 2248 1658 2272 snut.

261 2285 416 2319 Quaedam
435 2286 542 2312 inulier
558 2286 654 2312 furata
670 2290 715 2313 est
731 2286 932 2313 calceamenta
949 2288 1022 2321 ejus,
1042 2298 1118 2321 qnae
1134 2293 1165 2315 ut
1184 2288 1306 2315 donnum
1321 2288 1414 2321 veuit,
1433 2292 1591 2315 excaecata
1604 2293 1660 2318 est.

260 2329 376 2357 Deinde
400 2335 550 2365 prostrata
574 2331 613 2357 ad
640 2331 733 2365 pedes
760 2333 823 2365 ejus
850 2331 970 2359 veniam
996 2337 1102 2367 petens
1122 2333 1247 2365 signatis
1267 2334 1305 2360 ab
1325 2343 1359 2360 ea
1379 2333 1474 2360 oculis
1494 2332 1592 2360 visum
1614 2343 1659 2359 re-

261 2375 350 2410 cepit.
386 2375 556 2402 Hildericus
576 2375 666 2401 etiam
685 2379 862 2403 Francorum
882 2386 932 2403 rex
951 2377 1043 2403 valde
1063 2378 1191 2409 diligens
1211 2389 1276 2406 eam
1290 2400 1296 2411 ,
1315 2380 1443 2411 timens,
1471 2388 1509 2405 'ue
1528 2378 1659 2410 vinctos,

261 2429 336 2453 quos
360 2420 531 2447 interimere
557 2420 725 2452 cogitabat,
753 2425 854 2447 sancta
882 2421 1009 2456 eriperet
1038 2422 1208 2455 ingrediens
1235 2424 1339 2451 urbem
1359 2423 1557 2455 Parisiorum,
1587 2431 1658 2457 por-

261 2470 320 2491 tam
349 2465 448 2492 claudi
476 2465 640 2501 praecepit.
677 2465 765 2500 Quod
789 2466 915 2493 audiens
939 2472 1041 2494 sancta
1068 2468 1172 2495 statim
1199 2469 1237 2495 ad
1264 2468 1438 2496 liberandas
1457 2468 1572 2495 animas
1590 2476 1658 2502 per—-

261 2510 352 2543 rexit,
377 2510 454 2537 iuter
479 2512 561 2544 cujus
581 2519 684 2537 manus
705 2511 819 2545 populo
839 2517 925 2546 porta
944 2522 976 2540 se
995 2513 1060 2540 siue
1080 2514 1166 2540 clave
1185 2513 1333 2540 reseravit
1359 2518 1389 2540 et
1408 2513 1451 2540 sic
1470 2522 1568 2545 regem
1586 2520 1657 2538 cou-

259 2559 381 2586 sernia,
409 2565 446 2582 ne
472 2556 642 2583 vinctorum
669 2555 768 2590 capita
797 2562 1040 2592 (iniquit-‘trentam
1067 2558 1208 2587 obtinuit.
1251 2559 1315 2585 Fuit
1342 2558 1432 2585 etiarn
1461 2567 1497 2585 eo
1522 2562 1657 2590 tempore

261 2599 366 2625 boatus
387 2600 507 2627 Simeon
528 2600 557 2627 iu
577 2600 726 2634 columna,
746 2610 834 2633 quem
854 2602 1055 2633 negotiatores
1074 2608 1179 2630 euntes
1198 2607 1227 2630 et
1248 2602 1409 2630 redeuntes
1428 2602 1527 2629 serunt
1546 2601 1584 2626 de
1605 2601 1657 2628 illa

260 2643 458 2675 interrogasse
488 2650 516 2671 et
543 2654 608 2671 vam
630 2645 822 2672 veneratione
843 2647 965 2681 profusa
986 2647 1133 2675 salutasse
1157 2653 1187 2675 et
1205 2656 1237 2675 se
1257 2648 1286 2674 111
1305 2647 1492 2675 orationibus
1511 2647 1573 2679 ejus
1593 2656 1655 2672 me-

260 2695 370 2713 morem
391 2698 456 2715 esse
476 2691 664 2725 poposcisse.
702 2691 820 2718 Parisiis
841 2691 929 2718 etiam
949 2692 975 2718 ei
997 2692 1090 2719 oblati
1111 2697 1178 2720 suut
1197 2693 1402 2725 energumeni,
1422 2700 1477 2725 pro
1495 2690 1604 2723 quibus
1625 2691 1655 2718 in
