1742 3005
201 54 294 102 Cap.
329 52 504 90 CXVIII.
567 52 625 91 De
656 59 785 90 sancto
820 52 1026 103 Hyppolito
1065 59 1101 89 ct
1131 51 1242 88 sociis
1273 52 1368 100 ejus.
1427 49 1504 89 501

107 158 232 200 junia,
278 157 341 192 sed
377 159 520 206 vigiliae
554 159 668 195 adbuc
707 159 943 205 appellantur.
992 158 1186 194 Secundum
1213 159 1324 194 estin
1357 161 1501 199 octava3

113 223 189 267 ipse
224 233 371 269 namque
405 225 501 259 solus
536 235 610 259 eum
646 224 826 270 Stephano
863 225 967 259 babet
1006 228 1163 259 octavam
1199 225 1289 258 iuter
1325 224 1499 265 martires,

112 290 201 323 sicut
237 288 453 332 ¹)Martinus
490 292 579 324 inter
606 289 842 324 consessores.
892 289 1049 324 Tertium
1076 293 1129 324 est
1155 291 1187 323 in
1216 281 1517 335 regressioiubus*

110 355 396 399 antiphonarum,
432 354 524 400 quod
548 355 644 389 solus
670 356 746 400 ipse
775 358 809 389 et
833 354 961 388 Paulus
980 353 1096 395 habet,
1124 353 1184 387 sed
1210 353 1336 388 Paulus
1356 357 1500 398 propter

111 419 350 454 excellentiam
380 419 674 465 praedicationis,
702 420 778 463 ipse
804 422 947 463 propter
975 417 1213 452 excellentiam
1240 419 1428 462 passionis.

528 740 654 803 GAP.
690 739 888 802 cxvlllc
932 731 1076 804 (113.)

153 839 251 884 De
283 840 505 885 sancto
536 839 880 896 Hyppolito
915 840 1026 884 ²)et
1063 836 1256 884 sociis
1286 836 1446 896 ejus.

196 945 402 992 Hyppolitus
433 948 559 983 dicitur
596 949 640 983 ab
674 949 801 994 hyper,
836 949 928 994 quod
962 954 1014 984 est
1047 959 1175 994 super.
1210 953 1242 982 et
1268 948 1369 989 litos,
1405 948 1495 992 quod

109 1015 163 1045 est
188 1012 300 1057 lapis,
327 1015 427 1059 quasi
454 1024 561 1058 super
585 1013 758 1059 lapidem,
794 1014 827 1049 id
854 1018 908 1049 est
934 1014 1119 1055 Christum,
1151 1014 1333 1047 fundatus:
1372 1012 1424 1045 vel
1451 1012 1493 1045 ab

108 1079 142 1110 in
167 1081 202 1112 et
226 1077 340 1122 polis,
374 1079 467 1123 quod
500 1083 555 1114 est
584 1081 726 1114 civitas:
760 1080 812 1115 vel
846 1080 1054 1126 {lyppolitus
1088 1080 1189 1124 quasi
1225 1078 1325 1112 valde
1353 1077 1493 1122 politus.

104 1142 184 1177 Fuit
215 1144 305 1178 enim
337 1154 444 1189 super
479 1144 629 1190 lapidem
665 1144 839 1180 Christum
875 1145 963 1180 bene
989 1144 1151 1179 fundatus
1178 1154 1239 1188 per
1264 1143 1494 1177 constantiam

106 1212 140 1242 et
165 1207 371 1252 firmitatem,
398 1209 464 1244 suit
489 1212 523 1244 in
548 1211 693 1245 civitate
718 1221 869 1255 superna
896 1222 958 1255 per
982 1210 1193 1245 desiderium
1220 1213 1253 1244 ct
1279 1208 1492 1250 aviditatem,

105 1273 192 1309 bene
217 1274 348 1320 politus
373 1286 437 1320 per
460 1279 707 1310 tormentorum
735 1275 973 1312 acerbitatem.

192 1343 234 1377 1.
261 1339 467 1384 Hyppolitus
492 1344 676 1386 postquam
702 1352 828 1386 corpus
855 1341 948 1376 beati
975 1340 1154 1376 Laurentii
1181 1340 1365 1385 sepelivit,
1401 1340 1495 1373 venit

106 1407 140 1439 in
167 1404 302 1439 domum
329 1414 425 1439 suam
451 1410 486 1441 et
509 1406 595 1440 dans
620 1416 739 1451 pacem
766 1408 839 1440 suis
869 1408 980 1441 servis
1006 1410 1040 1441 et
1064 1406 1200 1441 ancillis
1228 1415 1347 1439 onmes
1374 1413 1493 1437 sacra-

104 1473 218 1505 mento
244 1469 388 1514 altaris,
424 1471 517 1516 quod
543 1471 702 1507 ,Iustinus
729 1472 905 1516 presbiter
935 1472 1131 1513 obtulerat,
1168 1470 1435 1505 communicavit
1460 1472 1494 1503 et

104 1537 269 1581 apposita
299 1546 420 1571 mensa
453 1538 653 1582 priusquam
685 1536 801 1570 cibum
835 1542 1008 1579 sumeret,
1045 1537 1224 1571 venientes
1256 1535 1383 1570 milites
1417 1545 1493 1569 eum

104 1606 295 1646 rapuerunt
327 1606 361 1637 et
389 1602 435 1637 ad
460 1602 645 1637 Caesarem
673 1601 856 1641 duxerunt.
905 1602 1012 1643 Quem
1048 1601 1169 1636 videns
1206 1601 1333 1637 Decius
1359 1601 1493 1636 Caesar

105 1666 290 1702 subridens
315 1667 402 1702 dixit
426 1669 475 1702 ei:
511 1666 676 1713 numquid
708 1670 743 1701 et
777 1671 814 1701 tu
846 1677 968 1714 magus
995 1667 1139 1703 effectus
1166 1677 1230 1710 es,
1270 1668 1329 1712 qui
1363 1675 1492 1710 corpus

103 1732 285 1767 Laurentii
310 1732 517 1768 abstulisti?
565 1733 628 1768 Cui
653 1732 880 1778 Hyppolitus:
911 1733 980 1768 hoc
1015 1733 1083 1768 feci
1118 1744 1185 1767 non
1220 1734 1322 1778 quasi
1352 1741 1490 1778 magus,

103 1797 167 1833 sed
195 1799 297 1843 quasi
323 1797 549 1835 christianus,
599 1799 700 1834 Tune
725 1800 851 1835 Decius
880 1799 998 1834 surore
1025 1799 1181 1845 repletus
1216 1799 1414 1845 praecepit,
1455 1802 1492 1831 ut

103 1863 247 1908 babitu,
273 1875 341 1910 quo
366 1868 404 1899 ut
429 1863 642 1900 christianus
668 1865 854 1909 utebatur,
890 1866 1149 1911 exspoliat-etur
1171 1869 1207 1900 et
1232 1875 1272 1899 os
1297 1865 1374 1910 ejus
1399 1863 1489 1908 lapi-

102 1929 204 1963 dibus
230 1930 445 1966 tunderetur.
494 1929 557 1964 Cui
581 1930 810 1976 Hyppolitus:
845 1943 914 1966 non
948 1942 999 1966 me
1025 1930 1255 1976 exspoliasti,
1290 1930 1353 1966 sed
1378 1930 1490 1975 magis

104 1995 265 2028 vestiisti.
315 1994 378 2029 Cui
402 1995 547 2030 Decius:
584 1996 757 2041 quomodo
784 1997 953 2041 insipiens
979 1996 1126 2031 effectus
1152 2006 1208 2038 es,
1240 2000 1276 2030 ut
1300 1995 1492 2030 ntulitatem

103 2064 195 2093 tuam
220 2069 289 2092 non
314 2058 524 2094 erubescas!
572 2059 669 2094 Nunc
693 2070 779 2106 ergo
805 2060 964 2094 sacrifica
990 2065 1024 2095 et
1059 2063 1177 2103 vives,
1215 2072 1258 2096 ne
1295 2070 1370 2094 cum
1394 2059 1490 2093 Lau-

103 2126 214 2160 rentio
251 2129 312 2159 tuo
350 2133 488 2169 pereaS.
538 2123 600 2158 Cui
633 2124 859 2170 Hyppolitus:
893 2125 1085 2170 exemplum
1122 2125 1195 2162 Iieri
1230 2136 1366 2161 merear
1398 2123 1492 2158 beati

103 2190 304 2232 Laurentii,
340 2200 440 2235 quem
473 2192 511 2222 tu
545 2199 606 2225 ore
633 2189 767 2234 polluto
793 2200 899 2224 ausus
931 2201 968 2224 es
999 2193 1192 2228 nominare.
1241 2192 1341 2227 'runc
1366 2189 1493 2231 Decius

105 2255 190 2291 fecit
215 2266 290 2290 eum
316 2254 468 2289 fustibus
491 2254 593 2289 caedi
618 2258 653 2290 et
676 2255 873 2300 pectinibus
899 2255 1025 2291 ferreis
1051 2257 1195 2300 laniari,
1226 2257 1285 2293 ille
1311 2260 1425 2290 autem
1452 2265 1490 2288 se

104 2320 331 2355 christianum
366 2330 445 2355 esse
478 2330 564 2355 voce
596 2321 693 2354 clara
723 2320 974 2365 confitebatur,
1009 2327 1141 2358 etcum
1168 2327 1340 2358 tormenta
1366 2321 1491 2365 liujus-

104 2385 197 2420 modi
219 2386 408 2426 derideret,
435 2389 533 2420 veste
552 2385 713 2427 militari,
740 2396 809 2432 qua
833 2391 937 2422 antea
960 2388 1134 2431 utebatur,
1159 2399 1235 2423 eum
1261 2388 1384 2423 vestiri
1410 2386 1493 2422 fecit

101 2450 268 2493 hortans,
302 2455 340 2485 ut
363 2451 548 2485 amicitiam
575 2454 608 2485 et
633 2452 813 2496 pristinam
842 2452 999 2488 militiam
1036 2455 1214 2489 retineret.
1264 2453 1327 2488 Cui
1354 2451 1493 2497 llyppo-

102 2515 184 2551 litus
218 2526 293 2551 cum
325 2516 478 2558 diceret,
514 2526 552 2550 se
587 2515 726 2550 christo
759 2517 931 2561 militare,
968 2519 1093 2555 Decius
1127 2520 1180 2554 ira
1205 2518 1359 2564 repletus
1388 2517 1492 2553 Vale-

171 2658 198 2692 1)
218 2658 271 2686 Ed.
290 2662 334 2690 Pr.
351 2659 517 2688 martire
531 2670 542 2689 s
561 2660 644 2695 legit.
698 2662 726 2696 Ξ)
744 2661 858 2689 Verba:
886 2666 921 2689 et
947 2660 1068 2689 sociis
1088 2662 1171 2697 ejus
1191 2660 1332 2690 omittunt
1350 2660 1418 2689 libri
1437 2670 1495 2689 tec.
