1742 3005
230 80 327 129 Cap.
350 77 537 115 LXXXV.
597 78 655 115 De
687 85 817 115 sancto
843 77 1027 116 (lei-rasio
1057 86 1093 115 et
1122 77 1336 114 Prothasio.
1396 77 1476 116 355

89 183 213 223 homo,
240 181 413 227 quomodo
438 182 569 217 timeo?
617 180 682 215 Cui
706 180 932 216 Prothasius:
965 184 999 216 in
1027 181 1091 216 hoc
1125 192 1177 217 me
1214 182 1336 217 timere
1371 186 1406 217 et
1429 186 1475 217 ‘te

87 246 182 282 laedi
206 247 388 292 probaris,
426 249 456 281 si
491 257 560 281 non
589 246 832 281 sacrificavero
863 247 938 282 Diis
965 250 1045 283 tuis.
1094 248 1132 283 Si
1163 249 1253 283 enim
1275 252 1311 283 te
1335 248 1430 284 laedi
1455 258 1476 283 a

87 323 140 348 me
163 322 384 363 nequaquam
409 314 570 355 timereS,
602 322 776 357 nunquam
810 312 855 346 ad
879 314 1087 348 sacrificium
1111 314 1293 359 ydolorum
1322 325 1374 349 me
1398 315 1476 359 ipse

84 378 327 423 compelleres.
376 377 477 412 Tunc
518 388 594 413 eum
638 388 754 412 eomes
785 379 820 411 in
859 378 1042 422 equuleum
1080 380 1247 424 suspendi
1282 381 1474 425 praecepit.

85 443 151 478 Cui
173 443 402 479 Prothasius:
427 454 495 477 non
520 443 605 484 tibi,
634 452 767 483 comes,
792 443 948 485 irascor,
975 435 1137 488 quoniam
1163 454 1290 479 caecos
1316 447 1366 478 tui
1391 456 1475 480 oeu-

85 509 139 543 los
165 509 283 543 cordis
306 508 472 550 attendo,
500 509 581 553 quin
604 508 720 551 potius
746 508 797 541 tui
822 508 1010 550 misereor,
1040 510 1122 553 quia
1148 511 1286 551 nescis,
1313 510 1396 554 quid
1420 510 1473 544 fa-

86 575 175 611 cias.
219 575 299 620 Age
312 575 431 620 igitur,
459 573 549 618 quod
569 573 730 616 coepisti,
756 575 793 605 ut
815 572 899 606 mihi
918 582 993 607 eum
1018 572 1127 609 fratre
1154 584 1339 610 occurrere
1363 577 1476 620 possit

84 639 283 686 benignitas
309 638 510 673 salvatoris.
558 637 657 672 Tune
687 647 803 672 eomes
829 639 939 683 jussit
963 650 1037 674 enm
1064 639 1256 681 decollari,
1291 640 1474 685 Philippus

83 709 198 739 autem
224 714 346 738 servus
371 703 502 739 Christi
526 713 601 738 cum
627 703 697 737 filio
725 714 787 738 suo
813 714 965 748 corpora
990 715 1108 738 eorum
1135 708 1251 750 rapuit
1279 710 1313 740 et
1338 706 1475 745 occulte

83 772 118 804 in
153 769 255 804 domo
291 779 356 804 sua
391 769 426 802 in
460 768 567 803 archa
600 779 710 803 saxea
743 765 909 813 sepelivit
944 773 977 803 et
1012 769 1166 805 libellum
1198 776 1316 805 eornm
1351 775 1474 812 ortum,

82 834 182 883 linem
207 839 243 869 et
264 837 370 869 vitam
393 836 624 870 continentem
646 835 692 868 ad
718 845 836 869 eorum
863 839 968 879 capnt
992 837 1120 879 posuit.
1172 836 1272 870 Passi
1309 840 1388 870 sunt
1411 846 1475 870 au-

82 894 149 936 tem
179 900 243 934 sub
276 899 434 943 Nerone,
473 901 532 945 qui
564 901 681 945 coepit
714 901 810 934 circa
839 909 949 934 annos
984 900 1113 934 domini
1148 902 1474 947 quinquagesimum

81 966 326 1011 septinium1).
373 965 500 1000 Horum
528 975 678 1010 corpora
701 965 808 999 multo
834 969 990 1010 tempore
1014 966 1201 1007 latuerunt,
1229 966 1293 1001 sed
1318 971 1474 1012 tempore

81 1032 178 1067 beati
209 1031 387 1066 Ambrosii
417 1030 485 1065 hoo
508 1030 613 1065 modo
632 1035 795 1076 ·reperta
834 1030 983 1065 suerunt.
1033 1031 1221 1066 Ambrosio
1255 1042 1403 1077 namque
1439 1034 1472 1065 in

82 1096 237 1132 ecclesia
268 1101 466 1131 sanctorum
499 1095 651 1131 Naboris
685 1101 721 1132 et
751 1095 881 1131 Felicis
917 1097 952 1131 in
985 1098 1146 1131 oratione
1179 1098 1296 1141 posito
1331 1099 1401 1139 ita,
1437 1102 1475 1132 ut

80 1172 143 1198 nee
167 1162 333 1208 vigilaret
356 1166 499 1207 aperte,
526 1172 589 1197 nec
614 1162 782 1197 dormiret
807 1164 956 1207 integre,
980 1167 1218 1207 apparuerunt
1245 1164 1279 1196 ei
1304 1162 1372 1197 duo
1397 1163 1473 1207 pul-

79 1227 243 1263 cherrimi
261 1229 411 1274 Juvenes
436 1228 593 1263 vestibus
619 1228 803 1269 candidis,
842 1227 877 1261 id
903 1231 957 1262 est
983 1227 1123 1262 colobio
1153 1233 1187 1263 et
1213 1228 1322 1273 pallio
1348 1228 1473 1268 induti,

78 1294 237 1328 caliculis
273 1293 422 1336 calcati,
464 1304 580 1328 seeum
623 1293 782 1328 manibus
820 1294 957 1327 extensi
996 1298 1151 1329 orantes.
1201 1294 1324 1328 Oravit
1364 1296 1475 1339 igitur

80 1358 308 1401 Ambrosius,
333 1363 390 1401 ut,
415 1361 447 1393 si
475 1363 572 1394 esset
598 1359 739 1401 illusio,
766 1369 835 1392 non
859 1356 952 1392 ultra
976 1363 1158 1403 appareat,
1185 1361 1216 1394 si
1240 1364 1355 1394 autem
1380 1361 1472 1394 veri-

79 1428 153 1466 tas,
179 1424 293 1460 denuo
319 1425 504 1460 reveletur.
553 1424 666 1459 Simili
689 1425 798 1470 igitur
821 1423 924 1458 modo
954 1429 1100 1459 canente
1124 1425 1220 1471 gallo
1245 1430 1387 1460 orantes
1414 1436 1471 1460 se-

80 1501 155 1525 cum
181 1491 335 1536 juvenes
369 1494 626 1535 apparuerunt,
664 1490 770 1524 tertia
800 1500 883 1523 vero
917 1494 1020 1524 noete
1055 1490 1192 1524 desecto
1223 1491 1298 1535 J'am
1322 1500 1472 1536 corpore

83 1556 262 1602 ²)vigiliis
294 1567 364 1590 non
399 1555 603 1597 dormienti,
639 1555 702 1590 sed
729 1556 883 1600 stupenti
918 1565 994 1589 eum
1025 1556 1132 1590 tertia
1165 1556 1236 1589 sibi
1275 1563 1478 1601 apparuere

81 1631 255 1667 persona,
281 1632 370 1668 quae
395 1622 519 1656 similis
543 1621 652 1656 Paulo
679 1620 843 1666 apostolo
871 1620 1076 1663 videbatur,
1103 1621 1293 1656 seeundum
1317 1622 1411 1667 quod
1437 1624 1471 1656 in

80 1688 218 1732 pictura
244 1692 499 1733 prospexerat,
535 1687 676 1732 illisque
709 1687 908 1721 tac-entibus
942 1687 1126 1732 apostolus
1165 1687 1234 1722 sibi
1268 1687 1376 1721 dixit:
1412 1689 1472 1722 isti

80 1757 179 1795 sunt,
206 1755 265 1799 qui
286 1752 374 1787 nihil
396 1758 571 1788 terrenum
597 1752 840 1788 desiderantes
869 1755 1001 1787 monita
1026 1763 1104 1788 mea
1127 1755 1239 1788 secuti
1265 1757 1356 1796 sunt,
1385 1764 1473 1799 quo-

81 1829 152 1853 rum
187 1828 338 1864 corpora
370 1819 406 1852 in
438 1828 480 1853 eo
503 1818 584 1853 loeo
611 1820 788 1864 reperies,
824 1820 860 1853 in
894 1830 962 1864 quo
996 1823 1092 1861 stam,
1125 1819 1310 1854 duodecim
1346 1818 1471 1863 pedum

80 1884 263 1919 altitudine
294 1888 392 1919 terra
422 1888 624 1929 coopertam
661 1884 804 1919 archam
837 1886 996 1919 invenies
1028 1889 1061 1919 et
1086 1884 1130 1918 ad
1154 1888 1259 1929 eaput
1285 1895 1403 1919 eorum
1426 1884 1469 1918 li-

80 1949 230 1991 bellum,
265 1951 301 1984 in
332 1961 399 1995 quo
432 1954 529 1983 ortus
564 1960 683 1984 eorum
710 1952 906 1985 continetur
930 1955 964 1985 et
989 1950 1077 1984 finis.
1129 1950 1339 1985 Convocatis
1366 1951 1474 1995 igitur

79 2015 204 2049 vicinis
231 2016 452 2059 coepiscopis
477 2015 555 2059 ipse
578 2016 676 2059 prior
701 2019 819 2050 terrae
844 2016 964 2050 fossor
987 2017 1140 2050 accessit
1165 2019 1199 2050 et
1214 2017 1341 2056 omnia,
1368 2019 1473 2059 prout

80 2079 220 2114 dixerat
254 2079 324 2113 sibi
358 2078 505 2121 Paulus,
548 2080 681 2114 invenit
721 2084 756 2114 et
786 2080 870 2114 licet
901 2081 974 2125 Jam
1012 2081 1164 2115 trecenti·
1196 2081 1278 2113 anni
1313 2084 1348 2113 et
1380 2079 1472 2113 ultra

79 2145 282 2187 fluxissent,
315 2146 366 2179 ita
396 2149 513 2180 tamen
545 2154 696 2190 corpora
719 2155 837 2179 eorum
863 2149 943 2179 sunt
967 2149 1127 2189 reperta,
1162 2154 1202 2178 ac
1225 2145 1257 2178 si
1280 2145 1360 2189 ipsa
1382 2143 1473 2184 hora

81 2210 208 2246 ibidem
232 2211 385 2246 fuissent
406 2211 575 2256 reposita.
622 2209 770 2256 Insuper
794 2221 877 2245 vero
903 2210 992 2245 odor
1015 2211 1244 2256 suavissimus
1275 2214 1310 2244 et
1341 2209 1471 2244 nobilis

81 2276 164 2310 inde
195 2276 396 2322 fragrabat,
428 2277 554 2311 caecus
590 2280 704 2311 autem
729 2275 870 2322 quidam
892 2281 1042 2321 tangens
1068 2276 1233 2310 feretrum
1257 2274 1472 2309 illuminatus

83 2346 138 2376 est
172 2345 207 2376 et
239 2340 337 2375 multi
365 2341 430 2375 alii
452 2343 585 2377 meritis
610 2352 729 2377 eorum
752 2344 864 2376 curati
888 2346 977 2377 sunt.
1026 2340 1064 2376 In
1087 2340 1210 2375 horum
1237 2339 1472 2374 sollemnitate

82 2417 153 2452 pax
177 2408 267 2441 inter
290 2405 549 2452 Longobardos
575 2411 609 2441 et
632 2407 820 2442 Romanum
845 2409 1024 2451 imperium
1047 2406 1238 2441 reformata
1261 2405 1326 2438 suit
1344 2407 1379 2439 et
1392 2403 1472 2438 ideo

84 2471 281 2518 Gregorius
308 2481 420 2516 papa:
447 2471 612 2516 loquetur
638 2471 798 2506 dominus
827 2482 948 2516 paoem
975 2473 1011 2504 in
1036 2470 1174 2516 plebem
1201 2480 1298 2504 suam
1328 2455 1416 2512 ete.,⁸
1437 2470 1472 2503 in

84 2539 229 2588 introitu
252 2538 382 2572 missae
411 2538 546 2571 cantari
571 2538 734 2580 instituit,
761 2537 851 2572 unde
880 2540 915 2571 et
939 2534 1056 2570 officia
1080 2535 1208 2580 partim
1232 2535 1364 2569 sanctis
1391 2543 1473 2568 con-

154 2682 180 2715 l)
199 2681 254 2711 Ed.
271 2685 315 2710 Pr.
338 2682 415 2708 male
434 2680 519 2713 legit:
541 2679 863 2714 quingentesimo
884 2683 1030 2712 quarto.
1134 2679 1162 2712 2)
1182 2677 1242 2705 Alii
1258 2678 1431 2713 jejuniis.

1109 2733 1153 2769 23
1176 2732 1196 2755 *
