1742 3005
353 106 447 156 Cap.
481 105 593 144 CLII.
650 105 709 144 De
739 112 869 143 sancta
897 106 1030 143 Thaisi
1059 108 1271 145 meretrice.
1422 106 1502 146 677

121 211 284 246 continue
312 214 348 246 et
373 211 634 256 inculpabiliter
659 213 885 254 ministraret,
918 210 1090 256 dyabolus
1119 212 1151 246 ei
1177 210 1336 246 invidens
1361 210 1506 254 studuit,

120 277 272 322 qualiter
302 287 507 322 prosperum
546 279 622 323 ejus
656 288 790 312 cursum
827 277 967 322 objectu
1002 278 1155 311 criminis
1180 276 1375 321 impediret.
1421 275 1507 311 Nam

119 352 219 376 unam
252 344 442 388 virginem,
483 353 573 388 quae
608 353 694 388 prae
729 342 863 377 foribus
901 346 996 384 erat,
1030 344 1064 376 in
1099 342 1307 377 adulterium
1339 344 1447 376 traxit
1472 346 1507 378 et

117 396 453 443 tumescente-utero
479 418 553 442 cum
573 409 646 453 Jam
673 409 779 443 celari
805 419 872 442 non
898 411 1035 452 posset,
1062 411 1180 442 tantus
1204 407 1320 452 pudor
1344 412 1378 443 et
1404 407 1506 443 dolor

117 484 237 508 omncs
261 475 417 519 virgines
444 477 479 508 et
503 473 692 508 monachos
717 474 897 517 utriusque
915 474 1118 506 monasterii
1137 475 1385 515 consternavit,
1412 473 1505 519 quod

116 539 214 574 solus
249 538 415 584 Pelagius
449 542 570 582 utpote
604 547 721 572 earum
755 537 938 571 familiaris
967 540 1070 582 atque
1096 539 1320 581 praepositus
1347 539 1423 572 sine
1443 540 1502 583 ju—

117 604 207 639 dicio
243 608 277 639 et
310 604 565 638 examinatione
601 602 644 637 ab
679 602 836 636 omnibus
864 602 1176 645 condemnaretur,
1209 603 1267 648 qui
1297 601 1394 637 foras
1429 613 1505 638 cum

114 670 306 715 ignominia
337 668 481 713 pellitur
513 672 547 703 et
581 669 617 702 in
650 667 801 714 quodam
835 669 932 712 rupis
967 679 1073 713 specu
1108 667 1322 710 recluditur,
1364 668 1503 714 sibique

112 733 357 768 monachorum
391 735 636 769 severissimus
669 733 877 778 deputatur,
923 735 981 778 qui
1013 734 1082 768 sibi
1116 743 1239 778 panem
1270 733 1502 769 hordeaceum

112 803 147 834 ct
164 809 288 845 aquam
308 800 512 834 tenuissime
530 801 754 833 ministraret.
806 797 938 839 Quibus
955 801 1066 844 gestis
1093 798 1254 834 monachi
1280 803 1502 834 recesserunt

111 868 147 900 et
181 864 292 899 solum
329 865 378 899 ibi
402 864 583 910 Pelagium
610 865 836 909 reliquerunt.
885 864 931 899 At
965 864 1023 898 ille
1050 866 1165 899 omnia
1192 866 1367 909 patienter
1391 866 1499 899 susti-

111 940 197 965 nens
224 932 258 964 in
283 930 378 964 nullo
404 931 564 964 turbatus
595 929 678 972 suit,
713 928 775 963 sed
809 931 944 974 gratias
980 939 1119 974 semper
1147 929 1222 963 Deo
1254 929 1410 964 reserens
1436 940 1501 974 per

110 999 308 1031 sanctorum
350 995 510 1040 exempla
542 1006 581 1030 se
614 996 776 1029 continue
811 994 1045 1029 confortabat.
1095 994 1250 1029 Tandem
1289 1006 1363 1030 cum
1398 996 1499 1030 tinem

110 1072 208 1096 suum
234 1061 362 1096 adesse
387 1061 636 1106 cognovisset,
663 1059 783 1094 abbati
810 1064 843 1094 et
870 1060 1048 1094 monachis
1075 1071 1138 1105 per
1161 1061 1297 1096 litteras
1324 1063 1376 1096 sie
1401 1072 1497 1096 man-

112 1126 226 1160 davit:
258 1125 370 1160 nobili
406 1130 483 1159 orta
513 1136 644 1172 genere
669 1124 868 1171 Margarita
893 1127 925 1159 in
951 1126 1093 1160 saeculo
1124 1127 1217 1161 (licta
1243 1128 1304 1169 sui,
1333 1136 1434 1171 quae,
1461 1132 1499 1161 ut

106 1190 256 1237 pelagus
286 1191 513 1225 tentationum
546 1192 750 1233 transirem,
786 1190 952 1236 Pelagius
979 1191 1062 1224 mihi
1088 1202 1211 1226 nomen
1238 1194 1408 1237 imposui3
1445 1194 1498 1227 vir

107 1266 181 1290 sum
210 1266 279 1290 non
315 1267 379 1301 pro
414 1256 620 1301 deceptione
645 1258 807 1298 mentita,
842 1256 934 1301 quod
969 1256 1070 1290 sactis
1099 1257 1255 1300 ostendi3
1287 1257 1330 1292 dc
1354 1259 1496 1293 crimine

109 1322 268 1356 virtutem
289 1321 437 1364 obtinui,
464 1323 714 1367 poenitentiam
734 1323 790 1367 egi
812 1323 991 1366 innocens,
1016 1326 1049 1357 et
1064 1323 1136 1367 jam
1156 1333 1300 1368 quaeso,
1317 1327 1366 1365 ut,
1394 1333 1495 1368 quam

107 1387 174 1421 viri
206 1387 368 1421 seminam
400 1389 617 1429 nescierunt,
652 1391 795 1421 sanctae
826 1398 966 1422 sorores
1001 1388 1175 1432 sepeliant
1209 1393 1242 1423 et
1267 1390 1313 1422 sit
1338 1389 1495 1432 expiatio

107 1453 275 1494 viventis,
322 1453 478 1486 ostensio
515 1453 714 1494 morientis,
756 1455 793 1486 ut
833 1452 981 1487 feminae
1026 1454 1192 1498 virginem
1226 1458 1494 1499 recognoscant,

106 1526 208 1562 quam
233 1517 503 1552 calumniatores
527 1517 721 1551 adulterum
746 1517 967 1562 judicabant.
1015 1517 1074 1552 His
1100 1518 1229 1552 auditis
1256 1518 1435 1552 monacbis
1462 1523 1496 1553 et

106 1582 430 1617 sanctimonialibus
447 1582 490 1616 ad
512 1582 711 1627 speluncam
732 1582 952 1617 currentibus
968 1581 1134 1628 Pelagius
1152 1593 1172 1617 a
1191 1583 1327 1617 seminis
1355 1583 1494 1626 semina,

107 1648 208 1692 virgo
235 1648 366 1682 intaeta
391 1649 617 1694 cognoscitur
650 1651 684 1682 et
709 1649 842 1682 cunctis
869 1648 1119 1691 poenitentiam
1147 1648 1333 1694 agentibus
1362 1650 1394 1682 in
1422 1659 1494 1682 mo-

106 1714 261 1747 nasterio
288 1714 458 1760 virginum
489 1712 679 1748 honorilice
707 1712 936 1758 sepelitur¹).

575 2032 701 2097 cAP.
737 2032 860 2097 cni.
896 2031 1043 2095 (147.)

275 2131 376 2174 De
408 2130 632 2173 sancta
664 2128 938 2174 2ὶΤίιειίεἰ
966 2126 1326 2172 :flueren-ine.

197 2238 343 2274 Thaisis
371 2240 558 2280 meretriX‚
590 2242 628 2272 ut
652 2239 686 2271 in
711 2238 790 2271 vitis
816 2240 950 2281 patrum
976 2235 1124 2281 legitur,
1157 2238 1275 2269 tantae
1301 2232 1493 2278 pulchritu-

107 2304 200 2339 dinis
218 2304 364 2346 exstitit,
384 2307 421 2337 ut
438 2303 532 2336 multi
553 2307 698 2348 propter
713 2312 788 2337 eam
808 2301 958 2336 venditis
971 2300 1180 2335 substantiis
1202 2301 1275 2334 suis
1287 2299 1331 2333 ad
1344 2299 1493 2333 ultimam

109 2372 349 2413 paupertatem
384 2367 606 2410 devenirent,
639 2367 702 2402 sed
737 2370 911 2401 amatores
944 2367 998 2400 sui
1032 2376 1117 2411 prae
1150 2365 1226 2399 zelo
1257 2363 1378 2399 litibus
1407 2364 1497 2397 inter

110 2443 148 2468 se
175 2434 348 2467 consertis
383 2432 584 2478 frequenter
607 2433 745 2478 puellae
771 2432 889 2465 limina
915 2432 1086 2477 sanguine
1107 2432 1272 2476 juvenum
1300 2427 1495 2473 replebant.

110 2497 212 2538 Quod
230 2508 303 2532 cum
323 2497 495 2532 audiisset
513 2497 626 2532 abhas
654 2496 884 2540 ³)Pafuntius,
910 2500 1022 2531 sumto
1043 2495 1165 2530 habitu
1190 2494 1342 2529 seculari
1369 2497 1404 2528 et
1429 2504 1495 2528 uno

178 2619 207 2650 1)
226 2621 295 2645 Reo.
315 2615 763 2649 add==11t2Finit1ege11da
788 2614 832 2641 de
860 2614 982 2649 prima
1000 2611 1236 2640 seminarum
1257 2613 1496 2640 Antioohiae

113 2660 674 2689 civitatis‘abundantissima
698 2660 852 2686 tandem
886 2657 1068 2691 Pelagius
1095 2657 1307 2692 appellata.
1393 2659 1421 2691 2)
1441 2660 1497 2685 Re-

113 2706 262 2735 centiores
282 2706 399 2740 legunt:
425 2705 576 2733 Thaide
604 2715 622 2739 q
633 2704 799 2732 nondam
824 2713 910 2731 mer⁴
1013 2703 1041 2735 3)
1060 2701 1134 2729 Alii:
1154 2700 1402 2730 l'aufuntius.
