1742 3005
409 85 506 135 Cap.
539 84 746 123 CLXVHL
815 85 874 123 De
905 93 1033 123 sancta
1064 85 1277 125 Elizabeth.
1456 88 1536 127 755

148 190 300 235 gratiam
339 189 555 234 impetraret.
602 190 638 225 In
672 194 774 225 nocte
807 191 851 225 ad
886 193 1079 226 orationem
1112 202 1222 236 saepe
1255 191 1444 238 surgebat,
1474 205 1532 228 ro-

147 259 255 301 gante
282 265 357 290 eam
383 258 526 298 marito,
552 260 590 290 ut
615 256 685 290 sibi
709 261 872 301 parceret
895 261 929 292 et
954 258 1063 302 quieti
1089 257 1196 291 alicui
1221 267 1347 302 corpus
1373 258 1531 295 donaret.

148 320 336 355 Ordinavit
368 325 481 356 autem
521 332 595 356 cum
631 322 778 367 quadam
814 321 999 356 domicella
1025 322 1093 356 sibi
1117 324 1210 357 inter
1234 329 1395 358 caeteras
1419 327 1533 371 magis

148 386 325 428 familiari,
351 391 403 429 ut,
428 389 459 421 si
485 387 575 422 sorte
600 398 720 422 somno
747 387 916 431 depressa
941 398 1009 420 non
1037 393 1209 433 surgeret,
1238 399 1312 423 eam
1338 391 1428 434 pede
1452 395 1531 425 tan-

147 462 235 498 gens
271 454 453 486 excitaret.
503 453 658 492 Quadam
693 463 775 486 vero
809 453 885 486 vice
920 452 1041 496 pedem
1065 452 1225 488 dominae
1250 458 1396 500 tangere
1424 457 1533 491 voluit

147 521 183 552 et
206 527 290 552 casu
315 519 349 551 in
374 517 497 562 pedem
522 519 637 551 mariti
667 518 825 561 impegit,
852 518 908 560 qui
934 516 1050 550 subito
1076 519 1247 552 excitatus
1274 529 1356 561 rem,
1382 525 1420 553 ut
1444 527 1531 563 erat,

148 582 271 617 didicit
299 586 334 616 et
359 584 532 626 patienter
556 582 727 616 sufferens
754 581 945 626 prudenter
979 582 1222 617 dissimulavit.
1269 583 1314 618 Et
1338 589 1375 619 ut
1399 589 1532 620 oratio-

145 658 223 682 num
250 657 388 681 suarum
414 647 487 681 Deo
514 649 642 693 pingue
669 647 832 682 redderet
865 647 1094 691 sacrificium,
1130 659 1238 694 saepe
1266 651 1377 694 ipsum
1403 654 1531 699 irriga-

144 712 207 747 bat
228 712 445 747 abundantia
461 712 709 758 lacrymarum3
738 723 825 758 quas
845 713 983 758 quidem
1005 714 1177 758 lacrymas
1197 715 1531 762 sundebatjucunde

143 783 181 814 et
213 779 288 813 sine
322 779 443 823 aliqua
470 778 643 812 indecenti
682 779 797 814 vultus
824 781 1096 823 permutatione,
1132 781 1182 814 ita
1215 786 1251 815 ut
1287 792 1425 827 semper
1457 796 1531 820 cum

145 843 267 882 dolore
294 844 394 878 fleret
420 848 454 878 ct
479 844 521 878 de
549 844 670 878 dolore
698 844 871 890 gauderet
903 849 937 879 et
971 844 1038 878 hoc
1072 845 1220 890 quadam
1256 847 1369 882 vultus
1395 850 1532 885 laetitia

146 914 359 945 venustaret.
401 909 538 944 Tantae
564 909 749 943 humilitati
775 920 813 943 se
847 910 1016 954 subjecit.
1051 914 1088 943 ut
1119 916 1263 955 propter
1287 912 1351 947 Dei
1380 924 1532 950 amorem

144 975 231 1009 vilia
256 979 291 1009 et
315 975 455 1020 abJecta
481 986 548 1009 non
576 979 757 1019 sperneret
783 978 817 1009 et
837 975 904 1008 hoc
921 985 994 1008 cum
1013 975 1198 1011 devotione
1217 979 1322 1012 nimia
1339 987 1529 1017 exerceret.

145 1039 232 1074 Nam
258 1039 424 1074 infirmum
450 1039 621 1084 quendam
647 1040 742 1073 vultu
770 1039 982 1083 deformem,
1013 1043 1139 1085 capitis
1168 1042 1304 1078 foetore
1329 1044 1531 1082 horribilem

145 1109 181 1141 in
213 1108 291 1140 sinu
325 1107 469 1150 proprio
501 1106 688 1140 reclinavit
719 1110 752 1139 et
788 1105 965 1139 horridum
993 1108 1120 1141 crinem
1149 1107 1298 1142 tondens
1325 1111 1401 1154 ejus
1428 1117 1533 1156 caput

144 1172 282 1206 ancillis
308 1170 502 1205 ridentibus
529 1171 627 1207 lavit.
673 1171 711 1205 ln
736 1171 982 1216 rogationibus
1014 1182 1152 1217 semper
1180 1176 1442 1218 processionem
1466 1188 1529 1212 nu-

145 1237 200 1272 dis
233 1237 382 1282 pedibus
417 1236 541 1271 induta
574 1237 686 1271 laneis
718 1236 932 1282 sequebatur
957 1241 992 1271 et
1018 1239 1052 1271 in
1078 1239 1377 1283 praedicationum
1405 1246 1531 1277 statio-

144 1305 247 1340 nibus
279 1306 370 1339 inter
400 1303 633 1348 pauperculas
664 1306 838 1347 tamquam
870 1312 1006 1347 pauper
1032 1307 1066 1337 et
1094 1304 1234 1339 humilis
1270 1306 1465 1351 residebat,
1499 1311 1533 1344 in

145 1370 388 1417 purificatione
409 1373 488 1414 post
506 1372 642 1413 partum
661 1378 879 1413 nequaquam
901 1379 940 1403 se
965 1373 1002 1402 ut
1027 1373 1190 1404 caeterae
1214 1374 1359 1415 gemmis
1386 1374 1534 1409 ornabat

145 1436 201 1471 vel
234 1436 391 1470 vestibus
425 1434 605 1469 deauratis
647 1434 812 1479 tegebat,
855 1434 919 1468 sed
964 1435 1122 1480 exemplo
1162 1437 1389 1472 intemeratae
1428 1450 1533 1483 puer-

144 1510 254 1547 perae
278 1500 383 1534 tilium
417 1501 570 1544 propriis
604 1504 750 1545 gestans
784 1501 819 1533 in
844 1500 934 1533 ulnis
969 1501 1080 1544 ipsum
1114 1501 1158 1535 ad
1191 1502 1303 1536 altare
1337 1514 1411 1537 cum
1437 1515 1530 1550 agno

145 1571 181 1602 et
209 1566 360 1601 candela
392 1565 568 1600 humiliter
603 1564 796 1607 offerebat,
833 1569 869 1599 ut
905 1575 948 1599 ex
982 1565 1037 1600 his
1070 1571 1104 1601 et
1128 1567 1239 1601 seculi
1263 1578 1422 1613 pompam
1449 1581 1532 1605 con-

137 1632 362 1668 temnendam
410 1630 614 1666 ostenderet
661 1634 695 1665 et
741 1641 780 1665 sc
827 1631 986 1665 illibatae
1040 1643 1238 1677 puerperae
1283 1634 1531 1673 conformaret.

142 1698 278 1734 Deinde
304 1698 440 1732 domum
467 1696 607 1732 rediens
639 1697 847 1731 vestimenta
878 1698 975 1740 ipsa,
1008 1708 1084 1731 eum
1115 1699 1239 1744 quibus
1272 1700 1317 1734 ad
1347 1701 1532 1736 ecclesiam

142 1767 387 1809 processerat,
423 1763 529 1797 alicui
561 1763 709 1807 pauperi
743 1762 879 1796 mulieri
909 1762 1100 1799 tribuebat.
1147 1764 1285 1798 Accidit
1322 1777 1461 1810 quoque
1488 1770 1532 1804 ad

142 1839 229 1865 suae
261 1829 467 1863 humilitatis
506 1829 748 1872 praeconium,
787 1827 879 1873 quod
922 1830 1001 1872 ipsa
1044 1828 1209 1864 libertate
1249 1832 1467 1875 praecellens
1498 1838 1533 1868 et

141 1895 315 1941 dignitate
340 1894 498 1929 sublimis
527 1893 708 1938 quusdam
734 1894 811 1936 viri,
840 1893 978 1928 scilieet
1000 1896 1161 1940 magistri
1186 1896 1339 1930 Conradi
1363 1900 1531 1943 pauperis

143 1964 179 1996 et
213 1960 361 2003 medici,
400 1959 465 1995 sed
497 1964 614 1994 tamen
644 1960 792 1994 scientia
825 1963 860 1993 et
890 1959 1064 2005 religione
1094 1963 1286 2006 praecipui,
1319 1963 1417 1998 salvo
1450 1966 1531 2010 jure

142 2027 355 2063 matrimonii
389 2029 425 2059 et
454 2026 696 2060 consentiente
729 2026 867 2066 marito,
903 2024 1128 2060 obedientiae
1163 2027 1255 2061 adeo
1289 2038 1327 2062 se
1365 2029 1530 2074 subjecit,

142 2094 200 2133 ut,
225 2089 394 2136 quidquid
420 2091 660 2134 praeciperet,
686 2091 766 2133 ipsa
789 2099 863 2123 cum
889 2092 1088 2124 reverentia
1114 2095 1148 2125 et
1174 2092 1280 2126 multo
1308 2094 1440 2138 gaudio
1466 2095 1528 2128 ad-

143 2156 325 2201 impleret,
361 2159 398 2189 ut
422 2165 466 2191 ex
489 2154 558 2189 hoc
583 2153 805 2189 obedientiae
831 2155 1028 2199 perciperet
1052 2157 1210 2190 meritum
1247 2161 1280 2191 et
1305 2157 1433 2193 domini
1459 2160 1532 2194 sal-

142 2223 299 2265 vatoris,
339 2222 400 2267 qui
446 2221 561 2255 factus
603 2223 657 2254 est
697 2219 866 2254 obediens
904 2231 1015 2265 usque
1053 2221 1098 2255 ad
1130 2228 1295 2265 mortem,
1338 2225 1533 2260 imitaretur

126 2287 352 2333 -exemplum.
398 2286 556 2327 Quadam
591 2289 706 2320 autem
739 2287 817 2320 vice
853 2285 900 2320 ad
933 2285 1106 2331 quandam
1143 2288 1444 2332 praedicationem
1485 2290 1529 2325 ab

144 2355 224 2398 ipso
257 2358 405 2394 vocata,
445 2353 716 2398 superveniente
749 2351 1004 2386 marchionissa
1036 2352 1230 2388 Misenensi
1264 2355 1431 2399 impedita
1462 2366 1531 2389 non

145 2419 251 2453 venit.
301 2417 402 2457 Quod
425 2417 487 2452 ille
511 2427 620 2463 aegre
646 2417 764 2452 serens
796 2421 928 2452 tantam
963 2419 1039 2463 ejus
1074 2419 1345 2454 inobedientiam
1370 2419 1532 2455 relaxare

145 2483 279 2526 noluit,
316 2482 427 2517 donec
459 2492 570 2527 usque
603 2482 649 2516 ad
674 2484 851 2517 camisiam
877 2483 1110 2528 exspoliatam
1133 2494 1208 2518 cum
1234 2485 1446 2529 quibusdam.
1466 2496 1529 2522 an-

130 2549 238 2585 *cillis
262 2549 358 2591 suiS‚
395 2557 485 2593 quae
511 2547 706 2592 culpabiles
732 2548 890 2590 fuerant,
928 2548 1067 2583 sortiter
1099 2549 1279 2584 verberari
1313 2550 1406 2585 feeit.
1456 2551 1531 2587 Sibi

148 2625 286 2660 quoque
309 2618 440 2649 tantam
466 2613 714 2648 abstinentiam
740 2617 774 2647 et
798 2614 951 2658 rigorem
980 2614 1192 2659 imponebat,
1218 2619 1255 2649 ut
1281 2626 1407 2662 corpus
1433 2628 1532 2652 suum

149 2680 305 2726 vigitiis,
343 2679 539 2724 disciplims
577 2682 611 2714 et
642 2679 789 2724 JeJuniis
814 2682 1018 2715 maceraret.
1066 2678 1151 2715 Nam
1186 2690 1341 2726 saepeaea
1364 2684 1429 2721 viri
1453 2687 1531 2719 toro

1175 2744 1252 2781 48*
