1742 3005
347 68 438 118 Cap.
468 68 639 105 cxxiii.
701 69 757 107 Dc
795 75 922 106 sancto
953 68 1237 106 Bai-tholomeo.
1408 70 1485 109 541

100 173 192 209 tibus
212 172 349 218 plenum
365 176 460 208 esset
480 178 513 209 et
541 173 792 220 ¹)quotidiants
815 173 1131 211 sacrificationibus
1152 185 1214 219 pro
1229 174 1372 211 infirmis
1384 177 1487 212 etiam

99 250 141 274 ex
161 239 364 285 longinquis
385 239 589 285 regionibus
608 239 768 274 adductis
789 239 918 274 nullum
937 239 981 275 ab
1001 239 1108 285 ydolo
1129 249 1335 285 responsum
1356 240 1488 277 habere

98 308 255 350 possent,
275 304 318 338 ad
329 304 431 338 aliam
443 306 617 339 civitatem
630 309 869 350 perrexerunt,
895 305 954 339 ubi
967 304 1209 350 aliudydolum
1219 308 1356 341 nomine
1367 305 1488 342 Berith

97 370 298 413 colebatur,
335 373 369 405 ct
405 370 726 416 interrogantibus,
767 379 828 404 cur
865 369 934 404 sibi
967 370 1142 404 Ascaroth
1178 381 1385 415 responsum
1419 358 1488 407 non

100 437 217 480 daret,
244 436 426 481 respondit
450 435 587 470 Beritli:
620 436 712 470 Deus
748 440 868 470 noster
897 421 1029 470 eatenis
1056 436 1171 480 igneis
1199 439 1253 469 est
1279 439 1488 472 constrictus

99 513 163 538 nee
195 503 372 546 respirare
409 510 471 535 nec
508 500 603 545 loqui
636 499 742 534 audet
777 511 818 534 ex
855 501 916 534 illa
952 499 1059 543 hora,
1102 510 1170 545 qua
1203 501 1386 544 apostolus
1424 502 1487 537 Dei

99 568 365 603 Bartholomeus
391 567 572 610 ingressus
599 569 665 602 est.
712 565 839 599 Dicunt
865 565 932 599 illi:
966 570 999 600 et
1024 567 1101 610 quis
1128 571 1181 600 est
1207 567 1272 600 iste
1297 565 1485 602 Bartholo-

100 634 225 669 meus‘?
271 631 314 666 Et
347 631 512 665 daemon:
547 632 677 664 amicus
713 634 766 665 est
800 630 862 666 Dei
892 632 1138 676 omnipotentis
1166 636 1199 666 et
1225 632 1304 666 ideo
1336 635 1428 668 venit
1454 636 1487 668 in

100 702 200 733 istam
235 697 467 742 provinciam,
513 700 550 731 ut
584 707 703 731 omnes
739 697 832 731 Deos
879 697 998 732 Indiae
1035 702 1191 732 evacuet.
1240 697 1284 732 Et
1317 699 1388 733 illi:
1432 700 1487 734 dic

98 765 199 799 nobis
226 765 329 809 signa
355 763 452 807 ejus,
488 766 524 797 ut
561 772 633 796 euin
662 764 817 797 invenire
847 764 1033 808 possimus.
1085 763 1217 803 Quibus
1243 763 1389 798 daemon
1416 767 1486 799 ait:

99 830 218 875 capilli
254 830 331 874 ejus
372 829 479 873 crispi
514 832 549 862 et
581 829 694 874 nigri,
729 838 811 862 caro
848 828 1016 871 candida,
1053 829 1143 862 oculi
1172 829 1348 873 grandes,
1385 840 1488 865 nares

99 894 267 940 aequales
297 897 330 929 et
355 893 532 935 directae,
570 893 681 928 barba
707 895 845 938 prolixa
869 893 1003 928 liabens
1029 904 1161 938 paucos
1188 904 1318 937 canus,
1352 899 1488 930 statura

99 961 282 1007 aequalis,
317 959 469 994 collobio
507 959 588 993 albo
623 959 758 993 clavato
795 969 949 1004 purpura
983 961 1148 1001 vestitur,
1189 961 1344 995 induitur
1378 961 1486 1005 pallio

98 1027 192 1069 albo,
220 1025 312 1072 quod
339 1036 402 1071 per
426 1025 585 1071 singulos
611 1025 760 1071 angulos
786 1036 941 1071 geminas
972 1025 1077 1059 habet
1097 1037 1303 1070 purpureas.
1354 1027 1486 1073 Viginti

99 1104 161 1129 sex
188 1094 267 1127 anui
293 1095 394 1134 sunt,
422 1102 463 1126 ex
493 1101 561 1136 quo
589 1095 705 1126 vestes
732 1096 765 1125 et
792 1091 953 1125 sandalia
982 1092 1057 1136 ejus
1084 1102 1145 1125 nec
1174 1096 1398 1126 veterascunt
1424 1104 1486 1128 nec

96 1157 343 1199 sordidantur,
380 1159 510 1192 centies
546 1157 645 1191 flexis
682 1157 832 1203 genibus
868 1169 930 1202 per
963 1157 1050 1192 diem
1086 1162 1163 1191 orat
1199 1162 1232 1191 et
1265 1160 1396 1192 centies
1425 1169 1487 1204 pei·

97 1228 244 1266 noctem,
277 1223 394 1269 angeli
428 1234 502 1257 cum
532 1234 572 1258 eo
609 1223 806 1265 ambulant,
841 1225 898 1269 qui
933 1233 1106 1268 nunquam
1142 1234 1216 1258 euni
1255 1223 1398 1270 fatigari
1423 1235 1485 1259 nee

97 1292 232 1326 esurire
258 1290 473 1334 permittunt.
521 1289 666 1333 Semper
691 1289 811 1323 eodem
841 1289 935 1323 vultu
961 1293 994 1323 et
1019 1291 1132 1323 animo
1158 1289 1272 1323 laetus
1299 1293 1333 1324 et
1362 1289 1486 1325 hilaris

97 1359 311 1401 perseverat,
337 1356 453 1388 omnia
478 1354 679 1399 praevidet,
707 1356 821 1389 omnia
846 1356 964 1396 novit,
993 1356 1141 1389 onmium
1167 1357 1319 1400 gentium
1345 1355 1486 1402 linguas

97 1423 194 1456 novit
220 1425 254 1455 et
288 1420 472 1466 intelligit,
504 1426 537 1455 et
574 1420 665 1466 quod
699 1421 876 1455 vobiscum
909 1421 1055 1466 loquor,
1100 1423 1175 1465 ipse
1216 1422 1288 1465 jam
1322 1423 1420 1454 novit
1453 1425 1487 1455 et

96 1486 236 1533 quando
273 1488 443 1531 quaeritis
478 1497 573 1528 euin,
611 1488 640 1520 si
678 1487 771 1529 vult,
809 1486 971 1521 ostendet
1006 1496 1043 1520 se
1069 1486 1188 1527 vobis,
1221 1487 1251 1519 si
1278 1490 1391 1520 autem
1418 1497 1485 1520 non

98 1553 191 1595 vult,
226 1562 302 1587 eum
326 1563 394 1586 non
421 1554 582 1597 poteritis
612 1553 777 1587 invenire.
826 1552 927 1598 Rogo
953 1556 1065 1585 autem
1096 1562 1179 1593 vos,
1217 1556 1271 1594 ut,
1309 1562 1383 1586 cuin
1410 1563 1485 1586 euni

97 1619 321 1661 inveneritis,
356 1620 490 1664 rogetis
518 1629 612 1660 euni,
645 1629 688 1653 ne
722 1618 787 1652 huc
822 1620 957 1660 veniat,
993 1630 1034 1654 ne
1063 1619 1181 1665 angeli
1219 1619 1272 1652 sui
1308 1617 1374 1651 hoc
1402 1618 1485 1652 mihi

97 1684 250 1727 saciant,
286 1683 377 1730 quod
409 1694 484 1719 meo
511 1685 609 1718 socio
632 1684 707 1729 jam
733 1685 900 1720 fecerunt.
951 1685 1033 1719 Cum
1064 1686 1172 1731 igitur
1203 1695 1265 1729 per
1294 1684 1381 1719 duos
1409 1684 1485 1719 dies

95 1750 249 1784 sollicite
275 1753 484 1795 quaerentes
521 1761 595 1785 eum
625 1752 762 1786 minime
796 1752 1031 1793 invenissent,
1068 1750 1216 1796 quadam
1252 1751 1308 1786 die.
1344 1750 1484 1796 quidam

94 1814 342 1850 daemoniacus
367 1816 574 1850 exclamavit
607 1815 744 1851 dicens:
780 1816 942 1861 apostole
968 1816 1034 1852 Dei
1066 1816 1333 1859 Bartlioloniee,
1366 1818 1484 1851 incen-

94 1879 180 1915 dunt
214 1890 268 1915 me
301 1882 480 1916 orationes
517 1886 610 1916 tuae.
661 1882 724 1916 Cui
759 1882 962 1928 apostolus:
999 1883 1203 1917 obinutesce
1237 1887 1272 1917 et
1307 1884 1363 1917 exi
1388 1882 1484 1917 foras

94 1945 138 1980 ab
165 1956 221 1981 eo.
268 1946 312 1981 Et
335 1948 452 1980 statim
479 1951 533 1981 est
558 1947 740 1982 liberatus.
791 1948 890 1988 Quod
925 1947 1071 1983 audiens
1106 1959 1168 1983 rex
1201 1950 1358 1994 regionis
1390 1948 1485 1982 illius

94 2009 289 2052 Polemius‚
324 2021 400 2044 eum
427 2011 576 2046 haberet
603 2012 706 2046 filiam
741 2013 955 2055 lunaticam,
988 2015 1082 2047 misit
1115 2013 1158 2047 ad
1199 2014 1396 2057 apostolum
1428 2024 1485 2047 ro-

95 2085 207 2121 gans,
245 2079 283 2109 ut
313 2074 359 2109 ad
390 2085 428 2110 se
461 2078 597 2110 veniret
627 2082 662 2111 et
696 2077 799 2110 liliam
837 2088 933 2111 suam
971 2082 1125 2111 sanaret.
1185 2077 1238 2111 Ad
1278 2089 1378 2123 quem
1410 2089 1484 2112 cuin

94 2140 278 2186 apostolus
305 2141 459 2176 venisset
485 2145 519 2175 et
544 2151 618 2176 eam
645 2143 779 2176 eatenis
806 2141 951 2188 ligatam
977 2142 1133 2185 videret,
1168 2144 1251 2188 quia
1277 2143 1484 2178 accedentes

94 2208 268 2242 morsibus
294 2207 486 2250 lacerabat,
509 2208 620 2253 jiissit
638 2217 712 2242 eam
737 2207 841 2250 solvi,
871 2212 906 2243 et
931 2218 1004 2243 cum
1030 2209 1179 2243 ministri
1205 2208 1250 2243 ad
1279 2219 1354 2244 eam
1380 2219 1482 2244 acee-

94 2273 178 2308 dere
205 2283 274 2308 non
302 2273 493 2316 auderent,
527 2273 634 2308 dixit:
662 2284 729 2320 ego
755 2273 995 2316 daemonium,
1031 2274 1124 2320 quod
1152 2277 1185 2309 in
1215 2285 1257 2310 ea
1285 2278 1382 2317 erat,
1410 2276 1484 2320 Jani

93 2339 238 2384 ligatum
253 2342 368 2381 teneo,
394 2343 430 2374 et
449 2349 510 2373 vos
536 2340 692 2374 timetis?
738 2338 783 2374 Et
808 2340 924 2374 soluta
948 2341 1063 2374 statim
1089 2339 1338 2389 liberatayest.
1387 2339 1485 2374 Tunc

95 2415 155 2439 rex
186 2403 340 2439 camelos
374 2414 460 2438 auro
498 2407 533 2439 et
567 2409 714 2450 argento
753 2409 787 2439 et
819 2405 997 2450 lapidibus
1038 2406 1204 2450 pretiosis
1248 2406 1409 2440 oneravit
1450 2409 1485 2440 et

93 2469 291 2514 apostolum
324 2471 453 2515 inquiri
484 2469 619 2504 fac-iens
652 2469 851 2505 nullatenus
884 2471 1039 2505 invenire
1065 2472 1189 2515 potuit.
1237 2470 1344 2506 Mane
1370 2474 1482 2506 autem

93 2537 252 2581 sequenti
285 2545 460 2580 apparens
495 2535 678 2580 apostolus
711 2545 786 2570 eum
819 2535 897 2570 solo
932 2546 1017 2581 rege
1054 2537 1087 2570 in
1119 2536 1281 2571 cubiculo
1318 2537 1407 2572 dixit
1432 2538 1482 2572 ei:

96 2599 181 2643 “lad
207 2600 290 2646 quid
317 2611 369 2637 me
393 2611 467 2635 cum
493 2610 578 2635 auro
613 2604 646 2635 et
670 2605 818 2648 argento
846 2605 881 2636 ct
905 2601 1083 2648 lapidibus
1117 2603 1284 2647 pretiosis
1316 2607 1392 2638 tota
1425 2602 1482 2637 die

160 2679 186 2711 1)
206 2678 257 2706 l'Cnl,
278 2683 321 2707 l'r.
342 2680 434 2707 verba
462 2679 594 2714 quoiid
609 2679 665 2706 ian
679 2679 707 2707 is
729 2695 757 2701 —
779 2679 958 2707 adductis
978 2679 1097 2708 omittit.
1141 2682 1170 2714 2)
1190 2681 1302 2714 Vulgnz
1323 2685 1361 2708 ut
1381 2681 1481 2714 quid,
