1742 3005
307 93 405 141 Cap.
438 90 643 127 CLXXXI.
701 90 760 127 De
790 96 919 126 sancto
950 87 1106 137 Pelagio
1140 98 1253 137 papa.
1385 85 1465 124 827

81 199 192 233 culum
226 199 359 231 intrare
393 201 551 232 conatur.
606 194 706 236 Quod
741 205 802 229 rex
837 195 992 229 sentIens
1026 193 1069 229 de
1113 197 1226 227 stratu
1267 192 1398 227 exsiliit
1435 197 1469 228 et

82 263 244 308 spatham
270 263 463 306 arripiens,
491 261 554 295 sed
581 260 766 295 extrahere
794 270 862 294 non
888 260 1007 294 valens
1035 269 1108 293 cum
1133 258 1292 293 scabello
1319 268 1358 293 se
1384 260 1468 294 viri-

83 330 164 364 liter
187 328 377 363 defendere
403 328 539 371 coepit,
567 326 630 360 sed
657 326 735 368 ille,
768 336 841 359 cum
869 327 997 369 optime
1023 329 1118 359 esset
1143 329 1315 367 armatus,
1350 327 1387 359 in
1411 336 1468 360 re-

83 405 161 441 gem
191 394 338 428 invaluit
354 396 388 427 et
407 392 550 426 occidit.
599 393 786 435 Accipiens
808 392 916 436 igitur
938 392 1122 424 universos
1141 390 1327 424 thesauros
1347 390 1472 434 palatii

85 471 159 494 eum
184 458 399 494 Rosiinunda
414 457 612 492 Ravennam
639 458 695 501 (ut
723 457 872 497 dicitnr)
900 455 1050 500 aufugit,
1077 454 1140 488 sed
1163 465 1235 488 cum
1258 454 1472 489 Rosimunda

85 525 424 570 quendamjuvenem
437 522 701 567 pulcherrimum
715 521 942 565 praefectum,
953 519 1298 560 scilicetRavennae‚
1313 519 1471 561 vidisset,

86 593 196 635 ipsum
221 592 255 624 in
282 591 388 623 virum
412 588 544 622 habere
571 586 777 621 desiderans
799 596 966 620 venenum
990 587 1063 619 viro
1083 586 1115 618 in
1134 586 1243 619 calice
1260 586 1473 629 propinavit,

85 657 184 701 cujus
211 652 473 689 amaritudinem
500 652 559 687 ille
584 654 829 697 praesentiens
851 651 953 697 jubet
970 653 1083 693 uxori,
1112 656 1149 685 ut
1168 649 1472 685 residuumhibat.

85 720 186 761 Quod
217 730 292 754 cum
328 722 532 761 recusaret,
565 718 625 752 ille
658 719 846 763 evaginato
880 716 1002 763 gladio
1036 727 1111 751 eam
1142 717 1265 751 bibere
1296 718 1415 762 coegit
1439 721 1475 751 et

85 788 138 820 sio
169 785 272 820 ambo
308 785 436 819 ibidem
463 785 655 828 perierunt.
703 782 859 817 Tandem
892 793 953 817 rex
981 782 1119 827 qnidam
1145 782 1474 828 Longobardorum,

85 853 222 887 nomine
248 849 448 891 Adalaoth,
477 849 676 894 baptizatus
703 852 756 883 est
783 853 817 883 et
843 847 943 882 iidem
971 847 1101 882 Christi
1129 850 1296 892 suscepit.
1346 849 1416 883 Sed
1443 853 1477 882 et

87 916 312 951 Theudelina
334 915 650 961 Longobardorum
676 916 820 959 regina,
848 913 1143 947 christianissima
1169 917 1203 947 et
1227 913 1356 947 devota
1380 914 1473 958 apud

88 981 305 1018 Modoetiam
341 980 609 1026 pulcherrimum
638 980 828 1013 oratorium
861 980 1052 1012 constitnit.
1102 978 1155 1013 Ad
1190 988 1292 1023 quain
1318 980 1476 1024 reginam

89 1048 282 1094 Gregorius
307 1047 418 1081 libros
443 1046 671 1091 dyalogorum
697 1045 902 1078 transmisit.
952 1044 1049 1084 Quae
1078 1046 1185 1078 virum
1215 1055 1312 1078 suum
1331 1044 1477 1089 Agisul-

89 1113 192 1158 phuni
220 1114 330 1158 primo
363 1113 484 1146 ducem
510 1111 782 1151 Taurinensem‚
817 1109 879 1143 sed
914 1109 1132 1153 postmodum
1158 1108 1476 1155 Longobardorum

90 1189 207 1224 regem
238 1178 283 1212 ad
316 1178 418 1212 fidem
443 1178 618 1211 convertit
646 1181 680 1211 et
708 1186 783 1211 cum
809 1175 964 1210 Romano
992 1176 1138 1220 imperio
1165 1178 1198 1209 et
1225 1174 1376 1223 ecclesia
1402 1185 1478 1208 eum

89 1255 210 1290 pacem
234 1243 366 1279 hahere
393 1242 496 1284 fecit,
531 1244 650 1287 sicque
677 1243 710 1276 in
737 1242 827 1276 sesto
853 1245 1051 1276 sanctorum
1080 1240 1240 1275 Gervasii
1269 1245 1302 1274 et
1327 1239 1480 1274 Protasii

90 1310 184 1345 sacta
208 1314 263 1345 est
294 1320 362 1355 pax
395 1311 486 1343 inter
510 1308 683 1343 Romanos
713 1312 746 1342 et
770 1306 1029 1352 Longobardos
1062 1310 1095 1340 et
1122 1307 1200 1340 ideo
1228 1305 1420 1351 Gregorius
1447 1307 1481 1339 in

92 1375 212 1411 eodem
227 1376 317 1410 festo
329 1379 470 1409 cantare
483 1376 634 1408 institnit
651 1375 685 1407 in
703 1373 819 1407 osticio
832 1374 980 1406 missae:
1006 1372 1168 1417 loquetur
1187 1371 1344 1406 dominus
1362 1381 1482 1416 pacem

92 1446 156 1476 etc.
204 1440 241 1475 In
260 1442 443 1475 nativitate
463 1450 600 1485 quoque
622 1442 732 1473 sancti
751 1438 921 1474 Johannis
941 1438 1119 1483 baptistae
1138 1437 1394 1483 praedictorum
1415 1446 1483 1481 pax

94 1512 129 1542 et
155 1507 340 1541 conversio
373 1506 520 1551 amplius
553 1505 755 1539 confirmata
781 1504 856 1538 fuit.
906 1503 1130 1538 Theudelina
1166 1512 1248 1538 vero
1285 1504 1319 1536 in
1344 1503 1481 1536 beatum

92 1573 285 1609 Johannem
311 1572 501 1617 specialem
527 1571 748 1605 devotionem
776 1570 942 1611 habehat,
969 1570 1068 1614 cujus
1095 1570 1228 1603 meritis
1254 1569 1370 1613 gentis
1397 1578 1483 1602 suae

95 1640 360 1674 conversionem
403 1638 611 1672 adscribens
656 1637 870 1682 praedictum
913 1636 1102 1669 oratorium
1138 1634 1231 1679 apud
1265 1633 1484 1669 Modoetiam

95 1705 282 1739 fabricavit
315 1705 462 1749 ejusque
498 1705 614 1748 gentis
645 1702 838 1738 Johannem
870 1706 1051 1746 patronum
1089 1705 1123 1736 et
1157 1701 1378 1735 defensorem
1406 1710 1484 1733 esse

94 1769 230 1804 cuidam
272 1771 346 1804 viro
382 1773 505 1803 sancto
542 1768 732 1803 revelatum
760 1768 836 1802 suit.
885 1766 1026 1803 Mortuo
1056 1766 1230 1813 Gregorio
1256 1768 1429 1800 successit
1454 1767 1486 1800 ei

97 1835 248 1870 Sabinus
275 1839 309 1870 et
333 1834 466 1869 Sabino
491 1834 698 1869 Bonisacius
723 1836 847 1868 tertius
880 1838 915 1868 et
939 1832 1124 1867 Bonil‘acio
1150 1833 1254 1866 tertio
1282 1831 1488 1865 Bonil'acius

97 1905 263 1947 quartus,
291 1901 335 1935 ad
361 1901 461 1946 quus
488 1910 611 1946 preces
631 1900 770 1935 Phocas
797 1901 988 1944 imperator
1007 1898 1152 1932 donavit
1168 1899 1341 1933 ecclesiae
1358 1896 1488 1931 Christi

96 1966 279 2002 Pantheon
317 1968 412 2001 circa.
451 1977 561 2001 annos
596 1967 727 2001 domini
758 1965 851 2000 DCX
881 1970 915 2000 et
948 1964 994 1998 ad
1026 1974 1150 2009 preces
1184 1966 1281 1998 tertii
1314 1962 1489 1997 Bonifacii

99 2033 195 2076 prius
220 2033 344 2066 statuit
371 2031 489 2066 sedem
516 2031 704 2066 Romanam
731 2042 811 2066 esse
837 2036 942 2076 caput
968 2033 1117 2065 omnium
1143 2031 1385 2069 ecelesiarum,
1411 2038 1489 2061 nam

100 2096 254 2132 ecclesia
280 2096 606 2141 Constantinopolis
632 2106 671 2130 se
696 2097 840 2140 primam
865 2098 1013 2130 oninium
1040 2096 1268 2130 ecclesiarum
1296 2092 1489 2129 scribebat.

97 2182 144 2188 -
166 2182 212 2188 —
233 2182 276 2189 —
323 2165 370 2199 2.
406 2161 515 2206 Hujus
550 2161 725 2196 Bonisacii
758 2165 914 2206 tempore
947 2165 1083 2195 mortuo
1108 2160 1227 2195 Phoca
1261 2163 1294 2194 et
1319 2162 1491 2204 regnante

99 2226 262 2262 Heraclio
296 2228 392 2261 circa
421 2237 546 2261 annum
577 2227 708 2261 domini
739 2226 834 2262 DCX
866 2226 1072 2273 Magumeth
1107 2226 1421 2271 pseudopropheta
1460 2229 1494 2259 et

101 2294 205 2327 etiam
245 2303 370 2338 magus
401 2292 589 2338 Agarenos
631 2295 706 2328 sive
739 2292 958 2335 lsmaetitas,
1000 2293 1035 2326 id
1073 2296 1127 2327 est
1161 2292 1382 2334 Saracenos,
1426 2290 1492 2324 hoc

102 2356 206 2391 modo
233 2357 391 2402 dec-epit,
417 2359 509 2392 sicut
533 2357 665 2404 legitur
691 2360 725 2392 in
752 2359 900 2404 quadam
928 2359 1086 2403 hystoria
1105 2360 1216 2403 ipsius
1234 2359 1320 2392 etin
1342 2356 1492 2402 quadam

103 2421 282 2456 chronica.
330 2422 486 2458 Clericus
518 2424 656 2468 quidam
691 2425 792 2459 valde
824 2424 997 2466 famosus,
1031 2434 1107 2458 cum
1141 2425 1176 2458 in
1207 2423 1364 2458 Romana
1396 2422 1494 2456 ouria

103 2486 292 2528 honorem,
329 2497 430 2531 quem
466 2489 649 2532 cupiebat,
684 2491 827 2535 assequi
865 2500 934 2523 non
967 2490 1161 2534 potuisset,
1205 2488 1410 2534 indignatus
1448 2487 1493 2520 ad

103 2556 224 2596 partes
256 2552 504 2588 ultramarinas
536 2553 746 2600 confugiens
777 2565 841 2589 sua
872 2554 1095 2589 simulatione
1135 2552 1407 2588 innumerabiles
1448 2553 1493 2586 ad

77 2670 87 2672 „
105 2627 145 2658 se
169 2619 314 2652 attraxit
337 2619 587 2665 inveniensque
613 2619 815 2666 Magumeth
841 2620 930 2654 dixit
955 2622 999 2662 ei,
1026 2620 1118 2665 quod
1144 2621 1255 2664 ipsum
1283 2619 1334 2653 illi
1360 2620 1489 2664 populo

106 2683 299 2727 praeficere
321 2684 437 2727 veltet,
470 2686 696 2731 mitriensqne
716 2685 907 2721 columbam
928 2696 1043 2735 grana
1062 2690 1096 2721 et
1117 2685 1188 2721 alia
1213 2684 1414 2731 hnjitsmodi
1440 2686 1492 2718 ἰη-
