1742 3005
373 125 469 178 Cap·
501 125 617 164 CCX.
670 99 735 165 ‘De
764 133 892 165 sancta
920 125 1130 166 Dorothea.
1363 126 1440 179 911

61 237 155 261 terrae
176 232 346 269 despiciens
365 237 497 263 terrenas
517 236 639 265 divitias
659 238 687 262 et
706 234 855 270 intrepida
875 243 906 264 se
926 235 1040 265 Christo
1055 236 1268 272 desponsatam
1281 235 1443 266 fatebatur.

61 277 150 312 Quod
166 278 292 306 audiens
310 279 462 307 Fabricius
480 280 581 308 surore
600 288 758 308 succensus
781 289 852 307 mox
878 290 943 308 eam
968 281 1000 308 in
1026 281 1140 308 dolium
1157 281 1280 316 plenum
1299 281 1444 310 ferventis

59 321 119 350 olei
136 322 216 350 mitti
234 323 336 358 jussit,
361 323 488 359 ipsaque
507 324 655 359 adjutorio
675 324 783 352 Christi
801 325 905 353 illaesa
924 335 1064 358 manens,
1091 335 1125 353 ac
1148 326 1173 353 si
1197 326 1333 354 balsamo
1352 336 1443 360 unge-

57 371 147 396 retur.
181 368 270 395 Multi
295 373 394 396 autem
418 379 602 404 paganorum
629 369 768 396 videntes
795 370 852 396 hoc
874 370 1050 397 miraculum
1077 371 1153 397 intra
1180 380 1212 398 se
1239 371 1278 398 ad
1297 371 1445 400 Christum

59 417 280 446 convertuntur,
298 413 450 441 Fabricius
469 422 541 441 vero
561 414 684 441 credens
703 414 760 440 hoc
777 414 899 446 magicis
912 415 1026 442 artibus
1043 415 1117 448 fieri,
1136 415 1234 450 ipsam
1249 415 1280 441 in
1295 426 1444 445 carcerem

57 456 180 484 reclusit
197 467 308 485 novem
327 458 435 486 diebus
454 460 567 493 absque
587 458 722 485 ciborum
741 458 900 485 alimentis.
937 461 1018 494 Quae
1038 459 1148 486 nutrita
1168 469 1183 485 a
1204 461 1313 487 sanctis
1329 462 1442 493 angelis

58 501 128 528 dum
152 502 328 537 producitur
354 503 392 529 ad
417 503 566 536 tribunal,
594 502 761 538 pulchrior,
789 512 877 535 quam
903 512 1054 536 nunquam
1080 503 1147 530 visa
1171 503 1276 537 suerit,
1304 508 1443 541 apparuit

57 547 216 580 cunctique
241 547 440 580 mirabantur,
472 548 555 581 quod
586 552 631 574 tot
665 547 771 573 diebus
798 547 912 579 absque
939 547 1007 574 cibo
1033 552 1095 574 tam
1119 547 1253 576 formosa
1278 550 1440 578 videretur,

55 591 208 619 Fabricius
226 601 299 619 vero
318 591 408 618 dixit:
425 591 485 618 nisi
503 586 581 618 Deos
600 592 631 618 in
650 595 808 625 praesente
828 591 950 623 adores,
970 592 1089 624 equulei
1108 601 1220 627 poenas
1239 603 1298 621 non
1318 596 1443 624 evades.

54 637 206 663 Dorothea
225 636 396 671 respondit:
416 639 511 662 Deum
529 636 639 668 adoro,
658 644 719 662 non
737 635 927 667 daeinone111;
952 636 1000 662 Dii
1021 637 1100 663 enim
1118 638 1162 664 tui
1181 638 1344 666 daemones
1363 646 1441 668 sunt.

55 684 91 708 Et
116 685 265 715 prostrata
290 681 322 707 in
346 684 456 706 terrain
482 679 667 713 elevatisque
698 678 729 706 in
755 680 873 706 coelum
900 680 994 707 oculis
1019 681 1117 707 oravit
1143 682 1183 708 ad
1208 682 1377 717 dominum,
1408 690 1442 713 ut

55 725 227 752 ostenderet
244 725 494 759 omnipotentiam
512 733 612 756 suam,
640 728 669 750 et
689 724 771 757 quod
790 724 854 758 ipse
874 724 912 751 sit
932 724 1013 751 solus
1032 728 1112 752 Dens
1133 731 1160 753 et
1180 736 1240 754 non
1259 729 1334 756 alius
1353 740 1440 764 prae-

54 774 99 796 ter
122 779 198 797 eum.
234 773 376 797 Erexerat
401 778 530 802 namque
555 768 708 795 Fabricius
735 768 904 795 columnam
930 773 960 796 et
986 770 1116 805 desuper
1141 772 1273 805 ydolum.
1310 777 1346 801 Et
1372 784 1441 801 ecce

52 813 214 841 multitudo
233 814 405 846 angelorum
424 823 493 840 cum
510 813 627 847 impetu
644 813 769 840 veniens
789 813 915 840 conterit
938 814 1078 848 ydolum,
1105 816 1186 849 quod
1212 827 1267 844 nec
1293 819 1442 852 particula

53 858 209 886 columnae
227 859 421 887 inveniretur.
457 862 494 885 Et
512 858 613 884 audita
632 862 677 885 est
696 867 757 885 vox
776 858 954 885 daemonum
968 869 1022 894 per
1033 862 1101 887 a'e'ra
1116 861 1325 890 clamantium:
1344 867 1440 891 Doro—

51 903 137 937 thea,
157 914 209 931 cur
226 912 280 931 nos
299 903 342 931 sic
361 904 520 931 devastas!
556 906 592 929 Et
618 903 710 930 multa
734 903 830 930 millia
857 912 1038 938 paganorum
1058 906 1095 931 ad
1116 906 1263 933 Christum
1281 908 1440 936 manifeste

53 950 322 982 convertebantur,
348 949 399 982 qui
418 948 508 976 etiam
527 947 653 974 martirii
673 949 802 982 palmam
822 948 949 979 ingressi
967 954 1044 975 suut.
1082 954 1150 984 Ipsa
1170 955 1269 977 autem
1290 954 1441 980 Dorothea

52 994 180 1028 equuleo
199 998 243 1021 est
263 1002 408 1029 suspensa
426 993 556 1028 pedibus
576 992 719 1025 elevatis,
737 993 821 1018 uncis
841 991 987 1018 laceratur
1006 1001 1114 1028 corpus
1133 996 1211 1027 ejus,
1236 994 1330 1027 virgis
1350 997 1440 1023 casti-

52 1043 152 1071 gatur,
170 1038 298 1071 flagellis
317 1038 499 1070 flagellatur,
521 1036 630 1063 deinde
649 1036 688 1062 ad
705 1035 885 1063 mammillas
903 1036 1028 1069 virginis
1047 1037 1163 1066 faculae
1182 1039 1321 1067 ardentes
1341 1042 1439 1076 appli—

52 1087 135 1110 catae
161 1087 231 1110 sunt
256 1087 286 1110 et
311 1083 377 1118 ipsa
405 1082 598 1110 semimortua
621 1089 716 1114 usque
735 1081 774 1107 ad
793 1081 953 1108 crastinum
971 1082 1086 1109 reclusa
1106 1088 1160 1111 est.
1200 1087 1244 1111 De
1262 1095 1350 1113 inane
1368 1096 1439 1121 pro—

52 1127 141 1155 ducta
159 1137 219 1157 nec*
231 1127 294 1154 ulla
312 1127 429 1154 macula
446 1136 502 1154 nec
519 1125 581 1152 ulla
600 1125 694 1152 laesio
714 1125 862 1160 apparuit.
898 1129 942 1153 De
961 1135 1020 1159 quo
1039 1128 1129 1155 etiam
1148 1138 1214 1156 cum
1233 1130 1299 1165 ipse
1318 1141 1439 1166 praeses

51 1172 223 1205 miraretur,
249 1172 325 1200 dixit
344 1172 386 1200 ei:
415 1171 512 1199 adbuc
530 1171 689 1198 revertaris
709 1179 832 1197 amoena
852 1170 970 1205 puella,
997 1172 1068 1199 satis
1088 1182 1215 1207 namque
1235 1176 1378 1208 castigata
1398 1186 1439 1205 es.

51 1220 87 1244 Et
112 1217 194 1244 misit
219 1226 285 1244 eam
310 1217 350 1244 ad
375 1217 449 1244 duas
474 1225 591 1244 sorores
619 1224 704 1247 suas,
731 1215 866 1242 Christeu
885 1220 914 1241 et
935 1215 1080 1249 Calisteu‚
1107 1228 1181 1251 quae
1200 1225 1281 1246 metu
1300 1222 1404 1248 mortis
1422 1231 1440 1249 a

52 1262 168 1290 Christo
192 1266 391 1295 recesserant,
420 1266 453 1288 ut
484 1261 567 1295 ipsae
593 1260 776 1287 Dorotheam
803 1268 934 1287 sororem
962 1270 1045 1288 suam
1079 1272 1095 1288 a
1122 1263 1237 1291 Christo
1264 1266 1440 1295 avellerent.

50 1307 202 1334 Dorothea
219 1312 319 1334 autem
337 1305 445 1333 leniter
463 1305 621 1338 alloquens
639 1305 810 1340 praedictas
830 1313 962 1338 sorores,
999 1305 1135 1334 auferens
1151 1309 1188 1334 ab
1208 1309 1245 1336 iis
1265 1310 1439 1337 caevitatein

51 1351 150 1379 cordis
177 1356 206 1379 et
229 1360 279 1379 eas
306 1351 345 1378 ad
371 1350 519 1378 Christum
545 1349 703 1378 convertit.
746 1349 834 1385 Quod
862 1349 987 1377 audiens
1011 1351 1163 1380 Fabricius
1189 1355 1293 1381 ambas
1320 1364 1439 1383 sorores

52 1397 142 1424 dorso
163 1397 202 1423 ad
221 1397 343 1424 dorsum
361 1394 447 1428 ligari
464 1394 536 1421 fecit
555 1399 584 1421 et
603 1395 633 1421 in
652 1394 751 1427 ignem
769 1395 874 1429 projici
895 1400 924 1421 et
942 1396 1075 1424 cremari,
1112 1399 1145 1423 Et
1167 1398 1242 1425 dixit
1253 1400 1438 1427 Dorotheum

50 1450 224 1475 quousque,
242 1440 392 1473 malefica,
411 1448 466 1467 nos
486 1438 654 1474 protrahis2
679 1444 728 1465 aut
755 1439 887 1466 sacrifica
906 1444 935 1466 et
953 1440 1058 1474 vives,
1082 1446 1132 1468 aut
1151 1444 1299 1470 sententia
1318 1445 1441 1479 capitali

49 1487 202 1521 plecteris.
236 1486 292 1513 llla
318 1486 398 1513 laeto
423 1485 511 1512 vultu
536 1484 708 1519 respondit:
736 1483 879 1517 quicquid
904 1485 967 1518 vis,
1001 1495 1126 1521 passura
1153 1497 1218 1515 sum
1242 1498 1296 1523 pro
1323 1489 1438 1517 Christo

50 1531 173 1559 domino
193 1536 223 1559 et
241 1539 354 1566 sponso
372 1539 457 1563 meo,
477 1530 508 1556 in
527 1531 609 1564 cujus
628 1529 716 1556 horto
736 1528 872 1561 deliciae,
891 1534 920 1556 et
938 1538 1022 1557 rosas
1049 1541 1114 1558 cum
1133 1532 1232 1566 pomis
1252 1533 1390 1565 colligam
1410 1539 1440 1561 et

48 1576 185 1604 laetabor
210 1586 277 1603 cum
300 1576 368 1611 ipso
394 1575 425 1602 in
444 1580 608 1603 aeternum.
642 1577 705 1601 Hoc
732 1574 856 1601 audiens
883 1578 1024 1607 tyrannus
1050 1575 1079 1602 iu
1106 1586 1137 1603 so
1162 1578 1260 1612 ipsum
1285 1578 1439 1606 infremuit

48 1621 272 1656 praecepitque,
290 1625 324 1648 ut
342 1619 535 1655 pulchritudo
555 1621 617 1653 ejus
637 1624 666 1646 et
686 1618 776 1647 facies
791 1621 854 1653 ejus
873 1619 989 1647 baculis
1008 1625 1037 1646 et
1055 1620 1187 1649 fustibus
1207 1623 1389 1657 caederetur,
1409 1629 1439 1651 et

49 1670 82 1693 ut
107 1671 236 1693 tortores
259 1664 455 1698 fatigarentur
480 1669 509 1692 et
536 1664 618 1699 quod
645 1674 700 1692 nec
724 1665 852 1697 vestigia
876 1665 965 1692 {aciei
989 1666 1019 1691 in
1045 1666 1111 1701 ipsa
1138 1673 1332 1702 apparerent,
1359 1669 1439 1696 etin

50 1719 167 1738 carcere
194 1715 312 1738 servata
338 1711 370 1737 in
395 1710 565 1738 crastinum.
606 1713 650 1736 De
673 1719 760 1736 mane
784 1718 856 1737 vero
891 1710 1067 1745 producitur
1098 1711 1203 1739 illaesa
1235 1722 1250 1739 a
1285 1713 1437 1741 salvatore

50 1761 152 1783 nostro
172 1760 288 1789 curata,
314 1755 462 1784 sententia
481 1754 603 1789 capitali
621 1754 787 1789 judicatur,
813 1759 842 1782 et
862 1755 932 1781 dum
951 1760 1033 1782 extra
1051 1765 1151 1783 muros
1171 1757 1303 1790 ducitur,
1327 1758 1437 1786 videns

49 1810 115 1827 eam
138 1800 324 1836 Theophilus
347 1799 571 1835 protonotarius
598 1799 680 1832 regni
707 1799 792 1833 ‹suasi
818 1799 953 1827 illusorie
979 1808 1062 1827 rosas
1090 1800 1127 1827 de
1160 1800 1303 1830 viridario
1331 1805 1437 1838 sponsi

50 1845 96 1872 sui
114 1850 220 1880 petens
240 1845 299 1873 sibi
317 1844 411 1877 mitti,
429 1844 511 1878 quod
529 1844 582 1871 illa
601 1844 749 1879 promisit.
787 1847 858 1871 Cum
884 1849 983 1872 autem
1008 1845 1093 1872 venit
1120 1846 1158 1872 ad
1185 1846 1284 1875 locum
1303 1848 1437 1876 decolla—

16 1906 23 1908 -
48 1890 156 1923 tionis,
175 1890 291 1923 rogavit
310 1889 465 1917 dominiun
482 1898 537 1924 pro
557 1889 710 1922 omnibus,
731 1889 781 1923 qui
800 1889 840 1916 ad
856 1889 1001 1916 honorem
1020 1890 1065 1917 sui
1084 1891 1214 1919 nominis
1233 1902 1304 1920 suae
1323 1904 1438 1921 memo—

48 1934 121 1962 riam
138 1934 289 1970 passionis
307 1939 492 1970 peragerent,
510 1939 542 1962 ut
557 1934 589 1962 in
604 1935 744 1963 omnibus
757 1934 945 1963 salvarentur
963 1935 1209 1964 tribulationibus
1227 1942 1255 1964 et
1274 1939 1437 1974 praecipue

48 1989 64 2006 a
83 1980 281 2014 verecundia,
304 1984 481 2015 paupertate
505 1984 534 2006 et
560 1989 576 2006 a
593 1979 672 2007 salso
692 1981 814 2007 crimine
834 1980 1031 2007 liberarentur
1050 1985 1079 2008 et
1098 1981 1128 2008 in
1146 1981 1206 2009 fine
1224 1983 1306 2010 vitae
1327 1984 1438 2011 contri-

47 2024 160 2051 tionem
179 2029 208 2051 et
225 2025 433 2052 remissionem
451 2024 584 2052 omnium
602 2030 795 2060 peccatorum
813 2025 1001 2058 obtinerent,
1024 2026 1165 2054 mulieres
1190 2036 1264 2055 vero
1283 2029 1436 2063 parientes

47 2077 156 2096 nomen
180 2070 243 2104 ejus
269 2068 444 2099 invocantes
471 2069 598 2095 celerem
628 2069 758 2096 sentiant
782 2070 813 2096 in
836 2069 992 2096 doloribus
1018 2069 1196 2103 profectum.
1231 2075 1267 2098 Et
1287 2081 1357 2099 ecce
1375 2081 1438 2100 vox

48 2114 86 2141 de
106 2113 191 2140 coelo
211 2113 314 2141 audita
331 2117 390 2141 est:
409 2113 495 2145 veni,
515 2112 609 2139 electa
627 2122 711 2145 inea,
738 2113 852 2145 omnia,
877 2123 953 2146 quae
972 2113 1103 2147 petiisti,
1130 2114 1306 2149 impetrasti.
1340 2119 1435 2144 Doro-

47 2158 117 2185 thea
138 2166 212 2186 vero
237 2157 380 2185 inclinata
406 2157 446 2184 ad
463 2157 556 2184 ictum
575 2156 766 2191 spiculatoris
785 2157 924 2192 apparuit
941 2167 1016 2192 puer
1041 2168 1173 2193 purpura
1197 2159 1337 2193 indutus,
1371 2161 1434 2188 dis—

49 2202 215 2235 calceatus,
253 2202 352 2237 crispo
385 2202 497 2237 capite,
533 2201 565 2228 in
598 2203 681 2235 cujus
717 2206 803 2229 veste
839 2202 944 2229 stellae
974 2202 1110 2236 suerunt,
1145 2203 1245 2232 serens
1280 2205 1311 2231 iu
1345 2215 1435 2233 manu

47 2247 192 2280 orarirun,
228 2246 260 2274 id
279 2251 325 2274 est
343 2247 509 2282 sportulam
527 2256 594 2273 cum
613 2247 709 2274 tribus
728 2247 804 2274 rosis
830 2252 860 2273 et
886 2252 931 2274 tot
957 2248 1053 2274 malis.
1100 2248 1151 2275 Cui
1178 2249 1342 2277 Dorothea:
1379 2251 1434 2277 ob-

47 2301 131 2320 secro
163 2296 209 2325 te,
243 2292 365 2319 domine
390 2291 464 2318 mihi
493 2290 590 2324 seras,
634 2300 684 2318 eas
711 2291 881 2326 Theophilo
912 2292 1037 2322 scribae,
1089 2296 1125 2320 Et
1159 2293 1308 2322 decollata
1340 2300 1370 2323 et
1395 2296 1435 2323 ad

47 2336 196 2364 Christum
222 2346 308 2364 suum
335 2345 478 2371 sponsum
503 2335 632 2363 feliciter
651 2335 797 2363 collocata
817 2341 871 2364 est.
908 2341 997 2365 Passa
1016 2342 1062 2365 est
1081 2343 1180 2365 autem
1199 2339 1328 2371 gloriosa
1346 2340 1433 2373 virgo

46 2386 76 2408 et
94 2380 197 2408 martir
212 2381 364 2408 Dorothea
383 2390 460 2408 anno
480 2380 595 2408 domiui
614 2383 823 2408 CCLXXXVII
848 2381 919 2409 Idus
937 2383 1112 2410 Februarias
1130 2384 1265 2411 Fabricio
1292 2385 1432 2419 praeside

46 2425 101 2452 sub
130 2425 323 2459 Dyocletiano
349 2430 379 2453 et
403 2425 585 2453 Maximiano
610 2424 843 2460 imperatoribus
869 2430 1082 2456 Romanorum.
1115 2428 1305 2463 Theophilus
1332 2435 1431 2457 autem

45 2475 127 2498 stans
153 2469 186 2497 in
209 2470 324 2505 palatio
347 2470 496 2505 praesidis
519 2475 549 2498 et
578 2480 646 2498 ecce
670 2480 745 2505 puer
770 2471 909 2506 apparuit
935 2472 1012 2500 circa
1039 2482 1107 2500 eum
1126 2478 1155 2500 et
1175 2473 1296 2502 sustulit
1315 2483 1382 2501 eum
1401 2475 1431 2502 in

43 2519 161 2550 partem
180 2514 296 2543 dicens:
315 2515 368 2542 has
385 2524 470 2542 rosas
489 2525 556 2542 cum
574 2515 672 2550 pomis
690 2515 783 2542 mittit
801 2516 858 2543 tibi
877 2525 962 2544 soror
979 2527 1046 2544 inea
1065 2518 1213 2545 Dorothea
1232 2518 1270 2544 de
1288 2519 1430 2553 paradiso

45 2559 148 2595 sponsi
167 2559 224 2587 sui.
258 2563 334 2587 Puer
349 2568 422 2587 vero
441 2559 598 2594 disparuit.
634 2562 719 2586 Tunc
737 2560 925 2595 Theophilus
954 2562 1092 2596 prorupit
1117 2562 1148 2588 in
1165 2571 1256 2589 voces
1275 2562 1429 2591 laudando

44 2609 74 2631 et
99 2604 294 2637 glorificando
320 2604 469 2632 Christum
493 2607 589 2631 Deum
609 2604 792 2637 Dorotheae,
818 2605 870 2638 qui
895 2616 998 2634 mense
1024 2607 1201 2640 Februario,
1229 2607 1300 2634 dum
1321 2617 1428 2641 magna

43 2647 153 2681 frigora
171 2653 280 2676 terram
300 2649 448 2682 cogebant
464 2658 520 2676 nec
539 2648 663 2682 aliquod
679 2650 842 2682 virgultum
856 2650 1015 2678 frondibus
1029 2651 1166 2684 vestitur,
1185 2660 1269 2679 rosas
1285 2657 1314 2683 et
1327 2661 1426 2687 poma,

44 2692 154 2726 quibus
170 2694 255 2727 vult,
271 2694 390 2722 mittere
408 2698 516 2730 potens
536 2698 597 2726 est,
616 2694 699 2728 cujus
717 2703 828 2722 nomeu
846 2695 884 2722 sit
901 2695 1103 2723 benedictum.
1139 2699 1175 2723 Et
1192 2696 1274 2725 illius
1293 2697 1425 2726 affirma-

43 2738 125 2766 tione
143 2742 173 2767 et
189 2738 413 2775 praedicatione
431 2738 494 2767 sere
511 2743 574 2766 tota
593 2743 671 2767 terra
689 2739 883 2769 convertitur.
917 2740 1031 2768 videns
1051 2741 1109 2768 hoc
1127 2745 1267 2776 tyrannus
1286 2742 1423 2778 pluribus
