1742 3005
259 103 338 143 190
563 102 656 152 Cap.
687 100 823 138 XLVI.
889 101 947 138 De
978 107 1106 139 sancto
1138 101 1337 152 GregoriO.

259 209 335 243 dum
363 206 544 241 revelavit.
578 225 622 230 —
648 224 692 231 —-
718 224 759 230 —
793 207 836 242 3.
867 204 1023 245 Quadam
1048 204 1103 240 die
1129 205 1252 240 beatus
1279 205 1472 252 Gregorius
1499 215 1560 249 per
1591 204 1643 239 Γο-

259 285 330 308 rum
369 271 464 305 urbis
496 270 627 317 Romae
663 271 837 305 transiens
864 272 973 305 cernit
998 270 1165 316 quosdam
1192 281 1321 316 pueros
1346 272 1456 306 forma
1484 269 1644 316 pulcher-

259 340 387 379 rimos,
429 336 525 371 vultu
552 339 743 379 venustos,
782 336 987 380 capillorum
1012 336 1124 370 nitore
1148 338 1354 381 perspicuos
1382 347 1460 372 esse
1490 337 1641 371 venales.

258 404 455 448 Interrogat
480 402 587 447 igitur
612 405 860 443 mercatorem,
911 401 954 435 de
980 410 1050 446 qua
1072 400 1153 434 illos
1182 402 1298 445 patria
1323 402 1510 436 attulisset.
1576 402 1642 442 Qui

259 468 458 513 respondit:
505 466 548 501 de
570 466 772 507 Britannia,
805 468 903 512 eujus
929 467 1065 501 incolae
1092 466 1196 500 simili
1219 465 1371 500 candore
1396 466 1541 512 fulgent.
1588 466 1642 500 In-

257 538 416 580 terrogat
441 535 584 574 iterum,
613 533 642 565 si
665 531 846 566 christiani
871 536 962 566 sunt.
1012 532 1075 567 Cui
1100 535 1295 566 mercator:
1326 542 1393 565 non
1409 560 1417 574 ,
1445 531 1507 566 sed
1531 541 1644 577 paga-

258 602 344 634 nicis
370 598 548 634 erroribus
583 598 750 643 implicati
781 601 953 631 tenentur.
1026 595 1124 631 Tune
1161 596 1352 643 Gregorius
1386 598 1513 631 acriter
1544 598 1643 642 inge-

260 667 425 700 miscens:
466 663 533 698 heu
560 662 648 708 proh
673 662 794 704 dolor,
827 664 957 707 inquit,
1001 662 1093 707 quod
1117 662 1320 707 splendidas
1349 663 1457 697 facies
1482 663 1644 707 princeps

258 731 479 765 tenebrarum
516 738 603 762 nune
637 727 807 771 possidet.
875 727 1076 772 lutei-rogat
1107 729 1233 773 igitur,
1283 727 1375 773 quod
1410 733 1506 763 esset
1538 737 1643 762 voca-

258 796 373 829 bulum
409 795 525 840 gentis
558 793 663 826 illius.
734 792 797 826 Cni
822 792 900 826 ille:
946 792 1085 837 Anglici
1112 797 1288 826 vocantur.
1360 793 1474 835 Bene,
1519 795 1643 838 inquit,

259 861 389 907 anglici
413 860 514 905 quasi
541 857 712 904 angelici,
741 858 823 902 qnia
850 861 884 891 et
907 857 1087 902 angelicos
1114 858 1227 891 vultus
1256 857 1395 892 habent.
1442 857 1644 903 Interroga-

259 929 308 961 vit
333 927 442 971 igitur
469 935 564 966 enm,
608 923 699 968 quod
728 933 850 956 nomen
877 921 1024 957 haberet
1048 923 1109 956 illa
1135 925 1326 967 provincia.
1373 923 1432 957 Ait
1456 927 1645 957 mercator:

259 990 493 1037 provinciales
518 989 567 1023 illi
594 989 689 1023 Deiri
718 992 896 1023 vocantur.
954 987 996 1022 Et
1027 987 1238 1034 Gregorius:
1274 988 1374 1030 bene,
1401 990 1523 1033 inquit,
1549 988 1644 1023 Deiri

261 1060 451 1098 vocantur,
477 1057 560 1100 quia
585 1055 627 1089 de
652 1055 706 1088 ira
730 1058 809 1088 sunt
834 1054 989 1088 eruendi.
1037 1054 1168 1088 Rursus
1191 1054 1232 1089 de
1258 1055 1393 1088 nomine
1417 1056 1511 1099 regis
1537 1056 1643 1088 inter-

261 1126 375 1168 rogat.
422 1122 481 1156 Ait
513 1124 705 1162 mercator,
754 1120 846 1164 quod
872 1119 971 1154 Aelle
996 1119 1191 1161 diceretur,
1240 1124 1273 1154 et
1300 1119 1508 1169 Gregorius:
1555 1119 1643 1154 bene

259 1188 382 1230 Aelle,
427 1188 509 1232 quia
535 1186 679 1230 alleIuJa
703 1187 737 1219 in
763 1185 921 1230 partibus
952 1185 1021 1218 illis
1048 1185 1226 1219 decantari
1254 1195 1354 1230 opus.
1403 1185 1468 1224 Qui
1495 1195 1573 1219 mox
1600 1185 1644 1219 ad

260 1264 424 1288 smmnum
457 1251 652 1297 pontificem
685 1251 854 1285 accedens
886 1261 960 1285 enm
990 1251 1097 1284 multa
1130 1252 1297 1285 instantia
1333 1254 1367 1285 et
1400 1250 1562 1295 precibus
1589 1252 1644 1284 vix

260 1319 427 1360 obtinuit,
462 1321 500 1350 ut
523 1316 567 1350 ad
592 1316 670 1350 illos
697 1316 949 1351 convertendos
974 1318 1178 1352 mitteretur.
1227 1316 1379 1362 Cumque
1399 1317 1471 1362 jam
1498 1318 1564 1351 iter
1587 1327 1644 1350 ar—

258 1386 437 1429 ripuisset,
463 1382 606 1417 Romani
635 1381 677 1416 de
700 1383 776 1427 ejus
802 1381 965 1416 absentia
988 1382 1168 1427 plurimum
1191 1381 1386 1426 perturbati
1411 1391 1536 1426 papam
1562 1381 1646 1417 ade-

260 1454 321 1484 unt
347 1453 381 1484 et
405 1459 480 1483 eum
504 1448 624 1482 taliter
648 1447 892 1492 alloquuntur:
932 1447 1069 1482 Petrum
1097 1447 1298 1489 offendisti,
1340 1446 1481 1481 Romam
1509 1447 1645 1482 destru-

258 1517 359 1557 xisti,
409 1514 615 1559 Gregorium
641 1513 831 1556 demisisti,
878 1515 997 1558 sicque
1029 1523 1123 1558 papa
1147 1514 1352 1557 perterritus
1378 1513 1422 1547 ad
1447 1523 1521 1548 eum
1543 1524 1646 1548 revo-

259 1580 404 1616 candum
440 1580 601 1613 continuo
633 1580 772 1612 nuntios
806 1578 1004 1613 destinavit.
1075 1580 1227 1623 Cumque
1261 1577 1452 1624 Gregorius
1481 1580 1554 1623 Jam
1580 1580 1647 1613 iter

258 1649 360 1681 trium
387 1645 518 1679 dierum
544 1645 741 1689 peregisset
767 1647 801 1678 et
825 1646 859 1678 in
884 1645 1032 1690 quodam
1058 1645 1136 1678 loco
1162 1643 1345 1678 devertens
1371 1644 1540 1689 quaedam
1565 1654 1645 1679 eae-

259 1715 344 1748 teris
370 1710 628 1758 quiescentibus
653 1710 840 1752 lectitaret,
864 1710 1001 1744 locusta
1028 1711 1278 1755 superveniens
1307 1719 1383 1742 oum
1407 1711 1525 1755 coegit
1549 1719 1569 1743 a
1595 1710 1644 1744 le-

260 1778 376 1825 gendo
399 1779 578 1822 quiescere
606 1780 640 1810 et
664 1786 706 1809 ex
729 1775 1012 1810 consideratione
1038 1777 1091 1809 sui
1117 1775 1264 1808 nominis
1292 1774 1409 1808 docuit
1435 1785 1510 1809 eum
1535 1776 1643 1809 ineo-

261 1844 337 1877 dem
365 1843 441 1876 loco
466 1846 561 1875 stare
589 1840 737 1882 dehere,
779 1841 871 1886 quod
897 1841 955 1875 ille
982 1842 1107 1884 spiritu
1133 1839 1338 1884 prophetico
1366 1839 1502 1874 discens
1528 1842 1643 1874 statim

259 1910 402 1943 comites
428 1906 655 1947 adhortatur,
684 1910 720 1939 nt
746 1906 898 1939 velocius
924 1904 1074 1939 debeant
1098 1905 1285 1949 proticisci,
1307 1904 1369 1939 sed
1396 1907 1641 1949 supervenien-

259 1974 351 2007 tibus
376 1971 581 2016 apostolicis
609 1972 736 2004 nuntiis
764 1970 876 2005 redire
901 1971 1140 2015 compellitur,
1189 1970 1271 2004 lieet
1301 1969 1343 2004 de
1376 1969 1440 2003 hoc
1464 1970 1644 2014 plurimum

259 2040 470 2073 tristaretur.
540 2036 636 2070 Tunc
662 2046 750 2080 papa
781 2037 891 2080 ipsum
917 2045 939 2069 a
963 2037 1174 2069 monasterio
1198 2045 1261 2068 suo
1288 2034 1460 2068 abstraxit
1489 2039 1523 2069 et
1547 2046 1644 2069 sunm

259 2087 447 2148 dyaconem
472 2101 683 2135 cardinalem
712 2100 897 2135 ordinavit.
934 2121 978 2126 —
1002 2121 1047 2126 —
1072 2121 1117 2126 -
1142 2104 1186 2137 4.
1214 2100 1368 2140 Quodam
1394 2104 1551 2144 tempore
1574 2100 1643 2145 Ty-

260 2169 353 2205 beris
379 2169 504 2201 ssnvius
529 2166 664 2200 alveum
690 2177 786 2200 sunm
822 2177 987 2211 egressus
1013 2167 1045 2199 in
1081 2170 1211 2199 tantum
1246 2167 1417 2206 excrevit,
1470 2169 1506 2198 ut
1539 2175 1645 2210 super

260 2242 375 2268 muros
402 2231 498 2265 urbis
525 2232 683 2265 innueret
709 2235 743 2265 et
768 2231 934 2275 plurimas
960 2231 1080 2264 domos
1100 2233 1284 2264 everteret.
1334 2229 1431 2263 Tunc
1455 2231 1558 2264 etiam
1583 2241 1645 2275 per

258 2298 421 2343 Tyberim
456 2297 594 2330 fluvium
631 2296 811 2329 multitudo
844 2301 1040 2340 serpentum
1068 2306 1141 2329 eum
1167 2295 1317 2329 dracone
1343 2305 1469 2340 magno
1495 2296 1527 2329 in
1552 2305 1645 2330 mare

260 2364 452 2404 deseendit,
483 2362 545 2397 sed
572 2372 593 2395 a
618 2361 778 2395 fluctibus
805 2361 1000 2405 praefocati
1026 2365 1060 2395 et
1084 2361 1128 2395 ad
1155 2361 1250 2393 littus
1277 2361 1425 2405 projecti
1448 2364 1556 2394 totum
1584 2364 1643 2394 ae-

260 2441 327 2463 rem
355 2439 419 2463 sna
442 2427 624 2473 putredine
650 2430 879 2471 corruperunt
903 2427 1021 2470 sicque
1047 2427 1153 2470 plaga
1171 2426 1335 2469 pessima.
1362 2435 1463 2470 quam
1487 2426 1646 2470 inguina.-

261 2497 345 2528 riam
359 2497 493 2534 vocant,
506 2496 625 2527 secuta
637 2495 701 2533 est,
715 2494 763 2525 ita
775 2495 810 2524 ut
821 2492 923 2525 etiam
932 2491 1108 2535 corporali
1120 2493 1195 2525 visu
1206 2492 1358 2537 sagittae
1371 2490 1517 2524 coelitus
1528 2490 1646 2522 venire

259 2563 293 2591 et
319 2559 477 2603 singulos
504 2568 661 2603 quosque
686 2560 867 2600 percutere
893 2556 1106 2590 viderentur.
1155 2556 1251 2595 Quae
1274 2557 1383 2600 primo
1409 2554 1554 2587 omnium
1583 2552 1645 2587 Pe-

259 2623 387 2665 lagium
416 2633 541 2667 papam
567 2623 741 2667 percussit
768 2625 801 2656 et
826 2623 900 2655 sine
929 2630 1025 2654 mora
1052 2621 1230 2661 exstinxit,
1252 2617 1468 2663 postmodum
1495 2628 1577 2652 vero
1596 2619 1643 2651 ita

260 2689 291 2721 in
315 2687 483 2731 reliquum
509 2687 634 2730 vulgus
660 2686 843 2722 desaeviit.
871 2690 905 2719 ut
933 2685 1121 2719 subtractis
1146 2682 1402 2717 habitatoribus
1430 2682 1550 2715 ‹lonios
1568 2682 1643 2726 pln-
