1742 3005
231 92 326 142 Cap.
358 92 581 130 CLXXXV.
644 93 702 129 De
732 98 863 129 sancto
894 92 1092 130 Othmaro.
1356 91 1433 130 861

50 195 254 223 Prolixitatem
280 201 379 223 autem
403 197 627 229 miraculorum,
661 207 737 231 quae
763 208 816 232 per
839 198 936 232 ipsum
965 197 1104 224 dominus
1131 196 1273 224 exhibere
1299 197 1438 230 dignatus

51 245 95 266 est
123 241 183 268 suis
209 240 368 274 fidelibus,
395 242 425 269 in
449 243 559 269 nostris
584 243 771 277 temporibus
799 243 946 275 vidimus,
973 243 1049 270 sicut
1075 243 1113 269 de
1137 242 1274 276 pluribus
1300 252 1317 269 a
1341 247 1438 269 morte

50 284 233 312 resuscitatis
252 285 301 312 vel
321 286 486 320 suspendio
505 287 554 313 vel
575 287 634 314 alio
649 288 753 315 mortis
773 296 878 319 genere
898 287 1047 315 defunctis
1072 288 1136 314 sive
1163 287 1193 313 in
1211 297 1288 320 aqua
1307 286 1435 314 suffoca-

50 329 105 361 tis,
126 329 191 356 sive
210 329 299 357 etiam
318 331 413 365 ipsius
432 331 578 358 beneficia
597 341 656 365 quo
683 332 722 358 ad
744 332 1026 366 multiplicationem
1051 333 1199 358 bonorum
1225 332 1437 367 temporalium

49 383 104 400 nec
128 374 242 401 calamo
269 376 400 402 scribere
426 385 480 403 nec
506 385 642 403 sermone
676 386 810 403 enarrare
843 376 1017 403 sufficimus.
1055 376 1214 409 Cuiusdam
1245 376 1349 403 devoti
1379 376 1438 403 sibi

49 418 144 445 filium
169 419 200 446 in
227 420 383 447 cunabulis
408 422 570 455 jacentem,
603 429 669 446 cum
703 424 782 446 esset
817 420 990 447 incendium
1019 421 1152 453 undique
1174 420 1207 447 in
1233 421 1323 447 domo
1350 421 1437 454 circa,

49 472 174 497 puerum
192 465 298 492 beatus
319 465 448 492 Jodocus
467 464 644 492 miraculose
664 465 871 496 conservavit,
907 465 1027 498 pannis,
1055 465 1163 497 quibus
1190 464 1344 491 involutus
1371 465 1439 497 suit,

49 511 79 532 et
97 506 173 541 ipsis
193 509 364 542 cunabulis,
392 519 458 536 cum
477 519 550 544 puer
569 510 686 536 levatus
706 513 800 541 esset,
826 508 857 535 in
879 508 1016 535 favillam
1042 514 1072 535 et
1097 509 1226 535 cinerem
1250 509 1372 543 penitus
1390 520 1436 536 re-

50 551 173 584 solutis,
191 557 224 578 nt
244 553 381 580 omnibus
400 559 533 588 pateret,
553 554 635 586 quod
654 553 788 579 edacitas
807 554 960 585 flammae,
987 563 1062 585 quae
1081 553 1229 585 lignorum
1248 563 1282 579 ac
1301 553 1437 588 lapidum

49 597 147 630 potuit
165 597 306 624 duritiam
332 606 521 629 consumere,
547 603 682 623 tenerum
705 596 850 623 infantem
875 597 955 623 beati
981 598 1087 624 Jodoci
1113 597 1267 625 custodiae
1293 598 1437 625 traditum

48 650 108 667 nou
128 641 212 668 licuit
230 642 358 670 laedere.
396 642 452 677 Qui
469 642 665 677 postmodum
684 641 763 668 silius
783 642 813 668 in
832 642 1014 668 monasterio
1034 642 1129 669 sancti
1148 642 1255 669 Jodoei
1272 644 1436 671 monachus

47 685 144 712 sactus
163 691 218 715 est.
255 689 334 721 Quot
353 686 476 719 surdos,
502 686 642 719 claudos,
667 686 840 721 paraliticos
858 690 887 713 et
905 686 981 713 alios
1000 687 1134 714 infirmos
1154 688 1286 720 curavit,
1312 697 1372 715 non
1391 694 1437 716 est

47 739 170 757 numero
196 730 346 763 colligere.
380 731 466 758 Unde
492 736 553 763 est,
581 732 662 765 quod
689 732 725 757 de
751 731 833 763 regio
859 730 979 762 fastigio
1007 731 1066 758 sibi
1091 731 1188 758 voluit
1214 738 1283 767 post
1308 738 1436 761 mortem

46 775 189 808 retinere,
209 784 245 802 ne
264 775 295 802 in
313 775 397 807 loco,
423 776 476 802 ubi
495 786 611 803 sacrum
630 778 693 810 ejus
712 785 821 810 corpus
839 775 1017 808 requiescit,
1044 776 1120 803 alius
1139 777 1242 804 ardeat
1261 778 1360 811 liquor
1377 779 1436 805 nisi

46 818 145 851 liquor
163 829 257 846 cerae.
293 820 382 856 Quod
400 820 430 846 in
449 820 615 848 infortunio
635 830 689 848 suo
709 821 824 855 experti
843 825 910 847 sunt
930 825 989 847 tres
1009 821 1161 853 monachi,
1181 822 1231 854 qui
1248 822 1279 849 in
1299 823 1435 853 ecclesia.

45 863 99 890 ubi
118 872 225 898 corpus
245 867 308 899 ejus
326 865 383 892 suit
403 866 552 897 delatum,
580 865 617 892 de
644 875 718 892 sevo
745 866 878 892 lucernas
905 870 1097 892 tentaverunt
1125 867 1287 893 accendere
1306 877 1362 894 nec
1380 868 1435 894 ali-

47 913 193 941 quatenus
212 914 383 943 potuerunt.
420 910 548 942 Contigit
567 915 665 937 autem
684 911 714 936 in
734 910 850 941 signum
869 910 1044 936 temeritatis
1065 920 1135 936 suae
1155 911 1230 937 duos
1250 911 1383 945 ipsorum
1402 912 1433 938 in

47 953 211 980 continenti
237 954 400 987 decedere,
433 957 553 982 tertium
577 963 650 981 vero
678 954 737 981 oris
764 954 967 980 contractione
994 954 1109 988 puniri,
1142 964 1175 980 ac
1202 955 1242 981 ita
1269 957 1435 989 permansit

46 998 186 1025 omnibus
213 998 320 1026 diebus
345 1000 427 1026 vitae
453 1008 533 1026 suae.
571 1001 645 1026 Sunt
671 1003 770 1024 autem
796 999 851 1025 liae.
877 998 1060 1025 festivitates
1086 999 1166 1025 beati
1186 1000 1302 1028 sodoci.
1337 1001 1434 1028 Prima

45 1042 189 1069 videlicet
206 1042 238 1069 iu
258 1043 306 1069 die
325 1045 407 1071 beati
425 1044 588 1076 Barnabae,
608 1043 728 1076 qttando
748 1043 823 1069 inira
842 1044 1000 1070 missarum
1020 1043 1176 1070 sollemnia
1197 1054 1301 1072 manus
1319 1046 1434 1073 domini

46 1097 135 1122 super
153 1097 220 1113 eum
240 1089 388 1122 apparuit.
425 1088 513 1124 Quod
533 1088 623 1114 etiam
642 1088 817 1114 miraculum
838 1088 957 1122 saepius
977 1098 1030 1122 per
1049 1089 1124 1115 alios
1144 1094 1262 1116 sanctos
1280 1095 1432 1117 ostensum

44 1133 141 1159 virtus
160 1132 263 1159 divina
291 1133 330 1159 ad
348 1133 507 1160 veritatem
530 1133 612 1160 illius
638 1133 703 1159 veri
722 1137 749 1159 et
770 1133 951 1159 sanctissimi
971 1133 1108 1160 sacrificii
1128 1135 1384 1168 comprobandam
1403 1135 1434 1162 in

45 1177 186 1205 cordibus
204 1177 357 1210 fragilium
375 1177 608 1205 misericorditer
628 1177 856 1206 demonstravit,
893 1178 1029 1204 Secunda
1044 1183 1088 1205 est
1102 1177 1133 1204 in
1150 1178 1199 1205 ‹lie
1216 1179 1311 1206 sancti
1328 1180 1433 1207 Jacobi

45 1222 177 1257 apostoli
200 1222 301 1250 fratris
328 1222 423 1250 sancti
450 1223 594 1250 Johannis
622 1222 825 1253 evangelistae
853 1221 890 1248 de
917 1223 1092 1250 inventione
1111 1223 1187 1250 sacri
1207 1224 1340 1259 corporis
1360 1226 1431 1259 ejus.

45 1267 147 1294 Tertia
165 1271 210 1295 est
229 1267 267 1295 de
285 1272 381 1295 morte
400 1269 463 1300 ejus
481 1267 513 1294 in
532 1267 581 1294 die
601 1271 721 1294 sanctae
740 1267 848 1294 Luciae
866 1267 1002 1299 virginis.

448 1592 573 1654 GAP.
610 1592 840 1654 CLXXXV.
879 1592 1033 1656 (183.)

253 1692 372 1736 De
423 1693 736 1737 sancto
783 1691 1212 1738 othmaro.

144 1799 304 1827 Othmarus
329 1800 360 1827 in
383 1800 540 1835 provincia
562 1800 757 1828 Alemanniae
784 1805 870 1827 natus
898 1806 987 1834 atque
1013 1800 1142 1827 nutritus
1162 1804 1217 1829 est,
1253 1802 1330 1827 Dum
1350 1805 1430 1828 esset

40 1851 132 1877 puer,
159 1853 175 1870 a
200 1843 291 1871 fratre
318 1853 371 1871 suo
399 1845 430 1872 in
449 1846 560 1872 curiam
584 1846 758 1880 perducitur
776 1850 805 1871 et
823 1846 931 1872 litteris
951 1845 1104 1873 imbuitur.
1140 1844 1310 1872 Virtutibus
1331 1850 1430 1872 tamen

39 1888 110 1922 plus
127 1888 178 1915 vel
197 1898 290 1923 aeque
307 1894 341 1915 ut
359 1889 501 1917 scientiae
520 1891 644 1923 studuit,
663 1893 745 1924 juxta
765 1890 842 1916 illud
855 1891 1042 1925 Sapientiae:
1062 1899 1137 1923 quae
1155 1889 1185 1916 in
1200 1891 1356 1923 juventute
1370 1900 1431 1918 non

41 1934 243 1967 congregasti,
263 1934 416 1967 quomodo
434 1934 572 1962 invenies
592 1944 625 1962 ea
645 1935 676 1961 iu
695 1940 865 1962 senectute!
901 1935 1015 1962 Victori
1032 1935 1134 1962 comiti
1148 1935 1283 1969 ejusdem
1299 1935 1429 1968 regionis

39 1975 136 2005 factus
155 1978 330 2006 adolescens
350 1979 486 2008 servivit.
521 1983 575 2006 Per
599 1981 681 2014 cujus
707 1980 933 2014 providentiam
960 1991 994 2007 ac
1013 1981 1207 2007 dilectionem
1225 1979 1371 2013 integram
1391 1980 1430 2007 ad

40 2021 156 2056 ipsum,
185 2023 253 2055 quia
279 2022 360 2049 vidit
383 2023 415 2049 in
441 2032 477 2050 eo
502 2023 637 2050 indolem
661 2024 789 2057 bonam,
823 2026 862 2051 ad
889 2025 1091 2052 sacerdotium
1116 2029 1313 2059 promovetur
1338 2024 1428 2052 titulo

41 2066 136 2092 sancti
153 2066 274 2095 Florini.
310 2069 439 2099 cogente
457 2067 594 2103 praefato
614 2068 722 2094 comite
741 2070 893 2103 praelatus
914 2068 956 2095 ibi
983 2068 1100 2103 positus
1127 2073 1173 2095 est
1198 2072 1323 2102 propter
1342 2077 1429 2095 suam

38 2110 230 2144 religionem,
262 2110 433 2145 scientiam,
465 2112 577 2138 samam
602 2112 758 2139 volantem
784 2114 821 2140 de
847 2113 995 2139 munditia
1016 2111 1105 2139 vitae'
1124 2121 1204 2139 suae.
1240 2111 1428 2144 Waltramus,

39 2156 91 2189 qui
110 2165 147 2183 ex
164 2158 227 2190 jure
247 2156 429 2184 hereditario
449 2157 588 2184 dominus
606 2155 664 2183 suit
683 2157 775 2184 eremi
799 2157 895 2190 illius,
922 2157 953 2184 in
977 2166 1035 2190 quo
1060 2158 1167 2184 beatus
1191 2156 1293 2183 Gallus
1321 2156 1428 2184 cellam

37 2200 98 2227 sibi
116 2205 338 2234 construxerat,
364 2202 496 2228 obtinuit
516 2211 533 2228 a
551 2201 687 2236 praefato
707 2202 833 2235 comite,
859 2207 892 2229 ut
911 2202 1070 2230 Othmarus
1096 2206 1250 2237 praeesset
1269 2201 1313 2227 illi
1332 2201 1427 2228 cellae

37 2245 70 2272 in
87 2245 244 2279 omnibus,
263 2255 339 2279 quae
358 2246 397 2273 ad
414 2246 514 2281 ipsum
533 2247 683 2281 pertinere
702 2247 895 2276 videbantur.
930 2251 1055 2282 Insuper
1079 2247 1164 2274 duxit
1190 2256 1257 2273 eum
1283 2246 1323 2272 ad
1346 2246 1426 2281 l’ipi-

37 2300 108 2317 num
126 2299 245 2323 regem.
269 2295 303 2318 ut
321 2291 500 2318 auctoritate
528 2292 609 2324 regia
636 2292 818 2319 concedente
844 2292 945 2327 ipsum
963 2292 1097 2326 ejusdem
1115 2292 1174 2318 loci
1194 2292 1336 2318 abbatem
1355 2300 1426 2318 con—

36 2334 177 2363 firmaret.
214 2337 301 2370 Cujus
320 2335 460 2370 petitioni
478 2341 620 2370 tanquam
638 2339 733 2372 justus
752 2347 805 2364 rex
823 2346 1001 2364 consensiun
1019 2336 1159 2371 praebuit
1184 2342 1213 2364 et
1233 2347 1288 2372 per
1305 2347 1426 2363 manum

36 2379 114 2412 regis
127 2380 270 2406 Othmaro
290 2379 464 2407 confirmato
483 2380 514 2407 in
533 2382 675 2409 abbatem
694 2382 871 2409 waltramus
892 2381 992 2408 onmia
1010 2382 1090 2408 bona
1109 2390 1163 2408 sua
1183 2390 1236 2408 seu
1253 2381 1424 2416 possessio-

36 2433 90 2451 nes
109 2424 204 2451 libere
225 2428 254 2451 et
272 2423 455 2456 integraliter
472 2425 646 2458 resignavit.
682 2427 839 2454 Mandavit
857 2426 958 2460 itaque
984 2436 1036 2453 rex
1062 2436 1095 2454 ac
1119 2426 1243 2461 proprio
1269 2434 1319 2452 ore
1338 2426 1426 2459 jussit

35 2468 152 2495 ibidem
168 2468 264 2495 vitam
282 2468 437 2496 instituere
455 2470 630 2501 regularem.
665 2471 796 2498 Rediens
819 2471 909 2504 igitur
937 2472 1097 2498 Otluuarus
1123 2471 1223 2498 locum
1248 2470 1425 2497 reformavit

37 2517 67 2540 et
90 2512 169 2540 infra
194 2522 286 2540 annos
313 2522 426 2548 paucos
450 2518 512 2540 tam
536 2515 567 2541 in
590 2515 836 2549 possessionibus
861 2526 949 2549 quam
975 2516 1006 2542 in
1035 2516 1179 2548 religione
1211 2515 1303 2542 valde
1336 2515 1423 2542 dives

37 2556 160 2585 effectus
179 2563 225 2585 est
244 2563 273 2585 et
291 2558 323 2585 in
341 2557 485 2585 aedificiis
504 2558 643 2593 pluribus
663 2560 864 2587 confirmatus.
900 2563 1010 2587 Beatus
1033 2561 1121 2592 igitur
1139 2560 1298 2587 Otlunarus
1318 2560 1422 2593 abbas,

36 2611 102 2630 cum
120 2603 250 2630 vidisset
268 2602 478 2638 possessiones
498 2603 678 2638 temporales
698 2612 751 2630 suo
771 2604 952 2631 monasterio
973 2614 1008 2631 ex
1026 2605 1082 2631 Dei
1100 2604 1236 2631 bonitate
1255 2614 1422 2632 accrescere

34 2646 65 2673 in
84 2647 278 2680 immensiuu,
305 2647 415 2674 timens
442 2657 512 2674 suae
537 2657 686 2682 personae
712 2648 857 2675 virtutum
875 2648 1057 2676 incrementa
1076 2649 1248 2676 decrescere
1267 2659 1284 2676 a
1303 2658 1334 2676 se
1352 2649 1421 2684 ipso

34 2691 146 2728 incepit
164 2697 194 2720 et
210 2693 413 2728 parsimoniae
432 2692 640 2721 vehementius
659 2692 833 2728 insistebat,
859 2693 901 2721 ita
927 2698 960 2721 ut
986 2693 1076 2721 etiam
1102 2693 1134 2721 in
1158 2694 1328 2730 praecipuis
1347 2696 1421 2729 jeju-

131 2784 143 2795 x
