<?xml version="1.0" encoding="UTF-8"?>
<!DOCTYPE html PUBLIC "-//W3C//DTD XHTML 1.0 Transitional//EN"
    "http://www.w3.org/TR/xhtml1/DTD/xhtml1-transitional.dtd">
<html xmlns="http://www.w3.org/1999/xhtml" xml:lang="en" lang="en">
 <head>
  <title>
</title>
<meta http-equiv="Content-Type" content="text/html;charset=utf-8" />
  <meta name='ocr-system' content='tesseract 3.04.00' />
  <meta name='ocr-capabilities' content='ocr_page ocr_carea ocr_par ocr_line ocrx_word'/>
</head>
<body>
  <div class='ocr_page' id='page_1' title='image "./legendaaureavulg00jacouoft_0797.png"; bbox 0 0 1742 3005; ppageno 0'>
   <div class='ocr_carea' id='block_1_1' title="bbox 357 89 1477 140">
    <p class='ocr_par' dir='ltr' id='par_1_1' title="bbox 357 89 1477 140">
     <span class='ocr_line' id='line_1_1' title="bbox 357 89 1477 140; baseline 0.005 -14"><span class='ocrx_word' id='word_1_1' title='bbox 357 90 450 140; x_wconf 84' lang='lat' dir='ltr'><strong>Cap.</strong></span> <span class='ocrx_word' id='word_1_2' title='bbox 484 89 689 129; x_wconf 86' lang='lat' dir='ltr'><strong>CLXVIII.</strong></span> <span class='ocrx_word' id='word_1_3' title='bbox 755 92 814 130; x_wconf 86' lang='lat' dir='ltr'><strong>De</strong></span> <span class='ocrx_word' id='word_1_4' title='bbox 845 98 974 130; x_wconf 88' lang='lat' dir='ltr'><strong>sancta</strong></span> <span class='ocrx_word' id='word_1_5' title='bbox 1006 93 1218 132; x_wconf 80' lang='lat' dir='ltr'><strong>Elizabeth.</strong></span> <span class='ocrx_word' id='word_1_6' title='bbox 1397 93 1477 132; x_wconf 80' lang='lat'><strong>757</strong></span> 
     </span>
    </p>
   </div>
   <div class='ocr_carea' id='block_1_2' title="bbox 73 193 1475 2604">
    <p class='ocr_par' dir='ltr' id='par_1_2' title="bbox 73 193 1475 2604">
     <span class='ocr_line' id='line_1_2' title="bbox 93 193 1475 246; baseline 0.005 -18"><span class='ocrx_word' id='word_1_7' title='bbox 93 193 230 239; x_wconf 84' lang='lat' dir='ltr'><strong>quidem</strong></span> <span class='ocrx_word' id='word_1_8' title='bbox 273 196 478 231; x_wconf 87' lang='lat' dir='ltr'><strong>vestimenta</strong></span> <span class='ocrx_word' id='word_1_9' title='bbox 516 196 741 241; x_wconf 82' lang='lat' dir='ltr'>impendebat</span> <span class='ocrx_word' id='word_1_10' title='bbox 774 197 875 232; x_wconf 90' lang='lat' dir='ltr'><strong>nudis</strong></span> <span class='ocrx_word' id='word_1_11' title='bbox 916 200 1179 245; x_wconf 87' lang='lat' dir='ltr'><strong>peregrinorum</strong></span> <span class='ocrx_word' id='word_1_12' title='bbox 1222 202 1256 234; x_wconf 89' lang='lat' dir='ltr'><strong>et</strong></span> <span class='ocrx_word' id='word_1_13' title='bbox 1286 209 1475 246; x_wconf 88' lang='lat' dir='ltr'><strong>pauperum</strong></span> 
     </span>
     <span class='ocr_line' id='line_1_3' title="bbox 91 260 1475 310; baseline 0.004 -16"><span class='ocrx_word' id='word_1_14' title='bbox 91 260 299 305; x_wconf 78' lang='lat' dir='ltr'><strong>corporibus</strong></span> <span class='ocrx_word' id='word_1_15' title='bbox 327 261 541 306; x_wconf 80' lang='lat' dir='ltr'><strong>sepeliendIS</strong></span> <span class='ocrx_word' id='word_1_16' title='bbox 569 266 603 296; x_wconf 89' lang='lat' dir='ltr'><strong>et</strong></span> <span class='ocrx_word' id='word_1_17' title='bbox 627 264 744 307; x_wconf 86' lang='lat' dir='ltr'><strong>pueris</strong></span> <span class='ocrx_word' id='word_1_18' title='bbox 777 263 1018 308; x_wconf 89' lang='lat' dir='ltr'><strong>baptizandis,</strong></span> <span class='ocrx_word' id='word_1_19' title='bbox 1053 275 1141 310; x_wconf 87' lang='lat' dir='ltr'><strong>quos</strong></span> <span class='ocrx_word' id='word_1_20' title='bbox 1175 264 1312 310; x_wconf 85' lang='lat' dir='ltr'><strong>quidem</strong></span> <span class='ocrx_word' id='word_1_21' title='bbox 1347 276 1475 310; x_wconf 89' lang='lat' dir='ltr'><strong>pueros</strong></span> 
     </span>
     <span class='ocr_line' id='line_1_4' title="bbox 90 325 1475 373; baseline 0.004 -14"><span class='ocrx_word' id='word_1_22' title='bbox 90 334 197 370; x_wconf 84' lang='lat' dir='ltr'><strong>saepe</strong></span> <span class='ocrx_word' id='word_1_23' title='bbox 223 325 265 361; x_wconf 87' lang='lat' dir='ltr'><strong>de</strong></span> <span class='ocrx_word' id='word_1_24' title='bbox 293 336 396 361; x_wconf 87' lang='lat' dir='ltr'><strong>sacro</strong></span> <span class='ocrx_word' id='word_1_25' title='bbox 424 327 519 362; x_wconf 78' lang='lat' dir='ltr'><strong>fonte</strong></span> <span class='ocrx_word' id='word_1_26' title='bbox 546 327 687 362; x_wconf 87' lang='lat' dir='ltr'><strong>levabat</strong></span> <span class='ocrx_word' id='word_1_27' title='bbox 713 333 747 363; x_wconf 91' lang='lat' dir='ltr'><strong>et</strong></span> <span class='ocrx_word' id='word_1_28' title='bbox 773 330 927 373; x_wconf 90' lang='lat' dir='ltr'><strong>propriis</strong></span> <span class='ocrx_word' id='word_1_29' title='bbox 949 329 1107 363; x_wconf 81' lang='lat' dir='ltr'><strong>manibus</strong></span> <span class='ocrx_word' id='word_1_30' title='bbox 1129 341 1245 365; x_wconf 88' lang='lat' dir='ltr'><strong>eorum</strong></span> <span class='ocrx_word' id='word_1_31' title='bbox 1268 332 1475 365; x_wconf 80' lang='lat' dir='ltr'><strong>vestimenta</strong></span> 
     </span>
     <span class='ocr_line' id='line_1_5' title="bbox 89 391 1474 438; baseline 0.004 -14"><span class='ocrx_word' id='word_1_32' title='bbox 89 391 226 435; x_wconf 84' lang='lat' dir='ltr'><strong>suebat,</strong></span> <span class='ocrx_word' id='word_1_33' title='bbox 255 397 291 427; x_wconf 93' lang='lat' dir='ltr'><strong>ut</strong></span> <span class='ocrx_word' id='word_1_34' title='bbox 313 395 603 438; x_wconf 86' lang='lat' dir='ltr'><strong>compaternitate</strong></span> <span class='ocrx_word' id='word_1_35' title='bbox 629 398 811 427; x_wconf 88' lang='lat' dir='ltr'><strong>contracta</strong></span> <span class='ocrx_word' id='word_1_36' title='bbox 836 395 878 426; x_wconf 88' lang='lat' dir='ltr'><strong>iis</strong></span> <span class='ocrx_word' id='word_1_37' title='bbox 898 394 1045 428; x_wconf 86' lang='lat' dir='ltr'><strong>liberius</strong></span> <span class='ocrx_word' id='word_1_38' title='bbox 1069 394 1283 430; x_wconf 82' lang='lat' dir='ltr'><strong>subveniret.</strong></span> <span class='ocrx_word' id='word_1_39' title='bbox 1333 395 1474 430; x_wconf 77' lang='lat' dir='ltr'><strong>Accidit</strong></span> 
     </span>
     <span class='ocr_line' id='line_1_6' title="bbox 88 458 1474 502; baseline 0.002 -11"><span class='ocrx_word' id='word_1_40' title='bbox 88 460 223 500; x_wconf 87' lang='lat' dir='ltr'><strong>autem,</strong></span> <span class='ocrx_word' id='word_1_41' title='bbox 271 462 309 492; x_wconf 91' lang='lat' dir='ltr'><strong>ut</strong></span> <span class='ocrx_word' id='word_1_42' title='bbox 347 458 482 492; x_wconf 88' lang='lat' dir='ltr'><strong>cuidam</strong></span> <span class='ocrx_word' id='word_1_43' title='bbox 523 459 758 502; x_wconf 80' lang='lat' dir='ltr'>pauperculae</span> <span class='ocrx_word' id='word_1_44' title='bbox 802 458 974 502; x_wconf 82' lang='lat' dir='ltr'>quoddam</span> <span class='ocrx_word' id='word_1_45' title='bbox 1017 460 1104 492; x_wconf 88' lang='lat' dir='ltr'><strong>satis</strong></span> <span class='ocrx_word' id='word_1_46' title='bbox 1146 459 1272 493; x_wconf 86' lang='lat' dir='ltr'><strong>bonum</strong></span> <span class='ocrx_word' id='word_1_47' title='bbox 1302 460 1474 495; x_wconf 74' lang='lat' dir='ltr'><strong>tribueret</strong></span> 
     </span>
     <span class='ocr_line' id='line_1_7' title="bbox 88 522 1474 570; baseline 0.001 -13"><span class='ocrx_word' id='word_1_48' title='bbox 88 524 348 566; x_wconf 87' lang='lat' dir='ltr'><strong>vestimentum,</strong></span> <span class='ocrx_word' id='word_1_49' title='bbox 395 523 456 556; x_wconf 89' lang='lat' dir='ltr'><strong>illa</strong></span> <span class='ocrx_word' id='word_1_50' title='bbox 486 526 600 556; x_wconf 85' lang='lat' dir='ltr'><strong>autem</strong></span> <span class='ocrx_word' id='word_1_51' title='bbox 633 522 756 556; x_wconf 90' lang='lat' dir='ltr'><strong>videns</strong></span> <span class='ocrx_word' id='word_1_52' title='bbox 789 522 913 556; x_wconf 89' lang='lat' dir='ltr'><strong>donum</strong></span> <span class='ocrx_word' id='word_1_53' title='bbox 945 527 1012 557; x_wconf 89' lang='lat' dir='ltr'><strong>tam</strong></span> <span class='ocrx_word' id='word_1_54' title='bbox 1046 524 1282 570; x_wconf 76' lang='lat' dir='ltr'><strong>magnificum,</strong></span> <span class='ocrx_word' id='word_1_55' title='bbox 1316 530 1385 559; x_wconf 86' lang='lat' dir='ltr'><strong>tam</strong></span> <span class='ocrx_word' id='word_1_56' title='bbox 1420 527 1474 559; x_wconf 88' lang='lat' dir='ltr'><strong>in-</strong></span> 
     </span>
     <span class='ocr_line' id='line_1_8' title="bbox 87 583 1473 634; baseline 0.002 -12"><span class='ocrx_word' id='word_1_57' title='bbox 87 590 183 634; x_wconf 83' lang='lat' dir='ltr'><strong>genti</strong></span> <span class='ocrx_word' id='word_1_58' title='bbox 210 583 342 634; x_wconf 84' lang='lat' dir='ltr'><strong>gaudio</strong></span> <span class='ocrx_word' id='word_1_59' title='bbox 368 591 422 622; x_wconf 91' lang='lat' dir='ltr'><strong>est</strong></span> <span class='ocrx_word' id='word_1_60' title='bbox 448 587 614 632; x_wconf 80' lang='lat' dir='ltr'><strong>perfusa.</strong></span> <span class='ocrx_word' id='word_1_61' title='bbox 648 592 686 622; x_wconf 90' lang='lat' dir='ltr'><strong>ut</strong></span> <span class='ocrx_word' id='word_1_62' title='bbox 716 588 761 622; x_wconf 92' lang='lat' dir='ltr'><strong>ad</strong></span> <span class='ocrx_word' id='word_1_63' title='bbox 785 592 913 623; x_wconf 87' lang='lat' dir='ltr'><strong>terram</strong></span> <span class='ocrx_word' id='word_1_64' title='bbox 941 589 1069 624; x_wconf 89' lang='lat' dir='ltr'><strong>cadens</strong></span> <span class='ocrx_word' id='word_1_65' title='bbox 1094 594 1230 624; x_wconf 90' lang='lat' dir='ltr'><strong>mortua</strong></span> <span class='ocrx_word' id='word_1_66' title='bbox 1255 589 1473 627; x_wconf 73' lang='lat' dir='ltr'><strong>crederetur.</strong></span> 
     </span>
     <span class='ocr_line' id='line_1_9' title="bbox 86 652 1470 698; baseline 0.003 -11"><span class='ocrx_word' id='word_1_67' title='bbox 86 652 186 693; x_wconf 84' lang='lat' dir='ltr'><strong>Quod</strong></span> <span class='ocrx_word' id='word_1_68' title='bbox 210 652 317 687; x_wconf 84' lang='lat' dir='ltr'><strong>beata</strong></span> <span class='ocrx_word' id='word_1_69' title='bbox 339 652 523 688; x_wconf 86' lang='lat' dir='ltr'><strong>Elizabeth</strong></span> <span class='ocrx_word' id='word_1_70' title='bbox 549 652 670 688; x_wconf 87' lang='lat' dir='ltr'><strong>videns</strong></span> <span class='ocrx_word' id='word_1_71' title='bbox 696 653 826 696; x_wconf 91' lang='lat' dir='ltr'><strong>doluit,</strong></span> <span class='ocrx_word' id='word_1_72' title='bbox 851 665 890 689; x_wconf 91' lang='lat' dir='ltr'><strong>se</strong></span> <span class='ocrx_word' id='word_1_73' title='bbox 915 654 983 688; x_wconf 90' lang='lat' dir='ltr'><strong>sibi</strong></span> <span class='ocrx_word' id='word_1_74' title='bbox 1009 659 1107 690; x_wconf 87' lang='lat' dir='ltr'><strong>tanta</strong></span> <span class='ocrx_word' id='word_1_75' title='bbox 1133 656 1297 698; x_wconf 80' lang='lat' dir='ltr'><strong>dedisse,</strong></span> <span class='ocrx_word' id='word_1_76' title='bbox 1331 658 1470 698; x_wconf 87' lang='lat' dir='ltr'><strong>timens,</strong></span> 
     </span>
     <span class='ocr_line' id='line_1_10' title="bbox 85 716 1472 767; baseline 0.004 -15"><span class='ocrx_word' id='word_1_77' title='bbox 85 728 127 753; x_wconf 90' lang='lat' dir='ltr'><strong>ne</strong></span> <span class='ocrx_word' id='word_1_78' title='bbox 151 717 220 752; x_wconf 86' lang='lat' dir='ltr'><strong>sibi</strong></span> <span class='ocrx_word' id='word_1_79' title='bbox 246 716 345 754; x_wconf 81' lang='lat' dir='ltr'><strong>fieret</strong></span> <span class='ocrx_word' id='word_1_80' title='bbox 369 729 478 754; x_wconf 85' lang='lat' dir='ltr'><strong>causa</strong></span> <span class='ocrx_word' id='word_1_81' title='bbox 502 720 636 762; x_wconf 78' lang='lat' dir='ltr'><strong>mortis,</strong></span> <span class='ocrx_word' id='word_1_82' title='bbox 664 719 727 754; x_wconf 90' lang='lat' dir='ltr'><strong>sed</strong></span> <span class='ocrx_word' id='word_1_83' title='bbox 751 723 866 755; x_wconf 88' lang='lat' dir='ltr'><strong>tamen</strong></span> <span class='ocrx_word' id='word_1_84' title='bbox 889 731 953 764; x_wconf 90' lang='lat' dir='ltr'><strong>pro</strong></span> <span class='ocrx_word' id='word_1_85' title='bbox 979 731 1021 755; x_wconf 88' lang='lat' dir='ltr'><strong>ea</strong></span> <span class='ocrx_word' id='word_1_86' title='bbox 1045 723 1161 756; x_wconf 86' lang='lat' dir='ltr'><strong>oravit</strong></span> <span class='ocrx_word' id='word_1_87' title='bbox 1185 725 1219 756; x_wconf 89' lang='lat' dir='ltr'><strong>et</strong></span> <span class='ocrx_word' id='word_1_88' title='bbox 1244 722 1323 767; x_wconf 89' lang='lat' dir='ltr'><strong>ipsa</strong></span> <span class='ocrx_word' id='word_1_89' title='bbox 1346 727 1472 757; x_wconf 89' lang='lat' dir='ltr'><strong>sanata</strong></span> 
     </span>
     <span class='ocr_line' id='line_1_11' title="bbox 82 783 1468 832; baseline 0.003 -14"><span class='ocrx_word' id='word_1_90' title='bbox 82 785 247 819; x_wconf 85' lang='lat' dir='ltr'><strong>surrexit.</strong></span> <span class='ocrx_word' id='word_1_91' title='bbox 295 783 411 830; x_wconf 82' lang='lat' dir='ltr'><strong>Saepe</strong></span> <span class='ocrx_word' id='word_1_92' title='bbox 446 789 560 819; x_wconf 84' lang='lat' dir='ltr'><strong>autem</strong></span> <span class='ocrx_word' id='word_1_93' title='bbox 594 786 673 830; x_wconf 91' lang='lat' dir='ltr'><strong>ipsa</strong></span> <span class='ocrx_word' id='word_1_94' title='bbox 704 795 778 819; x_wconf 89' lang='lat' dir='ltr'><strong>cum</strong></span> <span class='ocrx_word' id='word_1_95' title='bbox 811 786 948 820; x_wconf 84' lang='lat' dir='ltr'><strong>ancillis</strong></span> <span class='ocrx_word' id='word_1_96' title='bbox 982 788 1136 832; x_wconf 88' lang='lat' dir='ltr'><strong>propriis</strong></span> <span class='ocrx_word' id='word_1_97' title='bbox 1170 788 1328 822; x_wconf 89' lang='lat' dir='ltr'><strong>manibus</strong></span> <span class='ocrx_word' id='word_1_98' title='bbox 1355 788 1468 822; x_wconf 87' lang='lat' dir='ltr'><strong>lanam</strong></span> 
     </span>
     <span class='ocr_line' id='line_1_12' title="bbox 83 849 1469 893; baseline 0.003 -10"><span class='ocrx_word' id='word_1_99' title='bbox 83 849 206 884; x_wconf 84' lang='lat' dir='ltr'><strong>tilabat</strong></span> <span class='ocrx_word' id='word_1_100' title='bbox 225 854 259 885; x_wconf 90' lang='lat' dir='ltr'><strong>et</strong></span> <span class='ocrx_word' id='word_1_101' title='bbox 283 850 365 885; x_wconf 89' lang='lat' dir='ltr'><strong>inde</strong></span> <span class='ocrx_word' id='word_1_102' title='bbox 391 851 599 885; x_wconf 81' lang='lat' dir='ltr'><strong>vestimenta</strong></span> <span class='ocrx_word' id='word_1_103' title='bbox 626 851 700 885; x_wconf 87' lang='lat' dir='ltr'><strong>lieri</strong></span> <span class='ocrx_word' id='word_1_104' title='bbox 728 851 893 893; x_wconf 76' lang='lat' dir='ltr'><strong>faciebat,</strong></span> <span class='ocrx_word' id='word_1_105' title='bbox 920 856 957 885; x_wconf 89' lang='lat' dir='ltr'><strong>ut</strong></span> <span class='ocrx_word' id='word_1_106' title='bbox 977 863 1017 886; x_wconf 89' lang='lat' dir='ltr'><strong>ex</strong></span> <span class='ocrx_word' id='word_1_107' title='bbox 1036 851 1101 886; x_wconf 87' lang='lat' dir='ltr'><strong>hoc</strong></span> <span class='ocrx_word' id='word_1_108' title='bbox 1122 852 1289 886; x_wconf 87' lang='lat' dir='ltr'><strong>bonorum</strong></span> <span class='ocrx_word' id='word_1_109' title='bbox 1311 853 1469 887; x_wconf 87' lang='lat' dir='ltr'><strong>laborum</strong></span> 
     </span>
     <span class='ocr_line' id='line_1_13' title="bbox 83 915 1469 963; baseline 0.003 -14"><span class='ocrx_word' id='word_1_110' title='bbox 83 915 276 962; x_wconf 87' lang='lat' dir='ltr'><strong>gloriosum</strong></span> <span class='ocrx_word' id='word_1_111' title='bbox 311 917 485 961; x_wconf 87' lang='lat' dir='ltr'><strong>reciperet</strong></span> <span class='ocrx_word' id='word_1_112' title='bbox 519 917 665 951; x_wconf 79' lang='lat' dir='ltr'><strong>fructum</strong></span> <span class='ocrx_word' id='word_1_113' title='bbox 702 921 735 951; x_wconf 91' lang='lat' dir='ltr'><strong>et</strong></span> <span class='ocrx_word' id='word_1_114' title='bbox 768 917 960 961; x_wconf 84' lang='lat' dir='ltr'><strong>exemplum</strong></span> <span class='ocrx_word' id='word_1_115' title='bbox 998 927 1101 951; x_wconf 82' lang='lat' dir='ltr'><strong>verae</strong></span> <span class='ocrx_word' id='word_1_116' title='bbox 1136 917 1342 952; x_wconf 86' lang='lat' dir='ltr'><strong>humilitatis</strong></span> <span class='ocrx_word' id='word_1_117' title='bbox 1366 928 1469 963; x_wconf 88' lang='lat' dir='ltr'><strong>prae-</strong></span> 
     </span>
     <span class='ocr_line' id='line_1_14' title="bbox 82 981 1468 1028; baseline 0.002 -13"><span class='ocrx_word' id='word_1_118' title='bbox 82 981 184 1017; x_wconf 88' lang='lat' dir='ltr'><strong>beret</strong></span> <span class='ocrx_word' id='word_1_119' title='bbox 222 986 257 1018; x_wconf 89' lang='lat' dir='ltr'><strong>et</strong></span> <span class='ocrx_word' id='word_1_120' title='bbox 298 982 341 1018; x_wconf 89' lang='lat' dir='ltr'><strong>de</strong></span> <span class='ocrx_word' id='word_1_121' title='bbox 384 985 518 1028; x_wconf 85' lang='lat' dir='ltr'><strong>proprii</strong></span> <span class='ocrx_word' id='word_1_122' title='bbox 559 985 722 1028; x_wconf 86' lang='lat' dir='ltr'><strong>corporis</strong></span> <span class='ocrx_word' id='word_1_123' title='bbox 762 981 944 1016; x_wconf 85' lang='lat' dir='ltr'><strong>laboribus</strong></span> <span class='ocrx_word' id='word_1_124' title='bbox 985 982 1208 1018; x_wconf 75' lang='lat' dir='ltr'><strong>elemosinam</strong></span> <span class='ocrx_word' id='word_1_125' title='bbox 1246 984 1347 1019; x_wconf 90' lang='lat' dir='ltr'><strong>daret</strong></span> <span class='ocrx_word' id='word_1_126' title='bbox 1381 984 1468 1019; x_wconf 86' lang='lat' dir='ltr'><strong>Deo.</strong></span> 
     </span>
     <span class='ocr_line' id='line_1_15' title="bbox 80 1047 1468 1094; baseline 0 -11"><span class='ocrx_word' id='word_1_127' title='bbox 80 1047 164 1093; x_wconf 89' lang='lat' dir='ltr'><strong>Ipsa</strong></span> <span class='ocrx_word' id='word_1_128' title='bbox 204 1049 400 1083; x_wconf 86' lang='lat' dir='ltr'><strong>esurientes</strong></span> <span class='ocrx_word' id='word_1_129' title='bbox 439 1049 625 1093; x_wconf 85' lang='lat' dir='ltr'><strong>pascebat,</strong></span> <span class='ocrx_word' id='word_1_130' title='bbox 673 1049 889 1094; x_wconf 81' lang='lat' dir='ltr'><strong>pauperibus</strong></span> <span class='ocrx_word' id='word_1_131' title='bbox 934 1049 1023 1082; x_wconf 88' lang='lat' dir='ltr'><strong>enim</strong></span> <span class='ocrx_word' id='word_1_132' title='bbox 1059 1049 1224 1084; x_wconf 80' lang='lat' dir='ltr'><strong>alimenta</strong></span> <span class='ocrx_word' id='word_1_133' title='bbox 1260 1050 1468 1094; x_wconf 81' lang='lat' dir='ltr'><strong>praebebat,</strong></span> 
     </span>
     <span class='ocr_line' id='line_1_16' title="bbox 80 1113 1466 1160; baseline 0.001 -12"><span class='ocrx_word' id='word_1_134' title='bbox 80 1114 170 1149; x_wconf 91' lang='lat' dir='ltr'><strong>adeo</strong></span> <span class='ocrx_word' id='word_1_135' title='bbox 203 1117 241 1148; x_wconf 89' lang='lat' dir='ltr'><strong>ut</strong></span> <span class='ocrx_word' id='word_1_136' title='bbox 265 1114 466 1160; x_wconf 81' lang='lat' dir='ltr'><strong>lantgravio</strong></span> <span class='ocrx_word' id='word_1_137' title='bbox 495 1116 569 1149; x_wconf 89' lang='lat' dir='ltr'><strong>viro</strong></span> <span class='ocrx_word' id='word_1_138' title='bbox 603 1125 666 1149; x_wconf 88' lang='lat' dir='ltr'><strong>suo</strong></span> <span class='ocrx_word' id='word_1_139' title='bbox 698 1114 858 1159; x_wconf 74' lang='lat' dir='ltr'><strong>protecto</strong></span> <span class='ocrx_word' id='word_1_140' title='bbox 893 1113 937 1147; x_wconf 89' lang='lat' dir='ltr'><strong>ad</strong></span> <span class='ocrx_word' id='word_1_141' title='bbox 965 1116 1093 1148; x_wconf 86' lang='lat' dir='ltr'><strong>curiam</strong></span> <span class='ocrx_word' id='word_1_142' title='bbox 1121 1114 1289 1150; x_wconf 85' lang='lat' dir='ltr'><strong>Friderici</strong></span> <span class='ocrx_word' id='word_1_143' title='bbox 1316 1117 1466 1160; x_wconf 89' lang='lat' dir='ltr'><strong>impera-</strong></span> 
     </span>
     <span class='ocr_line' id='line_1_17' title="bbox 78 1180 1468 1226; baseline 0.001 -11"><span class='ocrx_word' id='word_1_144' title='bbox 78 1181 188 1223; x_wconf 87' lang='lat' dir='ltr'><strong>toris,</strong></span> <span class='ocrx_word' id='word_1_145' title='bbox 223 1190 313 1226; x_wconf 88' lang='lat' dir='ltr'><strong>quae</strong></span> <span class='ocrx_word' id='word_1_146' title='bbox 347 1184 429 1214; x_wconf 88' lang='lat' dir='ltr'><strong>tunc</strong></span> <span class='ocrx_word' id='word_1_147' title='bbox 465 1184 542 1215; x_wconf 86' lang='lat' dir='ltr'><strong>erat</strong></span> <span class='ocrx_word' id='word_1_148' title='bbox 570 1180 830 1225; x_wconf 87' lang='lat' dir='ltr'><strong>¹)Cremonae,</strong></span> <span class='ocrx_word' id='word_1_149' title='bbox 865 1181 942 1224; x_wconf 72' lang='lat' dir='ltr'><strong>ipsa</strong></span> <span class='ocrx_word' id='word_1_150' title='bbox 968 1191 1099 1215; x_wconf 88' lang='lat' dir='ltr'><strong>omnem</strong></span> <span class='ocrx_word' id='word_1_151' title='bbox 1127 1190 1297 1215; x_wconf 85' lang='lat' dir='ltr'><strong>annonam</strong></span> <span class='ocrx_word' id='word_1_152' title='bbox 1325 1181 1367 1216; x_wconf 90' lang='lat' dir='ltr'><strong>de</strong></span> <span class='ocrx_word' id='word_1_153' title='bbox 1394 1183 1468 1216; x_wconf 88' lang='lat' dir='ltr'><strong>suis</strong></span> 
     </span>
     <span class='ocr_line' id='line_1_18' title="bbox 77 1245 1468 1293; baseline 0.001 -13"><span class='ocrx_word' id='word_1_154' title='bbox 77 1247 239 1292; x_wconf 83' lang='lat' dir='ltr'><strong>grangiis</strong></span> <span class='ocrx_word' id='word_1_155' title='bbox 276 1246 423 1293; x_wconf 82' lang='lat' dir='ltr'><strong>collegit</strong></span> <span class='ocrx_word' id='word_1_156' title='bbox 458 1250 493 1281; x_wconf 88' lang='lat' dir='ltr'><strong>et</strong></span> <span class='ocrx_word' id='word_1_157' title='bbox 524 1248 751 1292; x_wconf 79' lang='lat' dir='ltr'><strong>congregatis</strong></span> <span class='ocrx_word' id='word_1_158' title='bbox 788 1245 1017 1291; x_wconf 82' lang='lat' dir='ltr'><strong>undecunque</strong></span> <span class='ocrx_word' id='word_1_159' title='bbox 1059 1246 1274 1291; x_wconf 86' lang='lat' dir='ltr'><strong>pauperihus</strong></span> <span class='ocrx_word' id='word_1_160' title='bbox 1310 1247 1468 1292; x_wconf 84' lang='lat' dir='ltr'><strong>quotidie</strong></span> 
     </span>
     <span class='ocr_line' id='line_1_19' title="bbox 76 1311 1465 1357; baseline 0 -10"><span class='ocrx_word' id='word_1_161' title='bbox 76 1313 121 1347; x_wconf 86' lang='lat' dir='ltr'><strong>ils</strong></span> <span class='ocrx_word' id='word_1_162' title='bbox 145 1314 350 1347; x_wconf 84' lang='lat' dir='ltr'><strong>necessaria</strong></span> <span class='ocrx_word' id='word_1_163' title='bbox 374 1313 597 1346; x_wconf 89' lang='lat' dir='ltr'><strong>ministrabat</strong></span> <span class='ocrx_word' id='word_1_164' title='bbox 622 1322 676 1355; x_wconf 87' lang='lat' dir='ltr'><strong>eo,</strong></span> <span class='ocrx_word' id='word_1_165' title='bbox 704 1311 795 1357; x_wconf 90' lang='lat' dir='ltr'><strong>quod</strong></span> <span class='ocrx_word' id='word_1_166' title='bbox 822 1316 903 1345; x_wconf 74' lang='lat' dir='ltr'><strong>tune</strong></span> <span class='ocrx_word' id='word_1_167' title='bbox 927 1311 1140 1353; x_wconf 65' lang='lat' dir='ltr'><strong>²)chari5tia</strong></span> <span class='ocrx_word' id='word_1_168' title='bbox 1160 1317 1195 1347; x_wconf 90' lang='lat' dir='ltr'><strong>et</strong></span> <span class='ocrx_word' id='word_1_169' title='bbox 1223 1312 1339 1347; x_wconf 81' lang='lat' dir='ltr'><strong>valida</strong></span> <span class='ocrx_word' id='word_1_170' title='bbox 1356 1313 1465 1347; x_wconf 80' lang='lat' dir='ltr'><strong>sames</strong></span> 
     </span>
     <span class='ocr_line' id='line_1_20' title="bbox 77 1377 1467 1422; baseline 0.001 -10"><span class='ocrx_word' id='word_1_171' title='bbox 77 1378 290 1416; x_wconf 84' lang='lat' dir='ltr'><strong>imminebat.</strong></span> <span class='ocrx_word' id='word_1_172' title='bbox 347 1377 462 1422; x_wconf 82' lang='lat' dir='ltr'><strong>Saepe</strong></span> <span class='ocrx_word' id='word_1_173' title='bbox 497 1382 629 1420; x_wconf 88' lang='lat' dir='ltr'><strong>autem,</strong></span> <span class='ocrx_word' id='word_1_174' title='bbox 670 1388 742 1411; x_wconf 86' lang='lat' dir='ltr'><strong>cum</strong></span> <span class='ocrx_word' id='word_1_175' title='bbox 779 1379 925 1422; x_wconf 87' lang='lat' dir='ltr'><strong>pecunia</strong></span> <span class='ocrx_word' id='word_1_176' title='bbox 960 1379 1002 1412; x_wconf 92' lang='lat' dir='ltr'><strong>iis</strong></span> <span class='ocrx_word' id='word_1_177' title='bbox 1039 1377 1223 1421; x_wconf 78' lang='lat' dir='ltr'><strong>deiiceret,</strong></span> <span class='ocrx_word' id='word_1_178' title='bbox 1262 1383 1467 1413; x_wconf 86' lang='lat' dir='ltr'><strong>ornamenta</strong></span> 
     </span>
     <span class='ocr_line' id='line_1_21' title="bbox 77 1442 1464 1488; baseline -0.001 -10"><span class='ocrx_word' id='word_1_179' title='bbox 77 1443 268 1486; x_wconf 84' lang='lat' dir='ltr'><strong>vendebat,</strong></span> <span class='ocrx_word' id='word_1_180' title='bbox 305 1447 343 1478; x_wconf 89' lang='lat' dir='ltr'><strong>ut</strong></span> <span class='ocrx_word' id='word_1_181' title='bbox 376 1442 591 1488; x_wconf 82' lang='lat' dir='ltr'><strong>pauperibus</strong></span> <span class='ocrx_word' id='word_1_182' title='bbox 624 1442 844 1478; x_wconf 84' lang='lat' dir='ltr'><strong>subveniret:</strong></span> <span class='ocrx_word' id='word_1_183' title='bbox 877 1443 983 1477; x_wconf 88' lang='lat' dir='ltr'><strong>multa</strong></span> <span class='ocrx_word' id='word_1_184' title='bbox 1017 1445 1105 1478; x_wconf 85' lang='lat' dir='ltr'><strong>enim</strong></span> <span class='ocrx_word' id='word_1_185' title='bbox 1141 1444 1208 1478; x_wconf 87' lang='lat' dir='ltr'><strong>sibi</strong></span> <span class='ocrx_word' id='word_1_186' title='bbox 1243 1448 1278 1479; x_wconf 91' lang='lat' dir='ltr'><strong>et</strong></span> <span class='ocrx_word' id='word_1_187' title='bbox 1302 1446 1375 1478; x_wconf 90' lang='lat' dir='ltr'><strong>suis</strong></span> <span class='ocrx_word' id='word_1_188' title='bbox 1401 1454 1464 1477; x_wconf 88' lang='lat' dir='ltr'><strong>an-</strong></span> 
     </span>
     <span class='ocr_line' id='line_1_22' title="bbox 76 1509 1466 1554; baseline 0 -10"><span class='ocrx_word' id='word_1_189' title='bbox 76 1509 168 1544; x_wconf 84' lang='lat' dir='ltr'><strong>cillis</strong></span> <span class='ocrx_word' id='word_1_190' title='bbox 193 1510 376 1544; x_wconf 82' lang='lat' dir='ltr'><strong>consuevit</strong></span> <span class='ocrx_word' id='word_1_191' title='bbox 402 1509 609 1545; x_wconf 85' lang='lat' dir='ltr'><strong>subtrahere</strong></span> <span class='ocrx_word' id='word_1_192' title='bbox 636 1513 670 1543; x_wconf 91' lang='lat' dir='ltr'><strong>et</strong></span> <span class='ocrx_word' id='word_1_193' title='bbox 705 1509 920 1554; x_wconf 87' lang='lat' dir='ltr'><strong>pauperibus</strong></span> <span class='ocrx_word' id='word_1_194' title='bbox 956 1519 1151 1545; x_wconf 90' lang='lat' dir='ltr'><strong>reservare.</strong></span> <span class='ocrx_word' id='word_1_195' title='bbox 1199 1509 1280 1554; x_wconf 87' lang='lat' dir='ltr'><strong>Ipsa</strong></span> <span class='ocrx_word' id='word_1_196' title='bbox 1306 1510 1466 1544; x_wconf 83' lang='lat' dir='ltr'><strong>sitientes</strong></span> 
     </span>
     <span class='ocr_line' id='line_1_23' title="bbox 76 1574 1465 1620; baseline -0.001 -10"><span class='ocrx_word' id='word_1_197' title='bbox 76 1575 239 1620; x_wconf 70' lang='lat' dir='ltr'><strong>potabat.</strong></span> <span class='ocrx_word' id='word_1_198' title='bbox 286 1574 442 1615; x_wconf 85' lang='lat' dir='ltr'><strong>Quadam</strong></span> <span class='ocrx_word' id='word_1_199' title='bbox 485 1579 599 1609; x_wconf 85' lang='lat' dir='ltr'><strong>autem</strong></span> <span class='ocrx_word' id='word_1_200' title='bbox 641 1575 716 1609; x_wconf 86' lang='lat' dir='ltr'><strong>vice</strong></span> <span class='ocrx_word' id='word_1_201' title='bbox 747 1575 951 1609; x_wconf 83' lang='lat' dir='ltr'><strong>cerevisiam</strong></span> <span class='ocrx_word' id='word_1_202' title='bbox 988 1575 1203 1620; x_wconf 89' lang='lat' dir='ltr'><strong>pauperibus</strong></span> <span class='ocrx_word' id='word_1_203' title='bbox 1236 1574 1465 1618; x_wconf 88' lang='lat' dir='ltr'><strong>distribuens,</strong></span> 
     </span>
     <span class='ocr_line' id='line_1_24' title="bbox 77 1639 1464 1686; baseline -0.001 -11"><span class='ocrx_word' id='word_1_204' title='bbox 77 1650 154 1675; x_wconf 89' lang='lat' dir='ltr'><strong>cum</strong></span> <span class='ocrx_word' id='word_1_205' title='bbox 177 1641 365 1686; x_wconf 86' lang='lat' dir='ltr'><strong>unicuique</strong></span> <span class='ocrx_word' id='word_1_206' title='bbox 393 1639 607 1675; x_wconf 73' lang='lat' dir='ltr'><strong>suffic-Ienter</strong></span> <span class='ocrx_word' id='word_1_207' title='bbox 632 1640 807 1682; x_wconf 86' lang='lat' dir='ltr'><strong>dedisset,</strong></span> <span class='ocrx_word' id='word_1_208' title='bbox 834 1641 1005 1674; x_wconf 84' lang='lat' dir='ltr'><strong>inventum</strong></span> <span class='ocrx_word' id='word_1_209' title='bbox 1033 1644 1099 1682; x_wconf 88' lang='lat' dir='ltr'><strong>est,</strong></span> <span class='ocrx_word' id='word_1_210' title='bbox 1127 1640 1221 1686; x_wconf 90' lang='lat' dir='ltr'><strong>quod</strong></span> <span class='ocrx_word' id='word_1_211' title='bbox 1249 1650 1309 1675; x_wconf 85' lang='lat' dir='ltr'><strong>vas</strong></span> <span class='ocrx_word' id='word_1_212' title='bbox 1335 1640 1464 1674; x_wconf 88' lang='lat' dir='ltr'><strong>nullam</strong></span> 
     </span>
     <span class='ocr_line' id='line_1_25' title="bbox 75 1705 1465 1751; baseline -0.001 -10"><span class='ocrx_word' id='word_1_213' title='bbox 75 1706 200 1741; x_wconf 87' lang='lat' dir='ltr'><strong>habuit</strong></span> <span class='ocrx_word' id='word_1_214' title='bbox 224 1706 504 1748; x_wconf 90' lang='lat' dir='ltr'><strong>deminutionem,</strong></span> <span class='ocrx_word' id='word_1_215' title='bbox 534 1705 597 1741; x_wconf 89' lang='lat' dir='ltr'><strong>sed</strong></span> <span class='ocrx_word' id='word_1_216' title='bbox 622 1705 778 1748; x_wconf 90' lang='lat' dir='ltr'><strong>eandem,</strong></span> <span class='ocrx_word' id='word_1_217' title='bbox 807 1715 907 1751; x_wconf 81' lang='lat' dir='ltr'><strong>quam</strong></span> <span class='ocrx_word' id='word_1_218' title='bbox 939 1707 1047 1751; x_wconf 86' lang='lat' dir='ltr'><strong>prius,</strong></span> <span class='ocrx_word' id='word_1_219' title='bbox 1075 1716 1270 1741; x_wconf 88' lang='lat' dir='ltr'><strong>mensuram</strong></span> <span class='ocrx_word' id='word_1_220' title='bbox 1296 1708 1465 1741; x_wconf 85' lang='lat' dir='ltr'><strong>servavit.</strong></span> 
     </span>
     <span class='ocr_line' id='line_1_26' title="bbox 74 1770 1463 1817; baseline 0.001 -12"><span class='ocrx_word' id='word_1_221' title='bbox 74 1770 157 1817; x_wconf 88' lang='lat' dir='ltr'><strong>Ipsa</strong></span> <span class='ocrx_word' id='word_1_222' title='bbox 190 1771 345 1816; x_wconf 89' lang='lat' dir='ltr'><strong>hospitio</strong></span> <span class='ocrx_word' id='word_1_223' title='bbox 382 1772 592 1817; x_wconf 82' lang='lat' dir='ltr'><strong>peregrinos</strong></span> <span class='ocrx_word' id='word_1_224' title='bbox 631 1775 665 1806; x_wconf 87' lang='lat' dir='ltr'><strong>et</strong></span> <span class='ocrx_word' id='word_1_225' title='bbox 701 1781 876 1817; x_wconf 88' lang='lat' dir='ltr'><strong>pauperes</strong></span> <span class='ocrx_word' id='word_1_226' title='bbox 920 1772 1157 1817; x_wconf 85' lang='lat' dir='ltr'><strong>suscipiebat,</strong></span> <span class='ocrx_word' id='word_1_227' title='bbox 1198 1772 1334 1806; x_wconf 88' lang='lat' dir='ltr'><strong>domum</strong></span> <span class='ocrx_word' id='word_1_228' title='bbox 1374 1774 1463 1807; x_wconf 91' lang='lat' dir='ltr'><strong>enim</strong></span> 
     </span>
     <span class='ocr_line' id='line_1_27' title="bbox 74 1836 1463 1884; baseline 0 -13"><span class='ocrx_word' id='word_1_229' title='bbox 74 1838 258 1872; x_wconf 79' lang='lat' dir='ltr'><strong>maxImam</strong></span> <span class='ocrx_word' id='word_1_230' title='bbox 281 1837 345 1872; x_wconf 89' lang='lat' dir='ltr'><strong>sub</strong></span> <span class='ocrx_word' id='word_1_231' title='bbox 372 1838 543 1872; x_wconf 90' lang='lat' dir='ltr'><strong>altissimo</strong></span> <span class='ocrx_word' id='word_1_232' title='bbox 568 1843 686 1872; x_wconf 84' lang='lat' dir='ltr'><strong>castro</strong></span> <span class='ocrx_word' id='word_1_233' title='bbox 703 1839 911 1880; x_wconf 81' lang='lat' dir='ltr'><strong>construxit,</strong></span> <span class='ocrx_word' id='word_1_234' title='bbox 937 1838 970 1871; x_wconf 93' lang='lat' dir='ltr'><strong>in</strong></span> <span class='ocrx_word' id='word_1_235' title='bbox 989 1847 1058 1883; x_wconf 86' lang='lat' dir='ltr'><strong>qua</strong></span> <span class='ocrx_word' id='word_1_236' title='bbox 1074 1836 1282 1872; x_wconf 76' lang='lat' dir='ltr'><strong>intirmorum</strong></span> <span class='ocrx_word' id='word_1_237' title='bbox 1302 1847 1463 1884; x_wconf 84' lang='lat' dir='ltr'><strong>magnam</strong></span> 
     </span>
     <span class='ocr_line' id='line_1_28' title="bbox 73 1902 1462 1950; baseline 0.001 -13"><span class='ocrx_word' id='word_1_238' title='bbox 73 1902 327 1938; x_wconf 90' lang='lat' dir='ltr'><strong>multitudinem</strong></span> <span class='ocrx_word' id='word_1_239' title='bbox 345 1903 541 1946; x_wconf 76' lang='lat' dir='ltr'><strong>refovebat,</strong></span> <span class='ocrx_word' id='word_1_240' title='bbox 563 1914 650 1949; x_wconf 89' lang='lat' dir='ltr'><strong>quos</strong></span> <span class='ocrx_word' id='word_1_241' title='bbox 669 1904 793 1939; x_wconf 90' lang='lat' dir='ltr'><strong>diebus</strong></span> <span class='ocrx_word' id='word_1_242' title='bbox 812 1903 962 1950; x_wconf 82' lang='lat' dir='ltr'><strong>singulis</strong></span> <span class='ocrx_word' id='word_1_243' title='bbox 985 1913 1051 1937; x_wconf 91' lang='lat' dir='ltr'><strong>non</strong></span> <span class='ocrx_word' id='word_1_244' title='bbox 1073 1903 1236 1938; x_wconf 84' lang='lat' dir='ltr'><strong>obstante</strong></span> <span class='ocrx_word' id='word_1_245' title='bbox 1253 1903 1462 1938; x_wconf 80' lang='lat' dir='ltr'><strong>difficultate</strong></span> 
     </span>
     <span class='ocr_line' id='line_1_29' title="bbox 76 1968 1465 2004; baseline -0.001 -1"><span class='ocrx_word' id='word_1_246' title='bbox 76 1977 243 2004; x_wconf 82' lang='lat' dir='ltr'><strong>aseensus</strong></span> <span class='ocrx_word' id='word_1_247' title='bbox 268 1969 324 2004; x_wconf 83' lang='lat' dir='ltr'><strong>vel</strong></span> <span class='ocrx_word' id='word_1_248' title='bbox 349 1969 540 2004; x_wconf 88' lang='lat' dir='ltr'><strong>descensus</strong></span> <span class='ocrx_word' id='word_1_249' title='bbox 570 1971 715 2004; x_wconf 83' lang='lat' dir='ltr'><strong>visitans</strong></span> <span class='ocrx_word' id='word_1_250' title='bbox 745 1973 778 2004; x_wconf 89' lang='lat' dir='ltr'><strong>et</strong></span> <span class='ocrx_word' id='word_1_251' title='bbox 805 1971 848 2003; x_wconf 87' lang='lat' dir='ltr'><strong>iis</strong></span> <span class='ocrx_word' id='word_1_252' title='bbox 876 1971 992 2003; x_wconf 88' lang='lat' dir='ltr'><strong>omnia</strong></span> <span class='ocrx_word' id='word_1_253' title='bbox 1016 1971 1220 2004; x_wconf 83' lang='lat' dir='ltr'><strong>necessaria</strong></span> <span class='ocrx_word' id='word_1_254' title='bbox 1242 1968 1465 2004; x_wconf 84' lang='lat' dir='ltr'><strong>ministrabat</strong></span> 
     </span>
     <span class='ocr_line' id='line_1_30' title="bbox 77 2033 1461 2079; baseline 0.001 -11"><span class='ocrx_word' id='word_1_255' title='bbox 77 2037 112 2068; x_wconf 87' lang='lat' dir='ltr'><strong>et</strong></span> <span class='ocrx_word' id='word_1_256' title='bbox 137 2033 253 2069; x_wconf 87' lang='lat' dir='ltr'><strong>verbis</strong></span> <span class='ocrx_word' id='word_1_257' title='bbox 277 2035 492 2068; x_wconf 83' lang='lat' dir='ltr'><strong>excitatoriis</strong></span> <span class='ocrx_word' id='word_1_258' title='bbox 519 2034 564 2068; x_wconf 91' lang='lat' dir='ltr'><strong>ad</strong></span> <span class='ocrx_word' id='word_1_259' title='bbox 593 2036 797 2079; x_wconf 88' lang='lat' dir='ltr'><strong>patientiam</strong></span> <span class='ocrx_word' id='word_1_260' title='bbox 825 2034 1030 2077; x_wconf 83' lang='lat' dir='ltr'><strong>inducebat,</strong></span> <span class='ocrx_word' id='word_1_261' title='bbox 1057 2039 1091 2070; x_wconf 89' lang='lat' dir='ltr'><strong>et</strong></span> <span class='ocrx_word' id='word_1_262' title='bbox 1114 2035 1199 2070; x_wconf 85' lang='lat' dir='ltr'><strong>licet</strong></span> <span class='ocrx_word' id='word_1_263' title='bbox 1223 2045 1357 2070; x_wconf 89' lang='lat' dir='ltr'><strong>omnem</strong></span> <span class='ocrx_word' id='word_1_264' title='bbox 1381 2045 1461 2069; x_wconf 87' lang='lat' dir='ltr'><strong>cor-</strong></span> 
     </span>
     <span class='ocr_line' id='line_1_31' title="bbox 74 2099 1462 2145; baseline -0.001 -11"><span class='ocrx_word' id='word_1_265' title='bbox 74 2101 270 2145; x_wconf 87' lang='lat' dir='ltr'><strong>ruptionem</strong></span> <span class='ocrx_word' id='word_1_266' title='bbox 295 2100 387 2133; x_wconf 76' lang='lat' dir='ltr'><strong>aeris</strong></span> <span class='ocrx_word' id='word_1_267' title='bbox 412 2108 550 2143; x_wconf 89' lang='lat' dir='ltr'><strong>semper</strong></span> <span class='ocrx_word' id='word_1_268' title='bbox 574 2108 684 2145; x_wconf 86' lang='lat' dir='ltr'><strong>aegre</strong></span> <span class='ocrx_word' id='word_1_269' title='bbox 710 2101 917 2144; x_wconf 86' lang='lat' dir='ltr'><strong>portaverit,</strong></span> <span class='ocrx_word' id='word_1_270' title='bbox 943 2099 1152 2134; x_wconf 80' lang='lat' dir='ltr'><strong>infirmorum</strong></span> <span class='ocrx_word' id='word_1_271' title='bbox 1178 2104 1294 2135; x_wconf 89' lang='lat' dir='ltr'><strong>tamen</strong></span> <span class='ocrx_word' id='word_1_272' title='bbox 1315 2110 1462 2144; x_wconf 86' lang='lat' dir='ltr'><strong>corrup-</strong></span> 
     </span>
     <span class='ocr_line' id='line_1_32' title="bbox 74 2163 1462 2210; baseline -0.001 -10"><span class='ocrx_word' id='word_1_273' title='bbox 74 2166 190 2200; x_wconf 83' lang='lat' dir='ltr'><strong>tiones</strong></span> <span class='ocrx_word' id='word_1_274' title='bbox 222 2168 368 2209; x_wconf 85' lang='lat' dir='ltr'><strong>proptcr</strong></span> <span class='ocrx_word' id='word_1_275' title='bbox 398 2163 462 2199; x_wconf 88' lang='lat' dir='ltr'><strong>Dei</strong></span> <span class='ocrx_word' id='word_1_276' title='bbox 496 2174 647 2199; x_wconf 87' lang='lat' dir='ltr'><strong>amorem</strong></span> <span class='ocrx_word' id='word_1_277' title='bbox 682 2165 784 2199; x_wconf 79' lang='lat' dir='ltr'><strong>etlam</strong></span> <span class='ocrx_word' id='word_1_278' title='bbox 817 2168 972 2210; x_wconf 84' lang='lat' dir='ltr'><strong>tempore</strong></span> <span class='ocrx_word' id='word_1_279' title='bbox 1008 2166 1145 2200; x_wconf 89' lang='lat' dir='ltr'><strong>aestivo</strong></span> <span class='ocrx_word' id='word_1_280' title='bbox 1172 2176 1239 2199; x_wconf 90' lang='lat' dir='ltr'><strong>non</strong></span> <span class='ocrx_word' id='word_1_281' title='bbox 1264 2164 1462 2208; x_wconf 89' lang='lat' dir='ltr'><strong>abhorruit,</strong></span> 
     </span>
     <span class='ocr_line' id='line_1_33' title="bbox 75 2229 1463 2276; baseline -0.001 -10"><span class='ocrx_word' id='word_1_282' title='bbox 75 2230 139 2266; x_wconf 85' lang='lat' dir='ltr'><strong>sed</strong></span> <span class='ocrx_word' id='word_1_283' title='bbox 163 2229 320 2266; x_wconf 90' lang='lat' dir='ltr'><strong>remedia</strong></span> <span class='ocrx_word' id='word_1_284' title='bbox 343 2229 526 2273; x_wconf 89' lang='lat' dir='ltr'><strong>adhibuit,</strong></span> <span class='ocrx_word' id='word_1_285' title='bbox 563 2230 639 2265; x_wconf 89' lang='lat' dir='ltr'><strong>velo</strong></span> <span class='ocrx_word' id='word_1_286' title='bbox 673 2231 808 2275; x_wconf 87' lang='lat' dir='ltr'><strong>proprii</strong></span> <span class='ocrx_word' id='word_1_287' title='bbox 840 2231 966 2275; x_wconf 86' lang='lat' dir='ltr'><strong>capitis</strong></span> <span class='ocrx_word' id='word_1_288' title='bbox 999 2231 1101 2265; x_wconf 86' lang='lat' dir='ltr'><strong>tersit</strong></span> <span class='ocrx_word' id='word_1_289' title='bbox 1135 2234 1169 2264; x_wconf 89' lang='lat' dir='ltr'><strong>et</strong></span> <span class='ocrx_word' id='word_1_290' title='bbox 1194 2231 1352 2266; x_wconf 89' lang='lat' dir='ltr'><strong>manibus</strong></span> <span class='ocrx_word' id='word_1_291' title='bbox 1379 2241 1463 2276; x_wconf 88' lang='lat' dir='ltr'><strong>pro-</strong></span> 
     </span>
     <span class='ocr_line' id='line_1_34' title="bbox 75 2295 1461 2342; baseline -0.001 -10"><span class='ocrx_word' id='word_1_292' title='bbox 75 2297 164 2342; x_wconf 86' lang='lat' dir='ltr'><strong>priis</strong></span> <span class='ocrx_word' id='word_1_293' title='bbox 180 2297 424 2339; x_wconf 83' lang='lat' dir='ltr'><strong>contrectavit,</strong></span> <span class='ocrx_word' id='word_1_294' title='bbox 449 2296 530 2331; x_wconf 83' lang='lat' dir='ltr'><strong>lIcet</strong></span> <span class='ocrx_word' id='word_1_295' title='bbox 547 2295 696 2330; x_wconf 84' lang='lat' dir='ltr'><strong>ancillae</strong></span> <span class='ocrx_word' id='word_1_296' title='bbox 712 2295 799 2330; x_wconf 89' lang='lat' dir='ltr'><strong>talia</strong></span> <span class='ocrx_word' id='word_1_297' title='bbox 821 2297 1016 2342; x_wconf 77' lang='lat' dir='ltr'><strong>³)graviter</strong></span> <span class='ocrx_word' id='word_1_298' title='bbox 1032 2296 1235 2331; x_wconf 83' lang='lat' dir='ltr'><strong>tolerarent.</strong></span> <span class='ocrx_word' id='word_1_299' title='bbox 1284 2296 1320 2330; x_wconf 91' lang='lat' dir='ltr'><strong>In</strong></span> <span class='ocrx_word' id='word_1_300' title='bbox 1339 2297 1461 2332; x_wconf 86' lang='lat' dir='ltr'><strong>eadem</strong></span> 
     </span>
     <span class='ocr_line' id='line_1_35' title="bbox 77 2360 1460 2409; baseline -0.001 -12"><span class='ocrx_word' id='word_1_301' title='bbox 77 2371 216 2409; x_wconf 86' lang='lat' dir='ltr'><strong>quoque</strong></span> <span class='ocrx_word' id='word_1_302' title='bbox 238 2360 340 2396; x_wconf 90' lang='lat' dir='ltr'><strong>domo</strong></span> <span class='ocrx_word' id='word_1_303' title='bbox 361 2361 528 2407; x_wconf 86' lang='lat' dir='ltr'><strong>puerulos</strong></span> <span class='ocrx_word' id='word_1_304' title='bbox 549 2371 740 2406; x_wconf 90' lang='lat' dir='ltr'><strong>pauperum</strong></span> <span class='ocrx_word' id='word_1_305' title='bbox 763 2360 966 2397; x_wconf 77' lang='lat' dir='ltr'><strong>feminarum</strong></span> <span class='ocrx_word' id='word_1_306' title='bbox 988 2363 1112 2396; x_wconf 87' lang='lat' dir='ltr'><strong>nutriri</strong></span> <span class='ocrx_word' id='word_1_307' title='bbox 1137 2373 1212 2397; x_wconf 86' lang='lat' dir='ltr'><strong>eum</strong></span> <span class='ocrx_word' id='word_1_308' title='bbox 1231 2372 1362 2397; x_wconf 90' lang='lat' dir='ltr'><strong>summa</strong></span> <span class='ocrx_word' id='word_1_309' title='bbox 1378 2362 1460 2396; x_wconf 86' lang='lat' dir='ltr'><strong>dili-</strong></span> 
     </span>
     <span class='ocr_line' id='line_1_36' title="bbox 75 2426 1460 2475; baseline -0.001 -12"><span class='ocrx_word' id='word_1_310' title='bbox 75 2429 198 2475; x_wconf 85' lang='lat' dir='ltr'><strong>gentia</strong></span> <span class='ocrx_word' id='word_1_311' title='bbox 218 2426 391 2469; x_wconf 79' lang='lat' dir='ltr'><strong>faciebat,</strong></span> <span class='ocrx_word' id='word_1_312' title='bbox 418 2426 544 2472; x_wconf 87' lang='lat' dir='ltr'><strong>quibus</strong></span> <span class='ocrx_word' id='word_1_313' title='bbox 563 2436 601 2462; x_wconf 91' lang='lat' dir='ltr'><strong>se</strong></span> <span class='ocrx_word' id='word_1_314' title='bbox 616 2430 686 2461; x_wconf 86' lang='lat' dir='ltr'><strong>tam</strong></span> <span class='ocrx_word' id='word_1_315' title='bbox 709 2427 842 2462; x_wconf 89' lang='lat' dir='ltr'><strong>dulcem</strong></span> <span class='ocrx_word' id='word_1_316' title='bbox 863 2431 897 2462; x_wconf 86' lang='lat' dir='ltr'><strong>et</strong></span> <span class='ocrx_word' id='word_1_317' title='bbox 916 2427 1078 2462; x_wconf 86' lang='lat' dir='ltr'><strong>humilem</strong></span> <span class='ocrx_word' id='word_1_318' title='bbox 1097 2427 1307 2470; x_wconf 87' lang='lat' dir='ltr'><strong>exhibebat,</strong></span> <span class='ocrx_word' id='word_1_319' title='bbox 1328 2433 1366 2462; x_wconf 83' lang='lat' dir='ltr'><strong>ut</strong></span> <span class='ocrx_word' id='word_1_320' title='bbox 1384 2437 1460 2462; x_wconf 89' lang='lat' dir='ltr'><strong>eam</strong></span> 
     </span>
     <span class='ocr_line' id='line_1_37' title="bbox 76 2493 1460 2537; baseline -0.001 -9"><span class='ocrx_word' id='word_1_321' title='bbox 76 2503 196 2529; x_wconf 85' lang='lat' dir='ltr'><strong>omnes</strong></span> <span class='ocrx_word' id='word_1_322' title='bbox 221 2495 364 2527; x_wconf 85' lang='lat' dir='ltr'><strong>matrem</strong></span> <span class='ocrx_word' id='word_1_323' title='bbox 391 2495 560 2526; x_wconf 84' lang='lat' dir='ltr'><strong>vocarent</strong></span> <span class='ocrx_word' id='word_1_324' title='bbox 582 2496 617 2527; x_wconf 88' lang='lat' dir='ltr'><strong>et</strong></span> <span class='ocrx_word' id='word_1_325' title='bbox 641 2494 824 2528; x_wconf 87' lang='lat' dir='ltr'><strong>intrantem</strong></span> <span class='ocrx_word' id='word_1_326' title='bbox 843 2493 979 2528; x_wconf 85' lang='lat' dir='ltr'><strong>domum</strong></span> <span class='ocrx_word' id='word_1_327' title='bbox 999 2493 1113 2527; x_wconf 87' lang='lat' dir='ltr'><strong>cuncti</strong></span> <span class='ocrx_word' id='word_1_328' title='bbox 1126 2496 1299 2537; x_wconf 83' lang='lat' dir='ltr'><strong>tamqnam</strong></span> <span class='ocrx_word' id='word_1_329' title='bbox 1318 2496 1460 2527; x_wconf 88' lang='lat' dir='ltr'><strong>matrem</strong></span> 
     </span>
     <span class='ocr_line' id='line_1_38' title="bbox 78 2557 1458 2604; baseline 0 -11"><span class='ocrx_word' id='word_1_330' title='bbox 78 2558 141 2593; x_wconf 85' lang='lat' dir='ltr'><strong>filii</strong></span> <span class='ocrx_word' id='word_1_331' title='bbox 164 2561 397 2604; x_wconf 85' lang='lat' dir='ltr'><strong>sequerentur</strong></span> <span class='ocrx_word' id='word_1_332' title='bbox 416 2560 450 2591; x_wconf 90' lang='lat' dir='ltr'><strong>et</strong></span> <span class='ocrx_word' id='word_1_333' title='bbox 467 2560 548 2591; x_wconf 83' lang='lat' dir='ltr'><strong>ante</strong></span> <span class='ocrx_word' id='word_1_334' title='bbox 566 2566 640 2591; x_wconf 89' lang='lat' dir='ltr'><strong>eam</strong></span> <span class='ocrx_word' id='word_1_335' title='bbox 670 2560 872 2594; x_wconf 87' lang='lat' dir='ltr'><strong>catervatim</strong></span> <span class='ocrx_word' id='word_1_336' title='bbox 898 2569 973 2593; x_wconf 82' lang='lat' dir='ltr'><strong>cum</strong></span> <span class='ocrx_word' id='word_1_337' title='bbox 999 2568 1130 2593; x_wconf 89' lang='lat' dir='ltr'><strong>summo</strong></span> <span class='ocrx_word' id='word_1_338' title='bbox 1157 2557 1273 2593; x_wconf 90' lang='lat' dir='ltr'><strong>studi0</strong></span> <span class='ocrx_word' id='word_1_339' title='bbox 1301 2558 1458 2593; x_wconf 83' lang='lat' dir='ltr'><strong>colloca-</strong></span> 
     </span>
    </p>
   </div>
   <div class='ocr_carea' id='block_1_3' title="bbox 78 2642 1457 2738">
    <p class='ocr_par' dir='ltr' id='par_1_3' title="bbox 78 2642 1457 2738">
     <span class='ocr_line' id='line_1_39' title="bbox 96 2642 1457 2692; baseline 0 -8"><span class='ocrx_word' id='word_1_340' title='bbox 96 2642 99 2645; x_wconf 36' lang='lat'>·</span> <span class='ocrx_word' id='word_1_341' title='bbox 145 2658 172 2692; x_wconf 82' lang='lat'><strong>1)</strong></span> <span class='ocrx_word' id='word_1_342' title='bbox 190 2657 244 2685; x_wconf 78' lang='lat' dir='ltr'><strong>Ed.</strong></span> <span class='ocrx_word' id='word_1_343' title='bbox 262 2661 307 2686; x_wconf 83' lang='lat' dir='ltr'><strong>Pr.</strong></span> <span class='ocrx_word' id='word_1_344' title='bbox 327 2656 414 2690; x_wconf 75' lang='lat' dir='ltr'><strong>legit:</strong></span> <span class='ocrx_word' id='word_1_345' title='bbox 433 2660 458 2683; x_wconf 88' lang='lat' dir='ltr'>T</span> <span class='ocrx_word' id='word_1_346' title='bbox 468 2666 481 2683; x_wconf 86' lang='lat' dir='ltr'><strong>r</strong></span> <span class='ocrx_word' id='word_1_347' title='bbox 490 2665 578 2683; x_wconf 81' lang='lat' dir='ltr'><strong>emm</strong></span> <span class='ocrx_word' id='word_1_348' title='bbox 587 2655 648 2683; x_wconf 84' lang='lat' dir='ltr'><strong>oni</strong></span> <span class='ocrx_word' id='word_1_349' title='bbox 657 2665 673 2682; x_wconf 85' lang='lat' dir='ltr'><strong>a</strong></span> <span class='ocrx_word' id='word_1_350' title='bbox 683 2664 708 2682; x_wconf 89' lang='lat' dir='ltr'><strong>e.</strong></span> <span class='ocrx_word' id='word_1_351' title='bbox 910 2656 938 2688; x_wconf 83' lang='lat'><strong>2)</strong></span> <span class='ocrx_word' id='word_1_352' title='bbox 957 2654 1010 2682; x_wconf 78' lang='lat' dir='ltr'><strong>Ed.</strong></span> <span class='ocrx_word' id='word_1_353' title='bbox 1031 2658 1073 2684; x_wconf 77' lang='lat' dir='ltr'><strong>Pr.</strong></span> <span class='ocrx_word' id='word_1_354' title='bbox 1093 2655 1178 2688; x_wconf 82' lang='lat' dir='ltr'><strong>legit:</strong></span> <span class='ocrx_word' id='word_1_355' title='bbox 1199 2666 1214 2683; x_wconf 79' lang='lat' dir='ltr'><strong>e</strong></span> <span class='ocrx_word' id='word_1_356' title='bbox 1225 2667 1243 2683; x_wconf 85' lang='grc' dir='ltr'><strong>ιι</strong></span> <span class='ocrx_word' id='word_1_357' title='bbox 1253 2666 1267 2684; x_wconf 88' lang='lat' dir='ltr'><strong>c</strong></span> <span class='ocrx_word' id='word_1_358' title='bbox 1277 2656 1296 2683; x_wconf 81' lang='lat'><strong>11</strong></span> <span class='ocrx_word' id='word_1_359' title='bbox 1306 2666 1321 2684; x_wconf 86' lang='lat' dir='ltr'><strong>a</strong></span> <span class='ocrx_word' id='word_1_360' title='bbox 1330 2656 1362 2684; x_wconf 85' lang='lat' dir='ltr'><strong>ri</strong></span> <span class='ocrx_word' id='word_1_361' title='bbox 1372 2661 1404 2684; x_wconf 87' lang='lat' dir='ltr'><strong>st.</strong></span> <span class='ocrx_word' id='word_1_362' title='bbox 1414 2656 1457 2686; x_wconf 75' lang='lat' dir='ltr'><strong>ia.</strong></span> 
     </span>
     <span class='ocr_line' id='line_1_40' title="bbox 78 2698 1095 2738; baseline -0.005 -6"><span class='ocrx_word' id='word_1_363' title='bbox 78 2704 107 2738; x_wconf 79' lang='lat'><strong>3)</strong></span> <span class='ocrx_word' id='word_1_364' title='bbox 126 2702 179 2732; x_wconf 77' lang='lat' dir='ltr'><strong>Ed.</strong></span> <span class='ocrx_word' id='word_1_365' title='bbox 198 2706 243 2731; x_wconf 86' lang='lat' dir='ltr'><strong>l&#39;r.</strong></span> <span class='ocrx_word' id='word_1_366' title='bbox 262 2711 337 2730; x_wconf 86' lang='lat' dir='ltr'><strong>non</strong></span> <span class='ocrx_word' id='word_1_367' title='bbox 356 2701 544 2735; x_wconf 70' lang='lat' dir='ltr'><strong>negationem</strong></span> <span class='ocrx_word' id='word_1_368' title='bbox 565 2709 619 2736; x_wconf 87' lang='lat' dir='ltr'><strong>pro</strong></span> <span class='ocrx_word' id='word_1_369' title='bbox 639 2700 784 2729; x_wconf 76' lang='lat' dir='ltr'><strong>adverbio</strong></span> <span class='ocrx_word' id='word_1_370' title='bbox 805 2699 981 2733; x_wconf 78' lang='lat' dir='ltr'><strong>graviter</strong></span> <span class='ocrx_word' id='word_1_371' title='bbox 1000 2698 1095 2727; x_wconf 79' lang='lat' dir='ltr'><strong>offert.</strong></span> 
     </span>
    </p>
   </div>
  </div>
 </body>
</html>
