1742 3005
453 90 547 137 cap.
581 87 694 125 CXV.
753 89 810 125 De
842 94 973 123 salicto
1006 89 1171 124 Donato.
1427 88 1508 126 4δό

111 192 240 225 domini
273 190 357 226 Jesu
389 192 520 227 Christi
558 193 630 227 noli
668 192 750 226 milii
785 202 863 227 esse
898 192 1084 234 molestus,
1130 195 1165 225 ut
1205 191 1248 225 de
1289 191 1391 225 domo
1428 202 1505 225 mea

112 256 294 303 egrediar,
331 268 350 291 o
372 258 531 301 Donate,
567 268 675 304 quare
705 269 757 293 me
790 260 885 293 exire
910 261 1050 292 coartas
1076 267 1149 291 eum
1175 258 1382 291 tormentis?
1406 256 1501 291 'Sed

110 327 233 358 orante
267 323 402 358 Donato
439 324 503 358 suit
536 326 696 369 protinus
730 324 913 359 liberatus.
948 343 988 348 -—
1029 343 1064 350 -·
1099 342 1143 348 ——
1184 327 1228 359 ἓ.
1266 322 1330 357 Vir
1359 322 1499 368 quidam

105 387 315 422 Eustachius
335 391 471 424 nomine
494 395 638 425 exactor
657 390 731 424 fisci
751 389 929 424 inTuscia
948 388 1122 432 publicam
1145 390 1324 431 pecuniam
1337 391 1498 424 incusto-

108 453 166 488 dia
183 456 304 488 uxoris
324 455 714 501 nomineEuphrosinae
732 455 932 499 dereliquit,
951 452 1011 487 sed
1033 463 1105 486 cum
1126 455 1306 497 provincia
1324 454 1366 487 ab
1384 454 1497 489 hosti-

106 520 171 554 bus
204 525 400 566 urgeretur,
421 523 601 565 pecuniam
626 520 811 555 abscondit
830 524 864 554 et
881 518 1003 552 dolore
1028 523 1221 562 praeventa
1247 520 1349 552 vitam
1377 519 1495 553 linivit.

110 584 171 621 Vir
199 590 312 621 autem
333 588 409 632 eJus
431 587 569 621 rediens
590 597 663 622 cum
680 586 860 630 pecuniam
880 585 1036 618 invenire
1056 594 1122 617 non
1145 590 1267 628 posset
1285 586 1402 630 etJam
1422 596 1497 619 cnm

106 653 186 686 tiliis
207 653 279 686 suis
305 652 347 686 ad
366 652 572 697 supplicium
590 652 681 687 tradi
709 651 874 693 deberet,
899 650 942 684 ad
960 654 1114 683 sanctum
1134 649 1305 684 Donatum
1324 650 1496 696 confugit,

103 718 258 752 Donatus
294 723 408 752 autem
441 718 487 752 ad
519 717 742 763 sepulchrum
774 719 895 751 uxoris
940 727 1013 750 cum
1058 726 1098 750 eo
1144 727 1295 762 pergens
1335 718 1496 751 oratioue

105 787 197 820 sacta
220 785 317 819 clara
343 795 429 820 voce
458 784 563 818 dixit:
599 782 822 828 Euphrosina
847 794 910 827 per
935 783 1092 826 spiritum
1119 787 1273 816 sanetum
1301 787 1336 818 te
1357 783 1494 828 adjuro,

103 857 140 887 ut
172 852 270 886 dicas
305 851 428 893 nobis,
459 851 519 884 ubi
549 850 651 885 talem
679 851 859 895 pecuniam
891 848 1052 893 posuisti.
1102 846 1143 881 Et
1168 847 1262 881 sacta
1286 853 1339 882 est
1360 860 1426 882 vox
1452 848 1494 883 de

103 917 291 964 sepulchro
318 916 453 952 dicens:
492 919 527 951 in
550 919 712 962 ingressu
746 915 866 949 domus
899 923 1017 956 meae,
1053 913 1098 946 ibi
1134 923 1208 948 eam
1247 914 1401 948 subfodi.
1451 914 1493 948 Et

103 988 224 1019 euntes
252 994 326 1018 eam
352 984 420 1027 ibi,
454 988 491 1018 ut
527 983 683 1025 dixerat,
717 983 932 1016 invenerunt.
961 1001 1001 1006 —--
1031 998 1067 1003 ·-
1095 1000 1139 1004 ——
1173 984 1220 1017 3.
1249 980 1333 1014 Post
1358 981 1493 1025 aliquot

103 1053 216 1084 autem
243 1049 318 1084 dies
345 1050 491 1095 Satyrus
519 1050 706 1094 episcopus
733 1049 766 1082 in
792 1048 931 1081 domino
958 1046 1169 1081 obdormivit
1197 1051 1229 1081 ct
1250 1048 1360 1080 omnis
1377 1047 1490 1080 clerus

100 1115 272 1149 Donatum
293 1116 327 1149 in
346 1117 545 1160 episcopum
563 1115 683 1161 elegit.
710 1114 792 1149 Cum
810 1118 921 1148 autent
934 1141 941 1155 ,
960 1117 995 1146 ut
1014 1112 1121 1147 refert
1138 1111 1329 1157 Gregorius
1351 1114 1383 1145 in
1405 1112 1489 1156 dya-

99 1181 204 1227 logis,
231 1181 378 1226 quadam
399 1182 580 1216 diemissa
604 1181 782 1215 celebrata
797 1180 946 1225 populus
966 1180 1232 1212 communicaret
1255 1182 1287 1212 et
1313 1178 1489 1223 dyaconus

99 1250 354 1282 communicans
388 1247 517 1282 Christi
552 1248 755 1293 sanguinein
786 1247 1010 1291 propinaret,
1046 1245 1160 1278 subito
1185 1255 1399 1290 paganorum
1426 1246 1490 1278 im-

100 1313 202 1359 pulsu
244 1313 422 1358 dyaconus
456 1313 581 1348 cecidit
616 1319 649 1347 et
687 1313 828 1347 calicem
865 1316 1020 1345 sanctum
1058 1311 1174 1357 fregit.
1223 1311 1273 1345 De
1308 1322 1374 1356 quo
1415 1322 1487 1345 cum

99 1381 175 1424 ipse
201 1383 235 1414 et
262 1380 372 1412 omnis
398 1379 547 1424 populus
575 1379 755 1423 plurimum
781 1383 934 1412 moestus
960 1381 1075 1419 esset,
1108 1377 1262 1411 Donatus
1291 1377 1488 1422 fragmenta

100 1444 272 1490 colligens
292 1444 412 1478 caliois
432 1447 590 1479 oratione
607 1444 700 1478 facta
719 1446 830 1489 ipsum
851 1446 881 1477 in
902 1435 1081 1488 pristinam
1106 1443 1249 1476 sormam
1264 1447 1439 1476 restaurai
1452 1444 1486 1476 it.

97 1509 171 1545 Una
196 1514 311 1544 autem
336 1510 509 1555 particula
536 1520 556 1543 a
587 1509 737 1555 dyabolo
764 1509 938 1544 absconsa
963 1509 1048 1549 l'uit,
1077 1518 1165 1553 quae
1192 1509 1225 1541 in
1253 1507 1362 1541 calice
1385 1518 1485 1552 prae-

97 1576 191 1610 dicto
217 1575 365 1618 defecit,
399 1586 488 1621 quae
515 1580 628 1610 tamen
655 1580 707 1610 cst
732 1575 776 1609 ad
803 1577 1037 1609 testimonium
1073 1573 1229 1608 miraculi
1256 1573 1371 1618 liujus.
1420 1573 1485 1608 Pa-

97 1645 180 1688 gani
217 1646 330 1676 autem
369 1642 436 1676 hoc
470 1643 543 1676 viso
578 1642 744 1675 miraculo
780 1646 859 1676 sunt
892 1642 1052 1676 conversi
1084 1645 1118 1675 et
1149 1639 1281 1673 LXXX
1313 1639 1488 1684 baptisma

97 1712 338 1753 susceperunt.
366 1728 403 1733 —-
432 1727 471 1733 --
500 1726 538 1731 -
567 1712 612 1744 4.
638 1706 730 1741 Fons
755 1707 894 1753 quidam
923 1707 1013 1742 adeo
1044 1711 1121 1741 erat
1146 1706 1313 1747 insectus,
1335 1710 1382 1747 ut,
1408 1707 1486 1751 qui-

97 1785 231 1820 cunque
264 1774 307 1808 de
343 1774 404 1808 illo
438 1774 596 1815 biberet,
633 1775 792 1818 protinus
826 1779 1031 1809 moreretur.
1081 1773 1166 1808 Dum
1203 1773 1311 1817 igilur
1342 1776 1485 1806 sanctus

94 1840 251 1875 Donatus
276 1850 382 1885 super
408 1841 540 1874 asinum
565 1851 662 1874 suum
688 1839 768 1874 illuc
795 1841 880 1882 iret,
915 1845 951 1874 ut
985 1841 1145 1874 oratione
1178 1850 1242 1872 sua
1277 1848 1402 1883 aquam
1428 1848 1486 1872 sa-

95 1910 214 1948 naret,
244 1905 350 1940 draeo
385 1906 554 1940 terribilis
589 1905 670 1940 inde
705 1908 818 1950 erupit
850 1911 882 1941 ct
912 1906 1020 1951 pedes
1048 1907 1137 1939 asini
1165 1904 1277 1939 cauda
1304 1904 1485 1938 involvens

95 1975 218 2005 contra
241 1970 410 2004 Donatum
438 1982 476 2006 se
504 1973 662 2015 protinus
689 1974 811 2006 erexit.
862 1973 968 2012 Quem
991 1972 1147 2006 Donatus
1173 1970 1315 2016 flagello
1335 1970 1483 2015 quodam

96 2036 295 2081 percutiens
321 2035 388 2077 vel,
421 2036 608 2070 secundum
635 2037 727 2081 quod
761 2037 846 2071 alibi
880 2038 1031 2083 legitur,
1068 2038 1101 2070 in
1137 2047 1176 2070 os
1205 2037 1281 2080 ejus
1309 2046 1483 2079 exspuens

95 2102 260 2136 continuo
286 2100 463 2135 interfecit
487 2103 670 2146 oravitque
689 2101 735 2135 ad
762 2101 946 2143 dominum,
973 2106 1007 2136 ct
1032 2112 1132 2135 omne
1161 2111 1328 2135 venenum
1352 2100 1485 2133 alonte

97 2167 244 2213 fugavit.
298 2165 413 2201 Alium
448 2177 586 2211 quoque
617 2166 768 2209 sontem,
806 2167 883 2202 dum
918 2170 994 2212 ipse
1030 2178 1103 2201 cum
1139 2168 1243 2200 sociis
1277 2168 1350 2200 suis
1386 2166 1486 2200 valde

95 2234 228 2275 sitiret,
262 2232 411 2277 quadam
444 2233 517 2266 vice
554 2234 712 2268 oratione
746 2233 873 2268 ibidem
911 2233 1085 2278 produxit.
1117 2252 1154 2258 —
1185 2253 1225 2258 —-
1252 2254 1289 2258 —
1329 2234 1376 2269 ὅ.
1404 2232 1484 2266 (lam

95 2298 168 2332 filia
190 2297 386 2332 Theodosii
409 2298 632 2342 imperatoris
657 2309 678 2332 a
704 2298 871 2334 daemone
899 2303 1083 2334 vexaretur
1108 2303 1142 2333 et
1167 2298 1209 2332 ad
1236 2303 1392 2332 sanetum
1412 2297 1483 2330 Do-

95 2368 211 2399 natum
249 2362 399 2397 adducta
432 2363 578 2405 suisset,
611 2364 699 2398 dixit
730 2365 907 2399 Donatus:
950 2366 1028 2407 exi,
1059 2364 1229 2399 immunde
1261 2365 1418 2408 spiritus,
1453 2366 1487 2397 et

96 2430 168 2464 noli
198 2431 232 2463 in
266 2428 439 2474 plasmate
471 2428 536 2463 Dei
568 2428 743 2465 hahitare.
793 2430 856 2465 Cui
889 2430 1055 2465 daemon:
1097 2429 1142 2464 da
1174 2429 1257 2463 milii
1289 2429 1485 2481 transitum,

97 2506 165 2542 quo
191 2504 312 2531 exeam
334 2498 394 2528 aut
419 2505 486 2540 quo
514 2493 647 2530 vadam.
700 2495 763 2530 Cui
790 2495 966 2531 Donatus:
1002 2495 1091 2530 unde
1126 2494 1192 2529 hue
1216 2496 1373 2530 venisti?
1422 2494 1486 2528 Cui

96 2561 262 2596 daemon:
289 2560 331 2596 de
356 2571 481 2595 eremO.
530 2559 575 2595 Et
598 2566 760 2596 sanctus:
789 2561 869 2595 illuc
891 2565 1078 2596 revertere.
1127 2560 1170 2595 Et
1187 2560 1354 2595 daemon:
1382 2558 1485 2594 video

96 2628 232 2672 signum
259 2628 373 2662 crucis
404 2627 436 2661 in
462 2630 515 2669 te,
553 2626 596 2661 (le
630 2637 698 2672 quo
732 2629 824 2673 ignis
859 2629 929 2662 exit
955 2632 1075 2662 contra
1100 2638 1166 2670 ine,
1193 2631 1227 2662 et
1251 2636 1336 2672 prae
1363 2627 1487 2660 timore

97 2693 243 2738 ignoro,
281 2704 346 2739 quo
388 2693 531 2737 vadam,
576 2693 638 2728 sed
676 2693 721 2727 ‹la
752 2693 833 2727 milii
872 2693 980 2728 locuni
1019 2693 1165 2728 exeundi
1208 2698 1239 2728 ct
1277 2704 1377 2728 exeo.
1427 2693 1488 2727 Cui
