1742 3005
250 80 343 130 Cap,
372 79 561 118 CXXVII.
621 82 678 118 De
712 81 850 118 sanctis
879 81 1083 118 saviniano
1116 87 1153 119 et
1183 80 1333 119 Savium,
1405 82 1486 121 577

91 188 126 219 et
158 186 195 218 tu
227 185 303 229 ipse
335 195 399 229 per
432 196 484 220 me
515 189 595 220 sunt
620 185 758 220 domino
784 185 993 221 crediturae.
1045 187 1125 221 Cum
1153 191 1267 221 autem
1293 189 1484 233 imperator

91 260 134 284 ex
159 249 225 284 hoc
249 260 374 284 nomen
399 250 464 285 Dei
489 250 792 296 blasphemasset,
830 255 862 286 in
897 254 1083 286 erastinum
1107 254 1218 297 jussit
1241 262 1316 287 eum
1343 253 1387 287 ad
1413 255 1477 288 sti-

90 316 195 360 pitem
228 314 335 361 ligari
366 320 401 351 et
434 317 617 362 sagittari,
656 318 809 363 sagittae
843 321 955 351 autem
988 327 1009 351 a
1039 317 1173 352 dextris
1209 322 1244 352 et
1277 328 1298 352 a
1323 319 1477 353 sinistris

89 380 124 414 in
149 384 229 415 aere
255 380 560 425 suspendebantur
583 392 647 416 nec
672 382 790 427 aliqua
816 393 890 417 eum
926 383 1040 416 laesit.
1090 382 1213 416 Altera
1242 383 1299 417 die
1325 384 1476 428 impera-

88 448 145 479 tor
183 445 226 479 ad
252 456 328 480 eum
351 448 492 481 veniens
519 446 607 479 dixit
632 448 680 480 ei:
708 450 742 480 et
766 446 825 480 ubi
852 450 906 480 est
933 446 1025 480 Deus
1050 446 1157 479 tuus?
1185 448 1302 480 veniat
1328 458 1418 482 nune
1443 453 1478 483 et

88 510 132 546 de
157 513 298 557 sagittis
325 512 403 545 istis
428 515 463 545 te
487 510 623 544 liberet.
679 509 872 555 Statimque
898 520 967 544 una
991 510 1034 544 de
1061 511 1131 543 illis
1158 512 1299 555 sagittis
1327 512 1475 547 exiliens

87 586 206 622 regem
232 578 266 610 in
290 575 389 609 oculo
416 576 591 619 percussit
617 579 650 608 et
677 576 814 618 penitus
840 577 1056 610 excaecavit.
1106 574 1201 609 Unde
1233 577 1344 610 iratus
1365 577 1476 620 jussit

86 652 162 676 eum
194 642 229 674 in
263 650 405 674 carcere
438 640 549 684 recipi
587 643 620 674 et
647 641 679 673 in
707 641 861 674 erastino
889 640 1071 675 decollari.
1121 640 1332 675 Savinianus
1359 646 1475 677 autem

84 715 212 748 orans,
247 709 285 739 ut
318 704 364 739 ad
400 705 532 746 locum,
567 705 627 738 ubi
660 704 860 749 baptizatus
899 705 1034 748 suerat,
1078 706 1347 749 transferretur,
1391 717 1473 741 eon-

84 770 204 805 fractis
237 771 370 805 eatenis
403 774 438 805 et
467 771 600 814 apertis
638 771 739 804 ostiis
776 781 839 814 per
874 771 1006 805 medios
1033 771 1159 805 milites
1191 773 1364 806 transiens
1390 773 1473 807 illuc

84 838 197 877 venit,
239 835 332 881 quod
367 835 515 870 audieus
553 836 742 879 imperator
768 836 876 879 jussit
911 846 985 869 eum
1022 835 1105 869 illuc
1135 837 1271 880 insequi
1300 841 1333 871 et
1358 840 1472 881 capite

81 902 248 936 truncari.
295 901 428 936 Videns
454 905 568 935 autem
595 900 805 934 Savinianus
823 900 951 933 milites
972 901 1196 944 insequentes
1214 910 1320 944 super
1346 911 1472 946 aquam

83 967 178 1001 velut
210 976 318 1011 supra
351 970 484 1010 petram
518 965 730 1005 ambulavit,
767 975 948 1009 quousque
985 964 1028 997 ad
1065 964 1177 998 locum
1215 967 1268 999 sui
1304 966 1471 1011 baptismi

83 1033 252 1076 pervenit.
311 1031 393 1065 Cum
435 1032 543 1075 igitur
575 1030 702 1063 milites
743 1029 1077 1074 ¹)transvadassent
1111 1034 1145 1064 et
1179 1041 1254 1064 eum
1289 1037 1471 1075 percutere

82 1096 330 1138 formidarent,
366 1095 452 1129 dicit
486 1096 577 1130 illis:
611 1097 726 1129 securi
760 1106 813 1129 me
846 1097 1016 1139 percutite
1050 1099 1083 1129 et
1120 1095 1162 1129 de
1195 1098 1366 1141 sanguine
1393 1098 1468 1132 ineo

81 1161 126 1196 ad
151 1162 395 1206 imperatorem
421 1160 569 1203 deserte,
590 1165 633 1210 „ut
658 1161 771 1195 lumen
797 1161 945 1204 recipiat
971 1164 1005 1193 et
1022 1160 1085 1194 Dei
1103 1161 1264 1194 virtutem
1286 1166 1468 1206 agnoscat.

80 1226 273 1262 Percussus
305 1228 414 1272 igitur
448 1231 553 1272 caput
589 1237 685 1260 suum
724 1226 855 1260 levavit
885 1229 917 1259 et
944 1224 1108 1268 passibus
1134 1224 1245 1259 XLIX
1275 1226 1362 1259 illud
1386 1238 1468 1271 por-

80 1293 178 1326 tavit.
227 1291 273 1327 At
301 1292 503 1336 imperator,
530 1291 673 1328 eumAe
700 1291 776 1334 ejus
802 1289 974 1334 sanguine
1001 1289 1135 1323 oculum
1160 1292 1353 1335 tetigisset,
1382 1302 1466 1326 eon-

79 1357 176 1390 tinuo
201 1361 344 1391 sanatus
373 1360 427 1390 est
452 1355 588 1390 dicens:
624 1366 706 1390 vere
731 1355 842 1388 bonus
869 1359 901 1388 et
930 1364 1076 1399 magnus
1104 1358 1157 1389 est
1182 1355 1274 1389 Deus
1303 1356 1469 1392 christia-

82 1432 214 1455 norum.
264 1420 363 1461 Quod
389 1420 534 1455 audiens
566 1421 799 1465 ²)quaedam,
828 1429 917 1465 quae
945 1420 1043 1453 anuis
1061 1420 1123 1453 XL
1150 1419 1263 1455 lumen
1288 1423 1468 1463 amiserat,

82 1485 128 1520 ad
152 1486 262 1520 locum
290 1487 423 1530 portari
449 1496 486 1520 se.
512 1486 594 1520 fecit
621 1491 654 1520 et
680 1486 774 1520 saeta
798 1486 956 1519 oratione
989 1486 1147 1528 protinus
1181 1485 1294 1519 lumen
1321 1489 1466 1531 accepit.

81 1550 212 1585 Passus
253 1555 306 1585 est
347 1555 460 1585 autem
494 1553 588 1585 circa
624 1561 733 1584 annos
769 1550 896 1583 domini
936 1549 1138 1584 (mlxxix
1174 1550 1237 1583 cal.
1270 1550 1467 1588 Februarii.

81 1615 151 1650 Sed
187 1615 253 1650 hoc
284 1616 363 1651 ideo
400 1618 583 1658 inseritur,
618 1621 652 1650 ut
688 1615 866 1660 li5st0riae
904 1617 1037 1649 sororis
1068 1625 1172 1657 suae,
1207 1617 1306 1661 cujus
1341 1617 1465 1651 festum

81 1683 270 1726 praecipue
288 1681 343 1715 liic
361 1681 540 1724 recolitur,
566 1681 654 1716 haee
674 1690 811 1726 quoque
832 1679 989 1725 115st0r1a
1013 1682 1256 1727 conjungatur.
1285 1682 1366 1716 Cum
1389 1684 1466 1728 ejiis

79 1756 183 1781 soror
217 1748 326 1792 igitur
355 1746 485 1781 Savina
516 1746 660 1781 fratrem
694 1757 791 1780 suum
825 1746 980 1791 quotidie
1012 1747 1112 1781 sseret
1139 1751 1173 1780 et
1196 1757 1260 1790 pro
1286 1757 1327 1781 eo
1351 1747 1466 1791 ydolis

79 1812 305 1857 supplicaret,
328 1812 466 1847 tandem
493 1812 562 1846 sibi
588 1812 771 1846 dormienti
797 1813 961 1856 apparuit
983 1812 1131 1857 angelus
1158 1811 1296 1847 dicens:
1323 1812 1465 1853 Savina,

79 1877 151 1911 noli
175 1877 279 1920 flere,
313 1877 377 1912 sed
402 1887 637 1923 quaecumque
663 1877 794 1919 habes,
832 1877 1037 1922 derelinque
1070 1881 1104 1911 et
1140 1879 1296 1912 invenies
1324 1878 1466 1913 fratrem

78 1945 172 1976 tuum
203 1944 238 1976 in
271 1942 405 1978 honore
429 1944 578 1977 maximo
614 1944 851 1977 constitutum.
902 1943 998 1982 Quae
1026 1943 1201 1988 evigilans
1228 1942 1468 1978 collactaneae

79 2014 165 2040 suae
192 2005 296 2039 dixit:
322 2009 433 2041 amica
455 2017 544 2049 mea,
570 2007 750 2051 aliquidne
776 2009 945 2042 sensisti?
992 2006 1035 2041 Et
1056 2008 1135 2041 illa:
1162 2009 1278 2049 eiiam,
1305 2008 1465 2049 domina;

79 2080 156 2104 nam
181 2070 254 2104 vidi
278 2070 450 2104 hominem
475 2075 586 2104 tecum
611 2071 833 2115 loquentem,
870 2070 934 2105 sed
967 2072 1087 2105 nescio
1121 2071 1259 2115 quidem
1294 2072 1378 2116 quid
1413 2072 1466 2106 di-

81 2140 226 2170 centem.
285 2134 362 2169 Non
403 2145 477 2177 me,
516 2135 649 2179 inquit,
692 2135 903 2168 accusabis?
958 2134 1002 2168 Et
1034 2135 1111 2169 illa:
1152 2135 1265 2177 absit,
1309 2135 1467 2182 domina3

80 2210 309 2246 quaecunque
335 2202 400 2242 vis,
428 2200 550 2241 facias,
581 2203 711 2234 tantum
739 2211 808 2234 non
834 2204 868 2234 te
893 2199 1046 2234 occidas.
1096 2200 1226 2246 Sic-que
1252 2202 1286 2234 in
1312 2203 1467 2236 erastino

79 2266 201 2300 ambae
235 2269 469 2300 recesserunt.
519 2265 601 2299 Cum
636 2275 722 2311 ergo
757 2269 857 2309 pater
888 2265 945 2298 diu
981 2264 1126 2300 fecisset
1159 2276 1234 2300 eam
1271 2268 1400 2312 inquiri
1433 2272 1468 2302 et

80 2340 150 2364 non
179 2331 388 2372 invenisset,
425 2329 572 2364 elevatis
607 2329 652 2364 ad
681 2330 815 2364 eoelum
849 2330 1008 2365 manibus
1043 2332 1112 2365 ait:
1152 2332 1183 2365 si
1224 2336 1262 2366 tu
1300 2342 1337 2366 es
1371 2331 1466 2366 Deus

81 2399 206 2440 potens
239 2396 273 2428 in
306 2395 428 2434 coelo,
461 2394 569 2440 ydola
602 2405 679 2430 mea
711 2397 924 2438 comminue,
960 2405 1050 2441 quae
1076 2399 1177 2430 natos
1203 2406 1300 2431 meos
1326 2396 1467 2432 salvare

79 2471 147 2494 nou
183 2464 379 2505 potuerunt.
429 2459 530 2493 Tune
563 2459 721 2495 dominus
753 2462 917 2494 intonans
950 2461 1066 2494 omnia
1098 2462 1297 2495 comminuit
1323 2466 1358 2496 et
1382 2473 1466 2496 con-

81 2524 206 2571 fregit,
242 2525 336 2571 qnod
363 2525 460 2559 multi
488 2524 646 2560 videntes
673 2525 910 2562 crediderunt.
953 2524 1079 2560 Verum
1113 2524 1219 2561 beata
1243 2526 1375 2562 Savina
1398 2527 1468 2562 Ro-

147 2669 174 2700 l)
193 2669 268 2696 Alii:
289 2669 638 2702 transuedassent,
664 2669 1004 2698 transuadessent.
1041 2670 1069 2704 ¹2)
1089 2669 1162 2696 Alii:
1183 2670 1464 2704 qnidam—qni.

1147 2724 1193 2758 37
