1742 3005
234 99 315 139 390
504 98 600 148 Cap.
628 96 710 133 XC.
770 94 829 132 De
860 102 990 132 sancto
1020 93 1142 132 Paulo
1177 91 1362 143 apostolo.

235 215 318 239 snos
361 203 504 247 spiritus
547 204 581 235 et
620 200 798 233 ministros
850 208 933 232 suos
981 199 1097 243 ignem
1141 201 1306 231 urentem.
1370 194 1440 230 Sed
1490 193 1555 229 11ο(·
1598 195 1630 228 111

235 269 343 304 Paulo
369 276 554 312 possumus
580 266 748 306 invenire,
776 265 835 310 qui
860 264 956 298 velut
978 264 1070 309 ignis
1097 272 1138 296 ac
1163 263 1307 306 spiritus
1332 266 1439 296 totum
1460 267 1631 296 terrarum

241 334 451 379 ¹)purgavit
476 331 608 371 orbem,
635 330 697 365 sed
726 330 874 364 nondum
902 329 1036 363 coelum
1065 330 1130 362 iste
1156 328 1303 361 sortitus
1327 332 1399 369 est,
1427 331 1461 361 et
1486 327 1553 361 hoc
1580 330 1633 361 est

239 401 376 433 omnino
404 397 577 439 mirabile,
604 397 687 442 quia
708 396 791 430 talis
820 395 1030 430 versabatur
1054 395 1089 428 in
1111 394 1336 428 terris-etiam
1359 392 1496 426 mortali
1522 391 1635 426 adbuc

240 475 344 500 carne
372 463 616 499 circumdatus.
668 462 803 502 Quanta
839 472 925 507 ergo
960 471 1024 495 nos
1056 459 1345 495 condemnatione
1380 457 1477 502 digni
1504 467 1634 498 sumus,

242 542 316 565 cum
343 541 411 565 uno
446 529 585 563 homine
611 527 704 562 hona
730 530 763 561 in
790 538 829 562 se
855 529 970 562 omnia
994 529 1235 572 congregante
1269 534 1331 558 nec
1356 525 1530 557 minimam
1559 524 1635 568 qui-

243 596 317 631 dem
343 600 475 642 partem
501 605 618 629 eorum
645 594 823 628 studemus
850 594 990 627 imitari.
1040 591 1116 625 Non
1148 592 1235 625 enim
1263 590 1364 624 aliam
1396 593 1451 624 est
1473 589 1534 623 ille
1560 599 1636 622 sor-

243 664 326 696 titus
360 665 518 695 naturam
552 670 617 694 nec
649 659 854 693 dissimilem
889 663 1011 692 nactus
1038 658 1183 690 animam
1211 666 1274 690 nec
1301 655 1445 689 alterum
1473 654 1638 689 habitans

243 727 421 768 mundum,
455 726 518 760 sed
551 727 585 758 in
611 724 732 758 eadem
756 728 853 759 terra
882 723 1075 767 eademque
1099 723 1266 767 regione,
1294 720 1357 755 sub
1386 720 1508 755 iisdem
1536 722 1638 755 etiam

244 793 384 839 legibus
420 792 571 826 nutritus
612 794 646 825 et
680 789 834 823 moribus
868 792 1033 829 cunctos,
1070 788 1127 832 qui
1162 796 1250 820 nnnc
1284 786 1441 820 homines
1476 790 1556 820 sunt
1584 786 1639 821 vel

246 861 396 900 fuerunt,
423 859 527 892 animi
552 858 678 890 virtute
695 854 942 889 transscendit.
993 852 1064 888 Nee
1091 862 1172 886 vero
1199 854 1232 886 in
1258 852 1318 886 illo
1346 852 1413 885 hoe
1441 851 1550 885 solum
1577 853 1641 886 mi-

245 924 359 959 rabile
386 928 451 965 est,
480 921 572 968 quod
601 931 686 966 prae
713 920 928 954 abundantia
957 919 1156 954 devotionis
1185 917 1440 963 quodammodo
1466 928 1534 951 non
1560 928 1641 952 sen-

247 993 293 1025 sit
325 990 467 1024 dolores
504 999 567 1032 pro
604 988 730 1021 virtute
766 971 1070 1030 suscept‹)s,⁸se(l
1108 983 1201 1029 quod
1238 984 1397 1017 virtutem
1434 985 1546 1028 ipsam
1579 994 1644 1029 pro

247 1055 407 1089 mercede
434 1054 607 1098 pensavit.
656 1052 741 1086 Nam
770 1062 833 1085 nos
862 1051 998 1096 quidem
1029 1051 1221 1095 ²)propter
1246 1060 1318 1083 eam
1346 1050 1531 1094 proposita
1557 1061 1646 1084 mer-

247 1120 332 1156 cede
359 1122 554 1159 certamus,
584 1126 685 1161 quam
712 1116 771 1151 ille
796 1117 1029 1161 complectens
1057 1117 1160 1150 etiam
1186 1117 1431 1159 sinepraemio
1458 1115 1646 1161 diligebat,

247 1190 371 1222 cuncta
402 1185 482 1225 11111,
519 1192 608 1228 quae
644 1183 836 1226 asperitate
873 1183 927 1215 sui
955 1181 1119 1216 videntur
1150 1180 1320 1226 impedire
1354 1181 1536 1221 virtutem,
1572 1191 1646 1215 cum

247 1254 339 1287 omni
365 1248 631 1284 mansuetudine
654 1249 856 1292 perpetiens
887 1247 1045 1292 quotidie
1071 1247 1220 1288 celsior,
1249 1246 1408 1291 quotidie
1435 1247 1650 1293 assurgebat

249 1317 431 1361 ardentior
456 1318 489 1349 et
504 1315 684 1348 intentatis
707 1313 775 1347 sibi
803 1313 970 1358 perieulis
997 1323 1087 1347 nova
1113 1323 1250 1357 semper
1277 1312 1439 1347 claritate
1457 1313 1648 1358 pugnabat.

250 1384 316 1423 Qui
355 1393 429 1416 oum
465 1380 534 1414 sibi
571 1384 713 1414 mortem
738 1380 811 1424 jam
841 1380 1072 1414 imminentem
1099 1378 1255 1420 videret,
1295 1378 1338 1412 ad
1376 1379 1650 1413 comnmnionem

250 1449 588 1496 delectationemque
613 1436 743 1491 gandii
764 1445 853 1479 alios
881 1445 1099 1490 provocabat
1135 1444 1273 1479 dicens:
1310 1443 1463 1490 gaudete
1499 1448 1534 1478 et
1566 1454 1650 1478 con-

251 1514 475 1559 gratulamini
501 1513 594 1546 mibi.
643 1512 763 1556 ltaque
790 1511 835 1545 ad
862 1511 1088 1546 confusiones
1115 1516 1149 1546 et
1174 1512 1336 1556 injurias,
1363 1520 1449 1555 quas
1477 1510 1520 1544 ob
1548 1520 1652 1554 prae-

253 1579 392 1614 dicandi
427 1578 577 1612 studium
605 1577 824 1619 sustinebat,
863 1579 976 1623 magis
1001 1587 1102 1622 quam
1129 1576 1173 1611 ad
1199 1577 1368 1611 bonorum
1397 1575 1654 1610 oblectamenta

254 1644 487 1690 properabat,
514 1645 634 1678 mortis
660 1645 776 1687 potius
803 1653 903 1688 quam
934 1645 1026 1678 vitae
1052 1643 1264 1678 desiderium
1296 1646 1476 1687 appetens,
1503 1649 1654 1687 pauper-

253 1709 361 1752 sans,
397 1703 510 1755 quam‘
524 1710 747 1754 opulentiae,
781 1708 815 1742 et
849 1709 955 1742 11111110
995 1710 1144 1754 amplius
1177 1709 1338 1750 labores,
1377 1718 1478 1753 quam
1510 1708 1571 1742 alii
1597 1718 1654 1743 re-

255 1778 368 1821 quiem
407 1779 487 1819 post
511 1775 687 1815 laborem,
722 1784 763 1807 ae
795 1784 988 1808 moerorem
1021 1775 1134 1819 magis
1170 1774 1327 1818 eligens,
1364 1784 1463 1818 quam
1496 1774 1558 1807 alii
1592 1784 1654 1807 vo-

255 1842 444 1886 luptatem,
481 1840 676 1874 studiosius
713 1849 775 1883 pro
813 1839 962 1873 inimicis
996 1844 1030 1874 et
1057 1840 1270 1873 fructuosius
1305 1848 1430 1880 orans,
1468 1849 1567 1883 quam
1594 1838 1656 1873 alii

255 1907 427 1941 adversus
455 1907 625 1939 inimicos.
674 1903 780 1938 Unum
810 1904 861 1937 illi
897 1905 1153 1940 formidandum
1189 1910 1266 1939 erat
1293 1908 1397 1949 atque
1423 1904 1656 1945 metuendum,

257 1973 392 2007 offensa
418 1973 574 2006 nimirum
602 1970 676 2008 Dei,
704 1981 767 2005 nec
793 1970 1032 2005 desiderabile
1067 1971 1162 2005 aliud
1191 1975 1287 2012 erat,
1323 1971 1391 2004 nisi
1422 1969 1563 2014 placere
1593 1969 1656 2004 do-

257 2040 348 2072 mino
377 2047 526 2082 semper.
577 2036 651 2070 Nou
679 2040 792 2070 autem
822 2036 920 2077 dien,
956 2037 1047 2081 quod
1084 2036 1171 2070 1111111
1203 2037 1439 2081 praesentium
1476 2035 1657 2070 desidera-

235 2103 332 2146 ·'liat,
355 2103 418 2139 sed
445 2113 506 2138 nec
528 2102 731 2136 futurorum.
782 2102 857 2137 Non
878 2104 967 2137 enim
992 2102 1075 2136 mihi
1098 2101 1196 2136 dicas
1220 2101 1411 2136 mercedem
1432 2105 1465 2135 et
1482 2104 1658 2147 gentes³)‚

260 2148 456 2211 efer-citus,
491 2170 678 2213 pecunias,
715 2170 937 2213 provincias,
975 2172 1192 2213 potestates:
1229 2167 1316 2201 baec
1349 2168 1438 2202 enim
1469 2176 1533 2201 nee
1560 2169 1659 2211 quasi

259 2245 464 2269 aranearum
491 2234 549 2267 tila
584 2236 779 2279 reputavit,
818 2234 880 2269 sed
917 2244 978 2275 ea,
1012 2244 1103 2279 quae
1134 2234 1382 2278 promittimtur
1408 2233 1441 2266 in
1467 2233 1588 2271 coelis,
1627 2237 1661 2267 et

259 2305 341 2334 tunc
367 2301 444 2345 ejus
470 2299 648 2333 ardentem
672 2301 706 2333 in
733 2299 873 2333 Christo
909 2309 1060 2333 amorem
1097 2299 1244 2334 videbis.
1294 2298 1355 2333 llic
1389 2298 1561 2343 siquidem
1596 2310 1660 2344 pro

262 2367 338 2411 ejus
374 2376 491 2400 amore
526 2376 593 2399 non
630 2365 856 2409 angelorum,
896 2376 967 2399 non
1008 2364 1300 2410 archangelorum
1334 2364 1563 2409 dignitatem,
1598 2373 1661 2399 nec

262 2432 450 2477 (piidqnain
479 2431 598 2465 borum
627 2430 741 2464 simile
764 2432 982 2475 concupivit,
1011 2432 1104 2476 quod
1131 2432 1220 2466 enim
1248 2434 1324 2465 erat
1348 2431 1462 2475 majus
1488 2429 1660 2469 omnibus,

263 2496 392 2531 (ibristi
427 2507 546 2530 amore
582 2496 781 2538 fruebatur,
815 2507 888 2531 eum
924 2497 991 2531 boe
1022 2497 1214 2532 beatiorem
1252 2498 1386 2531 cunctis
1422 2506 1460 2530 se
1501 2493 1659 2538 putabat,

264 2562 338 2594 sine
364 2562 429 2596 hoc
454 2567 567 2597 autem
593 2573 705 2607 neque
733 2562 980 2597 dominantium
1009 2574 1121 2608 neque
1147 2563 1400 2607 principatuum
1434 2560 1552 2593 socius
1581 2569 1661 2593 esse

339 2644 363 2689 Ι.)
390 2659 448 2685 Alli
484 2662 653 2693 νυν-’11111
692 2666 717 2686 1-1
757 2662 1018 2696 [νυνι-1111111111)
1053 2660 1234 2697 pur-{axii
1268 2659 1375 2689 legunt.
1481 2660 1509 2687 ‘2¹1
1539 2659 1588 2687 lid,
1618 2663 1661 2687 Pr,

265 2703 473 2736 l''‘'l¹²⁰flf¹
495 2713 545 2730 ¹¹⁹-
651 2707 677 2738 J)
700 2706 756 2731 Alii
778 2716 802 2732 111
815 2717 829 2730 ⁴·
841 2715 926 2732 rei-s
947 2707 1125 2736 ingentes
1148 2705 1255 2736 legunt.
