1742 3005
395 83 492 134 Cap.
528 83 643 121 CXX.
704 85 763 121 De
794 90 924 122 sancto
957 84 1167 122 Bel-nardo.
1396 86 1476 124 527

89 187 186 224 Unde
211 187 254 224 de
280 186 342 223 filil
370 191 549 233 potestate
575 192 747 235 tamquam
774 189 815 225 de
841 189 906 226 Dei
943 192 1068 226 virtute
1094 201 1162 225 non
1188 190 1391 227 nutabunda
1415 192 1477 228 de-

88 254 225 290 ficiente
251 255 332 290 vino
369 254 472 290 dixit:
510 257 624 290 vinum
661 267 729 290 non
762 255 911 298 habent,
949 258 1063 291 sciens
1098 267 1173 291 eum
1212 256 1278 291 hoe
1305 260 1477 303 potuisse,

88 320 181 365 quod
214 331 290 356 eum
325 331 403 355 mox
438 323 587 367 contigit
622 323 790 356 miraculo
826 322 1069 367 complevisse.
1118 321 1206 357 Ecce
1231 324 1340 368 igitur
1362 323 1478 359 Maria

87 385 154 420 fide
181 391 216 421 et
241 397 347 431 opere
375 386 506 421 Christi
533 388 780 423 ministratrix!
830 388 866 421 Si
902 387 951 420 ibi
976 398 1045 421 non
1070 387 1195 430 suerit,
1231 389 1289 422 ubi
1316 389 1477 425 Christus

87 453 264 487 ministros
291 463 374 487 suos
404 454 476 488 vult
502 464 603 495 esse,
643 453 703 487 ubi
730 463 814 497 ergo
841 453 936 487 erit?
961 457 995 486 et
1020 454 1052 486 si
1076 452 1126 486 ibi
1152 453 1274 495 fuerit,
1310 456 1475 500 numquid

86 518 227 563 aequali
251 520 397 564 gratia?
427 523 461 553 et
485 521 516 552 si
542 518 684 563 aequali
708 520 847 562 gratia,
884 517 942 551 ubi
969 528 1083 564 aequa
1108 518 1173 553 Dei
1199 528 1359 562 censura,
1385 531 1475 565 quae

86 583 201 618 reddit
225 585 411 628 unicuique
439 584 626 618 seeundum
653 585 805 618 merita?
855 584 892 618 Si
917 585 1040 618 merito
1060 594 1145 628 prae
1164 584 1324 619 omnibus
1338 585 1475 621 Mariae

86 650 216 684 viventi
240 653 337 682 tanta
363 653 416 683 est
440 651 557 694 gratia
582 649 734 691 donata,
775 654 807 684 et
832 651 951 695 gratia
982 654 1140 685 mortuae
1168 652 1234 685 erit
1258 652 1475 687 minuenda?

84 714 198 749 Absit.
247 714 286 749 Si
311 716 400 748 enim
425 716 574 748 omnium
602 720 801 749 sanctorum
826 726 919 750 mors
948 720 999 749 est
1026 718 1202 761 pretiosa,
1229 716 1365 752 Mariae
1389 728 1474 753 sane

85 783 139 813 est
163 781 429 825 pretiosissima.
480 780 718 815 Confitendum
745 782 854 825 igitur
878 792 1005 816 censeo
1023 809 1030 823 ‚
1064 782 1214 816 Mariam
1250 782 1295 816 ad
1320 785 1473 817 aeterni-

83 847 167 880 tatis
192 846 358 892 gaudium
384 851 572 881 assumtam
596 846 815 892 benignitate
843 846 975 880 Christi
1001 851 1034 880 et
1059 846 1302 881 honorabilius
1328 859 1471 893 suscep-

81 915 152 945 tam
176 914 326 947 caeteris
342 940 349 954 ‚
377 922 478 957 quam
506 914 624 958 gratia
649 911 835 945 honoravit
860 922 944 955 prae
969 914 1139 951 caeteris,
1178 916 1283 958 atque
1308 914 1351 947 ad
1378 925 1470 948 coni-

82 988 216 1013 munem
249 977 496 1013 humanitatem
535 989 603 1013 non
637 988 716 1012 esse
749 977 933 1011 abductam
968 982 1048 1022 post
1084 983 1227 1013 mortem
1262 980 1470 1024 putredinis.

82 1043 249 1079 videlic-et
274 1045 400 1078 vermis
427 1049 461 1079 et
488 1044 665 1089 pulveris,
706 1054 794 1089 quae
827 1054 924 1077 suum
962 1048 995 1077 et
1030 1046 1178 1078 omnium
1205 1047 1325 1090 genuit
1351 1047 1469 1080 salva-

79 1114 202 1144 torem.
251 1109 289 1144 Si
323 1110 432 1155 elegit
464 1110 582 1145 divina
614 1110 775 1144 voluntas
813 1110 904 1143 inter
936 1111 1067 1155 ignium
1105 1110 1259 1144 flammas
1285 1122 1470 1155 puerorum

81 1177 288 1211 vestimenta
325 1185 469 1211 servare
501 1176 648 1217 illaesa,
696 1186 757 1209 eur
782 1174 913 1209 abnuat
955 1177 988 1209 in
1020 1180 1131 1210 matre
1165 1178 1331 1221 propria,
1377 1178 1471 1223 quod

79 1241 190 1287 elegit
213 1245 248 1277 in
274 1245 372 1277 veste
398 1242 543 1277 aliena?
590 1242 717 1278 Jonam
750 1251 893 1276 servare
934 1243 967 1275 in
994 1246 1112 1276 ventre
1142 1244 1208 1276 ceti
1236 1244 1470 1288 incorruptum

79 1306 190 1341 voluit
213 1307 292 1342 sola
316 1307 580 1349 misericordia,
615 1307 763 1342 Mariam
791 1309 1027 1352 incorruptam
1053 1318 1122 1342 non
1147 1307 1305 1343 servabit
1330 1310 1470 1355 gratia?

78 1372 249 1407 Servatus
284 1377 338 1407 est
360 1372 486 1407 Daniel
510 1374 545 1406 in
573 1372 862 1417 desperatissima
887 1373 977 1408 same
1002 1373 1157 1416 leonum⁷
1196 1384 1265 1408 non
1296 1375 1473 1410 servanda

80 1441 134 1472 est
164 1437 283 1473 Maria
316 1439 424 1472 tantis
464 1438 594 1473 donata
645 1440 746 1472 etiam
787 1440 921 1473 meritis
965 1439 1202 1484 dignitatum?
1249 1439 1344 1475 Haec
1383 1451 1469 1486 ergo

76 1507 222 1546 cuncta,
257 1514 346 1549 quae
372 1503 539 1546 diximum,
575 1506 658 1550 quia
682 1508 839 1538 naturam
865 1515 934 1538 non
961 1515 1124 1539 servasse
1151 1506 1408 1550 cognoscimus,
1434 1508 1469 1540 in

77 1570 282 1616 integritate
315 1580 454 1616 quoque
487 1570 625 1605 Mariae
663 1569 742 1614 plus
777 1571 928 1615 gratiam
965 1580 1067 1615 quam
1107 1575 1266 1605 naturam
1310 1572 1468 1616 potuisse

77 1645 147 1669 non
173 1635 383 1671 dubitamus.
433 1636 593 1671 Christus
619 1646 705 1682 ergo
730 1635 857 1670 laetari
885 1636 968 1670 facit
999 1635 1148 1671 Mariam
1182 1638 1297 1670 anima
1329 1641 1363 1672 et
1387 1647 1468 1671 cor-

76 1711 163 1745 pore
187 1703 222 1736 in
249 1711 288 1737 se
313 1703 456 1748 proprio
482 1701 577 1745 filio,
611 1711 676 1736 neo
710 1701 814 1736 ullam
854 1703 954 1748 sequi
983 1703 1219 1746 corruptionis
1254 1712 1466 1745 aerumnam,

75 1775 178 1811 quain
201 1767 299 1802 nulla
324 1771 447 1803 secuta
473 1771 527 1803 est
551 1772 683 1802 tantum
713 1768 882 1813 pariendo
909 1768 1014 1802 tilium
1036 1769 1252 1814 integritatis
1272 1770 1466 1813 corruptio,

75 1835 113 1866 ut
137 1833 185 1867 sit
207 1843 347 1879 semper
371 1835 593 1879 incorrupta,
627 1844 729 1879 quam
755 1838 854 1868 tanta
881 1834 1035 1879 perfudit
1060 1835 1197 1880 gratia,
1236 1835 1282 1868 sit
1306 1835 1464 1879 integra-

74 1897 156 1933 liter
180 1900 327 1943 vivens,
359 1909 451 1945 quae
482 1901 632 1934 omnium
665 1901 838 1946 integram
870 1901 993 1946 genuit
1026 1901 1142 1934 vitam.
1191 1899 1230 1934 Si
1263 1910 1349 1945 ergo
1379 1899 1465 1940 dixi,

74 1967 113 1997 ut
148 1963 274 2007 debui,
311 1964 491 2009 approba,
529 1964 689 2008 Christe,
720 1969 758 2000 tu
792 1970 827 2000 et
855 1966 928 2008 tui,
963 1967 994 1999 si
1028 1976 1111 2001 vero
1149 1976 1239 2008 non,
1275 1969 1313 1999 ut
1345 1963 1464 2003 debui.

74 2029 239 2074 ignosce,
265 2027 438 2073 obsecro,
465 2033 502 2064 tu
527 2033 562 2065 et
583 2031 646 2064 tui.

527 2349 652 2410 cnr.
688 2329 813 2411 cxii.
858 2350 1001 2413 (115.)

326 2447 437 2492 De
485 2449 748 2493 saneto
788 2449 1202 2494 Bel-nardo.

154 2553 356 2590 Bernartius
381 2555 508 2590 dicitur
530 2565 551 2590 a
578 2556 662 2599 ber,
703 2557 796 2602 quod
821 2561 875 2592 est
899 2562 1025 2602 puteus
1058 2557 1114 2593 vel
1140 2557 1218 2592 sons
1247 2561 1282 2593 et
1313 2558 1454 2596 nardus,

68 2629 168 2666 quae,
193 2623 232 2655 ut
247 2620 332 2655 dicit
354 2620 483 2656 Glossa
501 2631 609 2667 super
627 2623 774 2665 cantica,
800 2622 912 2658 herba
933 2627 987 2658 est
1010 2622 1150 2658 humilis
1176 2627 1209 2658 et
1228 2623 1366 2659 calidae
1389 2634 1454 2659 naa

64 2687 166 2721 turae
199 2689 235 2721 et
268 2685 459 2722 odorifera.
508 2686 588 2722 Fuit
623 2689 711 2723 enim
742 2688 878 2723 calidus
912 2690 947 2723 in
972 2688 1120 2725 ferventi
1145 2698 1280 2732 amore,
1314 2688 1453 2723 humilis
