1742 3005
220 89 296 128 lli*
524 90 617 139 Cap.
650 88 767 125 XXV.
836 87 896 124 De
928 94 1057 124 sancto
1088 86 1302 124 Vincentio.

220 194 289 229 noli
316 197 416 239 pater
438 192 649 228 venerabilis
673 193 774 237 quasi
800 194 914 226 mente
938 190 1060 225 timida
1085 191 1386 233 submurmurare,
1413 189 1484 225 3011Ρ
1500 189 1613 225 libera

223 270 308 295 voce
333 258 510 300 exclama,
538 259 568 292 si
593 267 679 303 ergo
699 256 804 302 jubes
829 259 931 302 pater
957 259 1089 299 sancte,
1116 257 1298 302 responsis
1311 255 1464 301 judicem
1480 266 1611 302 aggre—

223 326 310 360 diar.
361 324 424 359 Cui
448 323 526 358 ille:
560 322 764 368 jamdudum
791 322 867 365 tibi,
895 321 943 356 fili
969 323 1162 364 carissime,
1188 321 1353 366 loquendi
1376 331 1492 356 curam
1519 331 1612 355 com-

224 393 383 425 miseram
411 393 446 425 et
471 398 558 424 nunc
583 399 647 434 pro
672 388 752 431 tide,
779 398 849 434 qua
875 387 1068 430 adstamus,
1095 396 1268 432 responsa
1292 387 1478 420 committo.
1517 386 1615 421 Tunc

228 456 429 490 Vincentius
454 465 646 490 conversus
673 454 717 490 ad
741 454 952 489 Daciauum:
998 452 1191 494 hactenus,
1227 453 1362 497 inquit,
1398 461 1419 486 a
1442 456 1477 486 te
1503 461 1616 487 sermo

229 521 448 567 deneganda
464 519 530 555 fide
555 522 748 565 peroravit.
774 519 836 555 sed
858 519 1028 554 nefarium
1054 517 1146 563 apud
1172 517 1440 553 christianorum
1466 516 1616 562 pruden-

227 588 309 621 tiam
333 597 412 622 csse
438 597 634 632 cognosce,
664 586 805 621 deitatis
829 584 955 619 cultum
981 583 1190 630 abnegando
1216 582 1473 628 blasphemare.
1522 581 1619 617 Tunc

228 654 339 686 iratus
366 652 540 687 Dacianus
566 653 766 697 episcopum
792 653 826 685 in
853 650 1011 687 exsilium
1038 651 1126 684 mitti
1151 650 1354 695 praecepit,
1403 648 1617 684 vincentium

231 728 335 758 vero,
386 721 559 761 tamquam
587 721 821 751 contumacem
861 720 895 751 et
921 720 1220 760 praesumtuosum
1243 716 1428 761 juvenem,
1480 717 1518 748 ut
1543 714 1620 759 ejus

232 782 391 826 exemplo
415 781 475 815 alii
501 772 741 823 terreanturs
770 783 804 815 in
839 780 1022 826 equuleum
1060 780 1245 815 distentum
1273 779 1433 814 membris
1461 778 1619 812 omnibus

227 848 335 891 ,iussit
360 846 537 892 dissipari.
588 847 741 892 Cumque
764 856 913 892 corpore
937 849 1032 880 totus
1059 845 1312 890 dissiparetur,
1356 846 1406 879 ait
1427 844 1620 879 Dat-ianus:

235 912 288 946 dic
316 912 398 947 mihi
423 912 596 951 Vincenti,
621 912 680 947 ubi
707 923 795 947 nunc
818 916 911 947 tuum
938 912 1163 946 miserrimum
1190 921 1317 956 corpus
1341 910 1544 955 conspicis?
1576 910 1621 944 At

234 977 293 1012 ille
318 977 503 1012 subridens
530 980 597 1013 ait:
624 979 690 1013 hoc
716 982 782 1021 est,
811 977 902 1022 quod
928 988 1065 1022 semper
1088 978 1218 1022 optavi.
1269 976 1365 1011 Tuuc
1389 977 1499 1010 iratus
1520 985 1623 1020 prae-

235 1053 292 1077 ses
318 1044 435 1088 coepit
460 1045 490 1079 ei
517 1046 632 1079 omnia
656 1054 790 1091 genera
817 1046 1064 1077 tormentorum
1095 1044 1240 1085 minari,
1292 1043 1358 1076 nisi
1386 1043 1417 1076 ei
1443 1052 1622 1076 assensum

235 1108 432 1152 praeheret,
482 1110 544 1144 Cui
570 1110 767 1146 vicentius:
794 1120 814 1143 ο
841 1108 975 1143 felicem
1000 1119 1064 1146 1110,
1091 1119 1159 1153 quo
1186 1107 1267 1142 mihi
1291 1108 1396 1142 irasci
1423 1111 1457 1141 te
1481 1107 1625 1152 gravius

238 1177 360 1218 putas,
397 1184 437 1209 eo
463 1175 586 1210 melius
612 1177 737 1220 incipis
763 1176 943 1216 misereri3
985 1175 1130 1219 insurge
1157 1184 1243 1220 ergo
1269 1175 1375 1208 miser
1398 1176 1432 1208 et
1452 1176 1525 1206 toto
1553 1182 1625 1206 ma-

237 1239 410 1285 lignitatis
436 1242 560 1285 spiritu
587 1241 821 1276 debacchare:
873 1239 1029 1281 videbis,
1079 1250 1131 1274 me
1164 1239 1226 1273 Dei
1254 1241 1381 1274 virtute
1405 1238 1482 1283 plus
1507 1248 1626 1282 posse,

239 1304 316 1339 dum
341 1309 529 1350 torqueor,
579 1317 679 1352 quam
708 1307 824 1351 possis
850 1307 946 1350 ipse,
997 1306 1056 1350 qui
1080 1309 1235 1351 torques.
1306 1305 1359 1340 Ad
1393 1305 1458 1340 hoc
1484 1314 1627 1350 praeses

243 1372 360 1415 coepit
387 1371 538 1408 clamare
565 1376 598 1407 01
616 1372 797 1407 carnifices
828 1372 862 1416 ¹)
887 1370 1004 1406 verbis
1031 1375 1065 1405 et
1091 1370 1242 1405 fustibus
1267 1371 1477 1413 verberare,
1523 1374 1557 1406 et
1581 1372 1629 1406 ait

244 1436 466 1472 Vincentius:
494 1437 576 1483 quid
591 1438 678 1473 dicis
691 1438 858 1480 Daciane,
887 1441 923 1472 tu
949 1438 1025 1482 ipse
1049 1447 1102 1471 me
1126 1435 1284 1471 vindicas
1311 1436 1354 1472 de
1382 1437 1418 1480 2)
1437 1436 1629 1471 tortoribus

243 1504 339 1537 meis.
389 1502 486 1537 Tunc
512 1514 657 1548 praeses
681 1514 799 1539 amens
826 1503 938 1538 sactus
964 1502 1053 1537 dixit
1070 1502 1312 1537 carnificibus:
1338 1503 1520 1537 miserrimi
1545 1501 1628 1536 nihil

245 1569 378 1603 facitis:
428 1579 488 1604 cur
511 1569 674 1604 deliciunt
699 1579 820 1604 manus
845 1569 1017 1603 vestrae?
1068 1567 1247 1602 adulteros
1274 1571 1308 1602 et
1334 1567 1529 1612 parricidas
1556 1569 1629 1601 vin-

243 1645 322 1669 cere
349 1636 525 1679 potuistis,
554 1638 589 1669 ut
613 1635 697 1669 nihil
723 1636 813 1669 iuter
837 1634 936 1668 illata
961 1633 1134 1678 supplicia
1158 1633 1274 1668 celare
1300 1636 1459 1677 possent,
1487 1637 1521 1667 et
1545 1643 1632 1667 nuuc

244 1700 339 1734 solus
366 1700 567 1736 Vincentius
594 1704 711 1736 vestra
735 1701 848 1745 potuit
879 1709 1049 1744 superare
1073 1703 1259 1734 tormenta.
1332 1698 1429 1733 Tunc
1453 1699 1632 1734 carnifices

245 1767 400 1810 pectines
427 1766 562 1802 ferreos
589 1777 699 1813 usque
724 1766 768 1801 ad
792 1768 912 1800 intima
936 1769 1109 1800 costarum
1138 1764 1307 1807 fixerunt,
1356 1765 1406 1799 ita
1431 1768 1468 1799 ut
1491 1764 1535 1799 110
1559 1769 1633 1799 1010

185 1831 190 1835 “
244 1833 321 1877 eJus
354 1842 502 1877 corpore
537 1834 682 1879 sanguis
718 1832 879 1867 efflueret
913 1835 947 1866 et
983 1830 1108 1865 solutis
1144 1834 1319 1864 costarum
1365 1830 1632 1876 compaginibus

246 1899 382 1932 viscera
404 1900 543 1933 iuterna.
566 1902 737 1943 paterent.
785 1896 830 1932 Et
854 1899 903 1931 ait
928 1897 1125 1932 Dacianus:
1167 1897 1410 1932 commiserere
1434 1897 1506 1939 tui,
1549 1895 1634 1931 Viu-

246 1966 356 2006 centi,
404 1968 441 1998 ut
464 1966 580 2009 possis
605 1968 673 1998 tam
703 1963 880 2009 pulchram
907 1972 1117 2007 recuperare
1138 1962 1354 2006 juventutem
1381 1965 1416 1996 et
1439 1971 1501 2005 ea,
1544 1970 1634 2007 quae

247 2040 356 2075 supra
378 2034 477 2073 sunt,
510 2030 638 2064 lucrari
664 2033 848 2064 tormenta.
896 2027 941 2063 Et
967 2029 1016 2062 ait
1040 2027 1262 2063 Vincentius:
1304 2038 1324 2061 o
1350 2037 1526 2063 venenosa
1550 2026 1634 2072 dya-

248 2095 318 2129 boli
341 2096 483 2141 liugua,
521 2100 693 2130 tormenta
715 2099 776 2130 tua
804 2106 873 2129 non
895 2096 1022 2138 timeo,
1065 2093 1127 2128 sed
1154 2092 1219 2127 hoc
1243 2093 1352 2128 solum
1380 2092 1482 2128 valde
1507 2095 1633 2128 metuo.

249 2161 340 2207 quod
368 2165 402 2195 te
425 2161 506 2195 mihi
534 2162 636 2207 lingis
662 2161 752 2197 velle
777 2162 946 2195 misereri.
1017 2159 1102 2194 Nam
1139 2169 1207 2203 quo
1232 2163 1266 2193 te
1293 2160 1405 2204 magis
1432 2160 1556 2192 iratum
1584 2159 1634 2192 vi-

248 2227 327 2269 deo,
353 2238 395 2261 co
421 2227 569 2271 amplius
596 2231 629 2261 et
654 2228 765 2272 magis
791 2226 940 2261 exsulto.
987 2224 1076 2259 Nolo
1103 2227 1140 2258 ut
1164 2223 1297 2268 aliquid
1322 2224 1456 2257 minuas
1484 2222 1527 2258 de
1554 2233 1636 2268 sup-

248 2292 384 2336 pliciis,
436 2296 471 2327 ut
497 2296 530 2327 te
558 2294 681 2326 victum
716 2293 748 2325 iu
775 2291 933 2325 omnibus
961 2290 1118 2325 fatearis.
1167 2289 1265 2324 Tunc
1288 2300 1330 2324 ex
1356 2288 1504 2334 equuleo
1529 2288 1637 2333 depo-

249 2360 336 2392 situs
363 2362 468 2404 atque
490 2360 522 2400 ³³)
545 2357 587 2391 ad
616 2359 707 2403 iguis
734 2357 932 2391 craticulam
960 2360 1080 2401 raptus
1104 2366 1220 2390 moras
1242 2354 1438 2390 cai-uilicum
1456 2352 1637 2400 arguendo

249 2424 292 2458 ad
322 2435 467 2469 poenam
494 2423 659 2458 alacriter
684 2421 909 2467 properabat.
975 2422 1184 2456 (zi-aliculam
1212 2431 1298 2467 ergo
1324 2424 1448 2465 sponte
1473 2428 1637 2454 conscen-

251 2490 334 2524 dens
361 2489 486 2525 ibidem
515 2492 667 2523 assatur.
694 2489 850 2523 exuritur
876 2492 907 2523 01
937 2491 1108 2523 crematur
1135 2486 1366 2530 membrisque
1392 2483 1549 2519 omnibus
1577 2494 1638 2516 uu-

320 2658 343 2684 1>
365 2655 421 2682 Ati·
445 2655 542 2686 tvgnni
564 2664 580 2681 x*
595 2654 689 2685 irgis
709 2659 741 2679 «Ἰ
766 2654 785 2681 l.
873 2655 901 2687 2)
922 2653 973 2680 Ed.
994 2656 1036 2681 [Τ.
1057 2649 1366 2686 apparitoribus
1386 2649 1513 2675 fortusse
1534 2648 1641 2676 rectius

251 2700 316 2728 Ιιιςὶι
434 2701 461 2727 ,ll
483 2698 534 2724 1311.
556 2698 645 2725 Ι’1’1”ιι1·,
667 2708 724 2724 non
746 2698 823 2725 1111110
844 2697 946 2729 ignis
967 2695 1188 2732 patibulum
1211 2692 1351 2728 praeseri.
