1742 3005
279 145 356 184 196
577 145 675 194 Cap.
709 144 844 180 XLVt.
904 143 960 180 De
992 151 1121 180 sancto
1153 143 1354 194 Gregorio.

275 250 428 285 cessavit
451 252 485 283 et
509 252 546 281 ut
571 258 634 292 pro
660 257 699 282 se
725 257 827 282 orare
842 246 999 289 deberet,
1026 249 1197 282 instanter
1220 249 1331 293 petiit,
1356 250 1526 293 quatenus
1553 248 1663 292 ipsum

276 319 310 350 in
336 316 399 350 hac
422 316 494 349 vita
519 313 561 348 de
586 312 685 347 malis
721 314 794 347 suis
823 312 915 347 Deus
947 313 1087 356 puniret
1111 316 1145 346 et
1175 323 1245 346 non
1275 312 1483 357 puniendum
1510 318 1664 348 extremo

276 382 424 414 examini
450 383 658 414 reservaret.
709 378 864 418 Quadam
888 379 997 423 igitur
1021 379 1095 412 vice
1119 377 1207 411 vidit
1228 388 1266 411 se
1291 377 1477 413 Mauritius
1504 381 1662 414 111110111-

276 446 380 481 bunal
399 445 530 491 judicis
556 449 650 478 stare
681 448 713 478 et
735 444 889 489 judicem
914 443 1147 488 proclamare:
1175 442 1256 477 date
1282 442 1493 477 Mauritium.
1533 443 1575 479 Et
1601 454 1662 478 ea-

275 514 412 557 pientes
438 522 512 545 eum
539 511 686 544 ministri
714 511 823 554 ipsum
851 513 930 543 ante
959 508 1113 553 judicem
1145 512 1347 553 posuerunt.
1405 508 1467 542 Cui
1497 509 1572 542 ille:
1605 510 1664 544 ubi

276 580 340 619 vis,
365 582 401 611 ut
426 576 569 611 reddam
594 576 659 610 tibi
683 575 785 610 mala.
812 585 901 620 quae
930 576 965 608 in
989 574 1056 608 hoo
1082 574 1223 608 saeculo
1247 575 1487 619 perpetrasti·.’
1518 574 1580 609 Ille
1608 585 1663 608 re-

276 643 432 689 spondit:
459 643 514 676 hie
534 643 650 686 potius
671 652 712 675 ea
730 641 867 674 domine
886 640 969 674 mihi
993 644 1026 674 et
1045 651 1112 673 non
1139 641 1171 672 in
1200 639 1339 673 saeculo
1358 640 1473 674 futuro
1498 640 1663 674 retribue.

276 709 468 753 Statimque
494 707 611 740 divina
635 718 699 740 vox
721 707 832 750 jussit
857 705 949 739 tradi
974 704 1185 744 Mauritium,
1214 715 1374 746 uxorem,
1399 705 1489 739 tilios
1516 710 1550 739 et
1575 705 1665 739 filias

275 773 413 808 Pliocae
438 772 538 805 militi
563 770 785 805 occidendos.
837 770 937 809 Quod
971 774 1005 803 et
1038 770 1164 804 sactum
1198 775 1268 808 est,
1318 782 1385 804 non
1417 775 1497 816 post
1526 771 1666 805 multum

276 839 365 873 enim
397 838 566 881 temporis
595 835 729 870 Phocas
763 835 901 880 quidam
930 834 1030 868 miles
1065 836 1141 879 ejus
1176 837 1285 879 ipsum
1324 846 1397 869 cum
1430 841 1505 870 tota
1536 836 1668 869 familia

277 914 341 939 sua
366 902 487 949 gladio
514 901 642 936 occidit
668 906 701 935 et
730 903 761 935 ei
792 902 825 935 in
852 902 995 945 imperio
1023 901 1204 934 successit.
1228 922 1271 926 -—
1297 921 1341 925 -—
1396 905 1442 938 9.
1472 900 1553 935 Cum
1575 901 1665 945 apud

276 974 431 1004 sanctam
456 967 605 1002 Mariam
632 969 799 1012 majorem
825 968 858 1001 in
889 967 945 1001 die
970 966 1124 1011 paschae
1157 968 1296 1000 missam
1321 967 1518 1001 celebraret
1543 972 1575 1000 et
1600 977 1668 1010 pax

277 1035 407 1069 domini
433 1035 692 1078 pronuntiaret,
732 1033 879 1079 angelus
914 1032 1043 1065 domini
1068 1032 1139 1066 alta
1167 1042 1250 1066 voce
1284 1032 1483 1077 respondit:
1536 1037 1569 1066 et
1594 1043 1667 1066 cum

276 1102 402 1145 spiritu
428 1105 498 1133 tuo.
547 1098 645 1133 Unde
672 1109 764 1143 papa
787 1098 879 1143 apud
907 1098 999 1131 illam
1027 1098 1209 1131 ecclesiam
1236 1098 1344 1133 indie
1365 1099 1517 1143 paschae
1543 1100 1667 1133 statio-

275 1177 353 1201 nem
379 1166 463 1199 facit
489 1176 550 1199 nee
576 1165 663 1205 sibi,
698 1174 772 1198 cum
799 1163 883 1197 dicit
907 1173 975 1207 pax
1003 1162 1150 1198 domini.
1190 1165 1224 1198 in
1251 1164 1354 1209 liujus
1384 1165 1541 1199 miraculi
1566 1166 1667 1198 testi-

276 1233 425 1266 monium
451 1230 693 1275 respondetur.
720 1249 765 1253 —
788 1250 833 1254 -—
902 1232 980 1266 10.
1034 1228 1189 1268 Quodam
1220 1234 1374 1274 tempore
1400 1230 1576 1275 Trajanus
1604 1231 1666 1263 im—

276 1302 420 1342 perator
451 1296 627 1331 Romanus
660 1295 704 1329 ad
747 1294 920 1339 quoddam
960 1294 1087 1328 bellum
1124 1294 1427 1329 vehementissime
1466 1294 1668 1335 festinabat,

276 1364 331 1397 cui
357 1362 461 1396 vidua
487 1361 651 1395 flebiliter
678 1362 828 1394 occurrit
859 1359 996 1394 dicens:
1036 1360 1182 1394 obsecro
1217 1365 1254 1394 ut
1278 1363 1482 1406 sanguinem
1516 1362 1577 1395 filii
1602 1364 1669 1396 mei

276 1430 479 1462 innocenter
503 1427 648 1471 peremti
682 1425 857 1460 vindicare
888 1425 1063 1471 digneris,
1095 1436 1238 1470 cumque
1272 1426 1466 1471 ijanus,
1508 1429 1538 1461 si
1564 1438 1668 1462 sanus

277 1497 528 1533 reverteretur,
563 1491 740 1526 vindicare
771 1502 808 1525 se
834 1495 1042 1531 testaretur,
1069 1490 1175 1525 vidua
1198 1491 1302 1526 dixit:
1331 1497 1364 1527 et
1391 1494 1467 1537 quis
1493 1492 1577 1527 1111111
1605 1493 1669 1527 hoc

276 1558 484 1604 praestabit,
512 1558 543 1590 si
567 1562 603 1590 tu
629 1558 663 1590 in
689 1556 824 1601 proelio
844 1561 997 1590 mortuus
1025 1556 1162 1590 fueris?
1190 1557 1366 1601 Trajanus
1386 1558 1487 1592 dixit:
1514 1559 1584 1597 ille,
1612 1560 1669 1604 qui

278 1627 358 1669 post
382 1633 434 1656 me
461 1622 655 1666 imperabit.
713 1622 775 1655 (lui
804 1621 924 1656 xiilua:
953 1627 986 1655 et
1011 1622 1073 1655 tibi
1099 1622 1180 1666 quid
1206 1623 1378 1667 proderit,
1413 1625 1443 1656 si
1473 1624 1562 1658 alter
1586 1624 1669 1658 mihi

274 1690 447 1735 justitiam
475 1688 624 1722 fecerit?
675 1687 852 1732 Trajanus
884 1687 987 1720 dixit:
1022 1688 1141 1732 utique
1167 1687 1265 1722 nihil.
1314 1687 1356 1722 Et
1388 1688 1509 1723 vidua:
1542 1701 1668 1728 nonne„

279 1756 401 1799 inquit,
427 1753 549 1788 melius
570 1757 623 1787 est
641 1753 722 1790 tibi,
752 1757 787 1786 ut
803 1752 885 1786 1111111
907 1754 1080 1798 justitiam
1106 1754 1216 1787 facias
1243 1757 1277 1787 et
1301 1765 1363 1798 pro
1388 1753 1453 1789 hoc
1478 1755 1669 1790 mercedem

277 1821 442 1864 accipias,
468 1828 567 1864 quam
594 1818 697 1852 alteri
725 1818 811 1852 hane
839 1819 1080 1852 transmittas?
1107 1818 1204 1852 Tunc
1223 1818 1400 1863 Trajanus
1421 1821 1550 1863 pieta-te
1575 1831 1667 1854 com-

279 1890 390 1919 motus
425 1884 467 1918 de
494 1894 581 1928 equo
608 1883 789 1917 descendit
814 1887 848 1917 et
875 1882 1002 1917 ibidem
1025 1884 1219 1917 innocentis
1245 1885 1447 1927 sanguinem
1472 1884 1667 1920 vindicavit.

278 1949 402 1984 Fertur
426 1959 574 1995 quoque,
603 1949 785 1994 quodcum
812 1949 950 1994 quidam
969 1949 1058 1982 lilius
1079 1949 1226 1993 TraJ'ani
1250 1959 1314 1993 per
1337 1949 1456 1983 urbem
1482 1951 1668 1995 equitando

278 2016 378 2051 nimis
406 2015 536 2049 lascive
560 2015 787 2056 discurreret,
839 2014 943 2048 lilium
974 2014 1153 2060 cujusdam
1186 2014 1311 2049 viduae
1346 2017 1537 2058 interemit,
1576 2016 1670 2062 quod

277 2091 352 2115 cum
378 2080 482 2114 vidua
509 2080 664 2125 Trajano
691 2079 957 2128 lacrimabiliter
985 2084 1192 2124 exponeret,
1219 2081 1294 2124 ipse
1328 2079 1432 2114 silium
1458 2091 1574 2122 suum,
1611 2083 1669 2126 qui

280 2145 344 2179 hoc
371 2146 512 2183 fecerat,
539 2145 664 2179 viduae
690 2145 766 2179 loco
784 2144 846 2178 filii
874 2146 927 2179 sui
953 2145 1105 2179 defuncti
1124 2145 1269 2179 tradidit
1293 2150 1326 2180 et
1351 2146 1532 2191 magnifice
1560 2148 1669 2191 ipsam

279 2209 423 2243 dotavit.
480 2210 564 2244 Dum
591 2212 700 2256 igitur
731 2210 877 2255 quadam
911 2212 986 2245 vice
1012 2211 1071 2244 diu
1099 2211 1171 2255 jam
1206 2210 1368 2245 defuncto
1396 2211 1552 2257 TraJano
1581 2212 1666 2247 Gre-

279 2275 401 2319 gorius
428 2285 490 2318 per
517 2275 626 2308 sorum
653 2275 801 2318 Trajani
826 2277 992 2309 transiret
1023 2280 1056 2309 et
1081 2275 1184 2319 hujus
1219 2275 1514 2311 mansuetiulinem
1534 2276 1667 2321 judicis

281 2339 485 2374 reeordatus
512 2339 648 2379 suisset,
677 2339 720 2373 ad
747 2342 857 2374 sancti
884 2340 976 2375 Petri
1002 2341 1182 2375 basilicam
1204 2343 1363 2385 pervenit
1390 2345 1424 2375 et
1451 2341 1578 2376 ibidem
1604 2353 1666 2386 pro

281 2404 358 2448 ejus
386 2414 504 2437 errore
529 2406 746 2439 amarissime
773 2405 877 2439 flevit.
934 2406 1032 2440 Tunc
1060 2407 1129 2440 sibi
1161 2407 1326 2441 divinitus
1361 2412 1414 2441 est
1447 2418 1667 2451 responsum:

282 2480 378 2510 eece,
416 2470 616 2513 petitionem
642 2475 734 2504 tuam
765 2471 935 2515 complevi
969 2477 1003 2506 et
1037 2472 1192 2517 Trajano
1226 2483 1370 2518 poenam
1403 2477 1578 2507 aeternam
1603 2483 1665 2515 pe-

281 2534 389 2577 perci,
418 2533 462 2567 de
487 2539 626 2568 caetero
650 2539 762 2569 autem
791 2535 1061 2581 diligentissime
1086 2548 1232 2579 caveas,
1258 2548 1301 2572 ne
1325 2548 1388 2582 pro
1414 2537 1573 2570 damnato
1599 2536 1666 2570 ali·

285 2607 351 2641 quo
380 2609 502 2641 preces
528 2598 663 2634 fundas.
715 2600 995 2648 Damascenus1)
1030 2608 1143 2638 autem
1173 2604 1204 2637 in
1244 2602 1391 2648 quodam
1418 2611 1481 2635 suo
1508 2611 1667 2636 sermone

354 2742 380 2775 l)
399 2743 520 2772 necent.
539 2744 615 2771 male
635 2745 831 2773 Daminnus
849 2743 986 2772 offerunt.
1013 2745 1050 2772 es.
1069 2747 1203 2771 Dmnnsc.
1224 2745 1280 2778 Op.
1299 2741 1366 2771 Vol.
1386 2746 1407 2772 1.
1426 2752 1455 2778 p.
1476 2744 1536 2771 591.
