1742 3005
269 123 352 163 938
411 125 507 173 Cap.
531 121 722 158 CCXXV.
767 120 824 156 De
848 126 977 155 sancto
997 117 1139 169 Joseph
1164 130 1303 168 sponso
1328 118 1481 168 virginis
1500 116 1655 154 Mariae.

270 229 374 257 mortis
396 232 479 258 tuae,
513 234 530 252 o
549 225 609 251 filie
635 234 723 257 quam
743 222 817 250 dura
836 226 865 248 et
884 231 983 248 amara
1002 225 1048 247 est
1066 220 1123 248 tibi
1141 220 1263 247 humaui
1282 221 1398 253 generis
1416 220 1579 252 redemtio,
1604 227 1660 254 pro

270 283 327 306 qua
355 277 418 298 tum
444 274 507 297 Deo
526 269 604 304 patri
625 273 654 295 et
673 268 729 295 tibi
749 278 816 295 cum
835 266 943 302 spiritu
961 270 1065 293 sancto
1086 265 1195 298 gratias
1215 273 1280 297 ago.
1315 264 1400 291 Unde
1419 265 1544 292 ecclesia
1563 264 1660 290 devo-

269 316 384 344 tissime
402 324 458 343 nos
477 314 636 341 invitando
656 313 695 340 ad
713 313 799 347 hujus
820 311 880 338 diei
900 310 1140 345 compassionem
1165 314 1264 337 cantat
1288 309 1408 336 dicens:
1436 314 1550 336 mentes
1576 311 1659 343 juvet

268 361 405 389 fidelium
428 360 550 387 dolores
575 363 603 385 et
631 358 793 393 suspirium
818 356 921 384 matris
949 355 1056 383 Christi
1082 355 1240 383 revolvere
1260 363 1326 381 cum
1351 353 1511 385 gratiariun
1528 364 1658 385 munere.

269 411 350 434 casta
373 404 507 440 parentis
535 403 654 430 viscera
678 411 776 437 poena
802 405 980 434 torquentur
1007 409 1131 435 aspera,
1162 399 1234 426 dum
1258 398 1360 431 illum,
1393 408 1482 437 quem
1508 403 1659 432 genuerat,

269 451 363 483 virgis
382 449 519 485 perversi
537 448 714 481 verberant,
734 450 835 475 Jesum
854 446 965 478 ligant,
985 445 1146 472 crudeliter
1165 444 1308 477 caedunt,
1334 446 1489 470 cruentant
1508 443 1615 470 acriter
1632 448 1661 470 et

271 497 334 530 ejus
360 494 464 522 matris
490 492 638 520 maximae
665 491 708 519 sic
733 495 878 523 augentur
904 490 1054 517 tristitiae.
1092 493 1174 526 Quae
1199 489 1284 522 virgo
1312 488 1368 516 Dei
1390 488 1487 515 filium
1511 493 1664 520 genuerat,

269 549 419 576 puerpera
445 542 504 566 stat
533 546 654 570 gemens
682 537 721 563 ad
745 536 929 571 supplicium
956 534 1106 562 cernendo
1134 543 1250 561 crucem
1281 533 1399 562 misera.
1441 536 1571 560 Tantum
1604 533 1662 560 sibi

271 585 469 620 compatitur,
495 582 578 616 quod
603 581 666 609 sere
686 591 787 608 secum
806 581 944 608 moritur:
963 580 1064 607 nullus
1085 579 1174 606 dolor
1193 578 1335 611 amarior,
1361 588 1430 605 nam
1454 578 1538 605 nulla
1560 578 1662 612 proles

270 630 375 658 carior.
413 628 516 656 Cuncti
536 636 605 660 ergo
626 627 736 653 Mariae
756 626 869 653 servuli
889 625 1019 652 cultores
1037 634 1128 652 verae
1151 623 1223 651 fidei
1248 625 1350 650 Jesum
1375 622 1507 650 occisum
1525 622 1615 650 colite
1634 627 1665 649 et.

271 685 339 701 cum
356 673 450 700 Maria
470 672 603 708 plangite
623 676 651 698 et
672 670 867 698 devotionem
887 671 924 697 de
943 675 1060 697 caetero
1080 668 1224 703 accipite,
1252 667 1328 695 sicut
1354 667 1476 701 quidam
1503 667 1609 694 doctor
1633 667 1664 694 iu

270 723 397 752 utroque
423 719 487 752 jure
514 717 552 743 de
577 716 764 751 pai-lamento
790 713 958 741 Parisieusi.
997 714 1055 749 Qui
1079 714 1204 740 audiens
1230 712 1486 748 praedic-ationem
1509 711 1663 746 cujusdam

270 763 372 790 fratris
397 761 511 789 ordinis
537 760 779 796 praedicatorum
805 758 1034 785 concionantem
1060 758 1097 784 de
1122 758 1234 792 pietate.
1260 757 1385 789 virginis
1405 757 1570 790 gloriosae,
1597 767 1664 785 cum

271 807 407 837 infirmus
427 811 507 833 esset
524 815 619 839 usque
639 804 679 831 ad
701 807 845 835 mortem,
871 807 901 829 et
926 802 1078 836 loquvlam
1104 812 1159 837 per
1180 802 1282 837 plnres
1302 802 1366 828 dies
1385 801 1582 836 perdidisset,
1608 810 1665 829 vo-

273 857 356 879 catus
376 851 566 886 praedicator
585 860 601 876 a
621 859 673 877 sua
692 857 802 880 uxore,
821 852 853 874 ut
873 856 941 874 eum
958 847 1110 880 visitaret,
1135 851 1163 874 et
1182 846 1262 873 facta
1279 846 1454 873 visitatione
1472 845 1565 873 frater
1582 846 1664 873 illico

272 897 311 923 nd
331 900 513 923 conventum
539 894 637 927 misit,
663 898 696 920 ut
721 893 830 920 fratres
857 892 991 919 dicerent
1016 892 1182 919 orationem
1209 896 1278 918 ante
1304 889 1457 917 dominam
1476 895 1607 918 nostram
1626 892 1665 918 de

272 942 396 976 pietate.
433 943 498 975 Qua
525 939 606 966 dicta
633 937 771 972 aperiens
798 937 901 964 oculos
927 937 1063 964 infirmus
1093 937 1176 971 loqui
1207 936 1307 971 coepit
1338 935 1511 969 meritisque
1539 936 1665 969 virginis

274 985 430 1014 consessus
450 989 511 1017 est,
530 983 669 1017 quznnvis
689 982 766 1009 infra
787 981 917 1016 spatium
936 984 964 1007 X
983 990 1128 1008 anuorum
1146 990 1205 1008 non
1224 980 1332 1007 suisset
1350 989 1422 1007 vere
1443 981 1611 1014 consessus,
1636 985 1666 1008 et

274 1035 342 1066 post
371 1039 424 1064 per
449 1028 566 1062 aliquos
593 1028 658 1055 dies
683 1026 862 1062 supervixit.
898 1026 934 1053 Hi
962 1031 1031 1053 sunt
1057 1027 1194 1059 dolores,
1222 1034 1296 1059 quos
1323 1025 1408 1057 virgo
1428 1025 1546 1057 habui13
1574 1026 1666 1058 disce,

275 1075 419 1107 salvator,
437 1078 556 1100 nostros
576 1071 748 1099 meminisse
768 1071 888 1098 dolores
906 1071 1031 1102 virginis
1043 1076 1195 1106 septenos,
1218 1075 1250 1097 ut
1270 1069 1326 1097 tibi
1345 1080 1462 1104 quaque
1481 1070 1530 1097 die
1550 1071 1666 1105 prosint

275 1119 406 1147 dolores.
442 1117 574 1149 Virginis
594 1116 745 1151 praedixit
765 1118 892 1148 Symeon
911 1115 1041 1142 animam
1060 1124 1200 1142 mucrone
1218 1115 1300 1142 feriri
1326 1120 1355 1142 et
1374 1120 1499 1142 matrem
1516 1115 1580 1142 uati
1598 1116 1667 1143 vul-

274 1174 344 1191 nera
362 1163 440 1189 serre
460 1162 515 1189 sui.
551 1160 720 1188 Secundus:
747 1160 816 1186 huic
835 1170 902 1186 cuin
927 1170 1014 1187 caesa
1032 1159 1089 1186 suit
1108 1169 1268 1195 puerorum
1289 1160 1378 1186 turba
1396 1160 1529 1195 piorum,
1556 1161 1668 1196 pertuli

275 1210 307 1236 in
328 1212 498 1243 Aegyptum
515 1215 576 1233 non
595 1207 673 1232 bene
692 1209 755 1231 tuta
774 1215 883 1233 meum.
919 1204 1056 1231 Tertius:
1083 1209 1111 1231 et
1132 1205 1216 1231 dolui
1242 1214 1387 1238 quaerens
1412 1215 1537 1240 puerum
1563 1206 1667 1234 divina

274 1254 402 1280 docente
429 1253 460 1278 iu
484 1251 610 1286 templo.
648 1253 795 1285 Quartus:
821 1250 899 1276 hunc
927 1253 1047 1284 captum
1073 1248 1160 1282 hujus
1185 1249 1263 1276 ferre
1297 1249 1431 1284 pondera
1466 1250 1560 1277 crucis
1599 1260 1666 1278 cum

274 1297 349 1325 vidi.
386 1300 510 1324 Sextus:
537 1301 567 1323 et
594 1296 675 1328 liguo
701 1295 794 1321 fixum
820 1303 888 1320 eum
914 1298 1010 1321 morte
1045 1294 1178 1328 sopitum
1209 1293 1331 1329 deponi.
1371 1295 1522 1330 Septimus
1547 1294 1665 1329 inquit:

275 1347 358 1378 petra
379 1342 513 1375 linquere
533 1340 621 1376 pulsa
645 1338 719 1370 srui3
746 1347 801 1366 nos
828 1339 918 1371 igitur
942 1343 1062 1366 nostros
1090 1339 1226 1372 quisquis
1252 1339 1414 1366 meditatur
1440 1339 1573 1373 dolores,
1600 1350 1668 1376 per-

275 1388 365 1423 cipiet
384 1391 488 1414 natum
506 1386 584 1413 serre
606 1385 712 1412 salutis
731 1393 830 1420 opem.
868 1384 957 1420 Quod
976 1384 1041 1420 ipse
1060 1388 1214 1420 praestare
1233 1383 1380 1417 dignetur.
1416 1386 1521 1412 Amen.

649 1661 793 1738 GAP.
839 1661 1076 1736 CCXXV.
1128 1658 1299 1737 (196.)

338 1770 440 1815 De
482 1771 702 1816 sancto
741 1771 993 1828 Joseph
1043 1781 1277 1827 sponso
1320 1767 1603 1826 virginis

838 1848 1102 1894 Mariae.

379 1955 572 1983 Nobilissima
598 1965 644 1983 res
671 1961 715 1983 est
743 1955 832 1983 uobis
850 1955 967 1982 miseris
986 1954 1165 1982 mortalibus
1183 1954 1214 1980 in
1232 1953 1289 1980 hoc
1307 1953 1419 1980 mundo
1438 1954 1548 1980 habere
1567 1954 1667 1985 singu-

276 1999 369 2026 larem
388 1999 583 2027 devotionem
603 2008 661 2026 non
682 2000 779 2026 solum
799 2004 861 2027 Deo
881 2004 1019 2031 aeterno,
1047 1998 1101 2025 sed
1127 1998 1218 2025 etiam
1237 1998 1298 2025 suis
1318 1998 1456 2030 gloriosis
1476 1998 1595 2025 sanctis.
1633 2002 1667 2025 Et

276 2045 332 2070 hoc
351 2049 474 2078 propter
494 2049 626 2071 nostram
646 2044 795 2078 inopiam,
816 2043 884 2078 quia
904 2044 944 2070 nil
966 2053 1001 2069 ex
1021 2043 1109 2069 nobis
1129 2052 1276 2069 meremur
1295 2052 1394 2070 coram
1413 2046 1486 2075 Deo,
1504 2043 1565 2069 imo
1584 2043 1668 2077 pleni

274 2088 407 2122 peccatis
427 2088 615 2115 demeremur
635 2088 793 2123 supplicia,
831 2092 953 2123 Propter
977 2087 1058 2120 qnod
1085 2087 1124 2113 ad
1151 2092 1271 2115 sanctos
1291 2096 1366 2122 opus
1386 2092 1430 2115 est
1450 2096 1504 2114 nos
1524 2086 1667 2120 refugere,

275 2137 422 2165 quatenus
440 2141 542 2159 eorum
564 2132 677 2159 meritis
697 2136 776 2159 Dens
796 2132 939 2167 placetur,
959 2136 988 2158 et
1008 2132 1090 2165 quod
1108 2133 1248 2167 petimus,
1268 2132 1430 2159 efficaciter
1448 2133 1667 2166 consequimur.

274 2175 350 2203 Huic
369 2177 436 2204 Job.
456 2180 498 2205 V:
526 2177 565 2203 atl
584 2178 715 2211 aliquem
735 2182 905 2205 sanctorum
925 2182 1109 2205 convertere.
1147 2181 1224 2204 Tum
1248 2177 1339 2204 etiam
1358 2181 1482 2212 propter
1500 2177 1554 2204 Dei
1572 2178 1668 2205 nostri

274 2222 490 2254 reverentiam,
519 2224 659 2255 quoniam
680 2226 775 2255 Deus,
803 2223 853 2255 qni
874 2222 902 2248 in
923 2222 960 2249 iis
986 2223 1119 2255 habitat,
1144 2222 1316 2249 honoratur.
1354 2222 1411 2257 Qui
1429 2231 1537 2256 nempe
1557 2223 1666 2250 sanctis

274 2266 420 2293 honorem
446 2267 568 2299 tribuit,
602 2266 687 2293 illum
715 2267 885 2301 specialiter
909 2267 1051 2299 honorat,
1087 2267 1137 2300 qui
1163 2276 1214 2294 eos
1242 2267 1439 2293 inhabitando
1466 2276 1519 2301 per
1543 2267 1667 2299 gratiam

275 2310 485 2339 sanctificavit.
523 2314 599 2338 Tum
619 2312 708 2338 etiam
728 2311 816 2338 tertio
836 2316 959 2346 propter
978 2320 1080 2338 eorum
1099 2311 1320 2339 virtuositatmn
1339 2317 1368 2339 et
1387 2312 1522 2345 gloriam,
1543 2317 1667 2347 propter

275 2364 364 2387 qnam
388 2355 470 2387 digni
497 2361 565 2382 sunt
592 2357 712 2384 honore.
749 2360 821 2383 Nam
846 2361 923 2383 teste
943 2356 1126 2391 philosopho
1145 2358 1176 2384 iu
1195 2360 1245 2385 IV.
1265 2357 1366 2389 ethic
1391 2357 1485 2384 honor
1511 2362 1555 2384 est
1580 2367 1666 2392 prae-

274 2399 366 2426 mium
394 2400 515 2427 virtutis
544 2405 572 2427 et
592 2400 696 2427 virtuti
716 2400 866 2435 perfectae
891 2409 950 2427 non
969 2400 1002 2427 fit
1022 2401 1188 2433 condignus
1208 2402 1310 2430 honor.
1347 2402 1463 2429 Debent
1483 2410 1552 2434 ergo
1571 2402 1667 2429 sancti

274 2444 414 2471 honorari
435 2449 585 2478 tamquam
606 2445 819 2472 virtuosissimi
838 2449 867 2472 et
887 2445 1097 2477 gloriosissimi
1117 2448 1211 2474 nostri
1230 2447 1350 2482 patroni
1376 2447 1564 2482 spirituales,
1591 2456 1665 2481 quo-

272 2487 366 2521 niam,
387 2494 418 2516 ut
440 2490 568 2517 liabetur
586 2493 627 2516 XI
647 2500 695 2523 qu.
718 2493 769 2517 VH
790 2501 854 2524 cap.
875 2490 987 2524 qualis,
1014 2490 1062 2524 qui
1083 2496 1240 2526 patronum
1261 2492 1325 2519 sive
1344 2497 1459 2527 patrem
1479 2492 1665 2527 spiritualem

275 2542 334 2560 non
352 2533 496 2567 honorat,
522 2535 590 2569 plus
610 2535 730 2561 vidatur
749 2545 890 2570 peccaro,
917 2546 1006 2569 quam
1033 2537 1083 2570 qni
1110 2542 1226 2572 patrem
1253 2538 1400 2564 carnalem
1429 2536 1608 2568 contemnit,
1636 2542 1662 2563 et

274 2578 414 2609 quoni-'un
435 2584 555 2606 sanmtus
576 2579 687 2614 Josepli
708 2585 752 2606 est
771 2590 846 2607 unns
866 2581 903 2607 de
923 2581 1149 2613 gloriosioribus
1169 2582 1280 2609 sanctis
1299 2581 1439 2617 paradisi,
1459 2580 1664 2608 Ot1idOltlillttS

274 2624 385 2649 tantam
417 2623 540 2655 gratiam
566 2624 708 2656 contulit,
742 2629 773 2651 ut
806 2633 889 2652 suam
921 2625 1149 2653 dilectissimam
1176 2632 1301 2654 matrem
1328 2628 1355 2655 ei
1380 2628 1409 2654 in
1436 2625 1603 2653 custodiam
1635 2630 1663 2652 et

275 2673 415 2699 sponsam
444 2667 537 2694 daret.
591 2668 664 2695 Ideo
691 2668 728 2695 ad
756 2668 853 2703 ipsum
882 2670 987 2697 merito
1015 2670 1178 2698 devotione
1212 2671 1325 2698 utinam
1360 2681 1464 2704 inagna
1497 2679 1662 2698 movemur.

270 2709 365 2735 nativ!
387 2711 464 2738 enim
489 2712 551 2745 ipse
574 2717 691 2740 sanctus
712 2714 823 2748 ,loseph
844 2713 970 2748 plurima
987 2715 1154 2749 privilegia.
1193 2716 1319 2744 l'rimnm
1336 2716 1662 2744 licitur-nobilissimae
