1742 3005
282 119 359 158 702
455 120 549 166 (Tap.
579 115 744 152 CLVIH.
805 115 863 151 De
896 114 1070 152 undecim
1102 116 1265 152 millibus
1299 116 1492 165 virginum.

283 226 447 260 divinitus
476 222 647 263 inspirata
676 220 765 263 patri
791 219 923 260 suasit,
956 223 993 252 ut
1027 217 1205 262 praedicto
1243 220 1319 264 regi
1351 228 1532 252 assensum
1560 226 1662 261 prae<

283 291 393 326 beret.
422 296 462 321 ea
481 289 594 319 tamen
617 283 817 319 conditione
843 285 1040 328 proposita,
1068 287 1104 317 ut
1131 285 1206 328 ipse
1233 293 1293 317 rex
1320 292 1392 317 cum
1421 288 1518 327 patre
1544 283 1662 317 dec-em

283 355 438 399 virgines
472 351 704 386 electissimas
737 349 805 383 sibi
842 348 886 383 ad
919 349 1081 383 solatium
1106 347 1262 382 traderet
1297 352 1331 383 et
1361 352 1428 381 tam
1463 348 1529 382 sibi
1564 358 1663 393 quam

281 420 361 454 aliis
405 417 497 452 mille
543 416 697 461 virgines
740 416 940 461 assignaret
979 418 1012 449 et
1049 415 1260 459 comparatis
1304 412 1469 448 trieribus
1508 413 1664 448 inducias

280 484 421 518 triennii
438 482 504 516 sibi
526 481 625 516 daret
652 481 696 514 ad
724 479 977 514 dedicationem
1005 489 1090 513 suae
1120 480 1346 525 virginitatis,
1376 483 1410 514 et
1436 479 1665 523 ipsejuvenis

280 550 479 595 baptizatus
506 549 539 581 in
567 546 620 580 bis
646 545 758 579 tribus
784 547 883 579 annis
909 547 942 579 in
969 544 1035 580 fide
1061 546 1303 587 instrueretur,
1329 546 1480 590 sapienti
1496 544 1665 598 siquidem

280 625 364 649 usus
388 613 551 652 consilio,
577 616 615 646 ut
640 616 700 646 aut
718 609 925 645 difficultate
951 611 1156 655 propositae
1181 610 1392 644 conditionis
1418 611 1565 644 animum
1590 610 1666 654 ejus

279 679 401 714 abhoc
418 682 594 712 averteret
615 681 675 711 aut
693 676 759 710 hac
778 677 1041 719 opportunitate
1061 675 1263 720 praedictas
1284 677 1437 722 virgines
1456 686 1571 710 secum
1592 675 1665 710 Deo

280 743 471 779 dedicaret.
522 743 565 776 At
588 742 730 786 juvenis
757 739 906 774 libenter
930 739 995 774 bac
1021 740 1220 775 conditione
1246 745 1391 786 accepta
1415 741 1506 785 apud
1533 745 1665 785 patrem

281 811 407 843 institit
431 812 466 842 et
491 807 648 852 protinus
675 805 875 849 baptizatus
901 805 1091 839 accelerari
1127 811 1267 848 cuncta,
1305 817 1393 851 quae
1427 807 1530 841 beata
1566 808 1664 851 virgo

281 877 529 920 praeceperat,
568 871 762 916 imperavit.
811 870 916 904 Pater
940 874 1054 904 autem
1086 869 1224 914 puellae
1250 870 1441 912 ordinavit,
1476 873 1568 918 quod
1595 873 1665 906 filia

280 949 365 981 sua,
404 949 504 984 quam
533 937 633 972 valde
659 935 850 981 diligebat,
891 937 1005 976 viros,
1043 946 1186 980 quorum
1212 935 1340 970 solatio
1368 941 1437 971 tam
1463 939 1541 982 ipsa
1566 948 1666 983 quam

281 1006 357 1050 ejus
384 1005 557 1039 exercitus
584 1002 783 1047 indigebat,
821 1003 854 1035 in
888 1002 1052 1035 comitatu
1082 1012 1144 1035 suo
1171 1000 1326 1036 baberet.
1376 1001 1533 1048 Undique
1559 1004 1668 1049 igitur

282 1071 436 1115 virgines
463 1069 651 1109 confluunt,
677 1067 829 1111 undique
850 1068 913 1100 viri
933 1066 975 1100 ad
1003 1071 1069 1100 tam
1096 1067 1230 1111 grande
1256 1069 1490 1112 spectaculum
1514 1074 1664 1103 currunt.

281 1135 365 1169 Nam
389 1135 486 1168 multi
512 1134 671 1178 episcopi
699 1132 743 1166 ad
772 1141 832 1165 eas
857 1131 1118 1173 confluxerunt,
1147 1136 1182 1165 ut
1209 1143 1322 1167 secum
1351 1138 1550 1179 pergerent,
1577 1136 1667 1169 inter

279 1211 367 1246 quos
401 1204 477 1235 erat
501 1198 669 1234 Pantulus
700 1197 918 1231 Basileensis
950 1198 1158 1241 episcopus,
1205 1200 1263 1243 qui
1301 1209 1361 1233 eas
1388 1209 1498 1244 usque
1524 1198 1663 1234 Romam

280 1265 442 1311 perduxit
471 1269 504 1300 et
528 1264 607 1298 inde
631 1273 794 1298 reversus
820 1272 894 1296 cum
921 1263 964 1296 iis
991 1264 1178 1296 martirium
1208 1266 1372 1308 suscepit.
1423 1264 1553 1299 Sancta
1579 1276 1664 1310 quo-

279 1342 346 1376 que
365 1330 537 1366 Gerasina
562 1330 686 1374 regina
701 1328 855 1369 Siciliae,
885 1337 975 1372 quae
993 1329 1098 1361 virum
1125 1338 1221 1362 suum
1247 1340 1364 1374 regem
1390 1329 1663 1364 crudelissimum

280 1398 381 1442 quasi
396 1396 439 1431 de
457 1396 538 1440 lupo
555 1395 685 1430 fecerat
695 1405 834 1441 agnum,
855 1403 958 1427 soror
977 1392 1167 1437 ¹)Macirisi
1185 1395 1342 1439 episcopi
1359 1399 1393 1429 et
1403 1394 1531 1429 Dariae
1546 1398 1664 1430 matris

279 1467 421 1497 sanetae
432 1461 593 1503 Ursulae,
612 1471 686 1495 cum
704 1460 813 1495 eidem
828 1465 928 1505 pater
944 1464 1087 1494 sanctae
1097 1459 1245 1494 Ursulae
1262 1464 1432 1494 secretum
1451 1471 1513 1505 per
1531 1461 1664 1496 litteras

279 1529 487 1568 intimasset,
507 1529 670 1562 continuo
688 1527 881 1571 inspirante
895 1526 968 1560 Deo
985 1536 1059 1560 cum
1081 1529 1229 1570 quatuor
1245 1525 1383 1560 filiabus
1402 1527 1486 1568 suis,
1514 1526 1663 1568 Babilla,

276 1592 429 1634 sumana,
450 1592 606 1627 Victoria
622 1596 656 1627 et
670 1593 790 1627 Aurea
807 1596 842 1627 et
854 1592 1000 1637 parvulo
1013 1602 1075 1626 suo
1088 1591 1278 1633 Hadriano,
1300 1593 1357 1637 qui
1376 1602 1492 1627 amore
1506 1602 1663 1627 sororum

279 1668 419 1692 suarum
438 1657 529 1692 ultro
556 1668 594 1692 se
618 1659 897 1703 peregrinationi
920 1659 1082 1703 ingessit,
1110 1657 1231 1691 relicto
1251 1668 1360 1703 regno
1387 1659 1421 1691 in
1443 1668 1544 1692 manu
1563 1659 1664 1692 unius

277 1723 339 1758 filii
362 1724 416 1758 sui
438 1733 550 1768 usque
568 1725 602 1757 in
630 1723 886 1767 ²)Britanniam
915 1723 1106 1767 navigavit.
1157 1722 1264 1767 Cujus
1282 1723 1430 1757 consilio
1449 1725 1603 1770 virgines
1623 1724 1665 1757 de

277 1789 427 1824 diversis
454 1791 573 1834 regnis
598 1788 859 1834 colligebantur
884 1792 918 1822 et
943 1797 1059 1821 earum
1086 1797 1223 1831 semper
1242 1788 1378 1822 ductrix
1398 1791 1570 1823 exsistens
1590 1798 1663 1822 cum

277 1856 320 1889 iis
345 1854 487 1889 tandem
513 1855 702 1888 martirium
728 1863 835 1898 passa
860 1857 924 1888 est.
972 1853 1077 1888 Juxta
1101 1853 1295 1887 condictum
1322 1855 1430 1898 igitur
1455 1853 1661 1899 virginibus,

276 1919 442 1953 trieribus
479 1924 514 1953 et
546 1920 715 1954 sumtibus
747 1921 968 1964 praeparatis
1002 1918 1292 1952 commilitonibus
1334 1919 1408 1952 suis
1444 1919 1568 1963 regina
1604 1929 1660 1952 se-

276 1989 372 2020 creta
405 1985 540 2019 revelat
577 1990 609 2019 et
645 1986 678 2018 in
711 1995 834 2019 novam
868 1984 1024 2018 militiam
1057 1993 1174 2017 (nunes
1206 1985 1400 2027 conjurant.
1451 1982 1533 2017 Nam
1561 1983 1662 2017 modo

276 2050 359 2084 belli
387 2050 571 2094 praeludia
597 2049 782 2090 inchoant,
819 2049 920 2101 modo
945 2051 1086 2083 currunt
1112 2048 1213 2082 modo
1240 2049 1455 2091 discurrunt,
1492 2049 1661 2084 interdum

275 2115 359 2150 belli
380 2124 498 2157 causa,
520 2115 721 2160 plerumque
742 2114 858 2161 sugam
875 2114 1038 2148 simulant
1057 2115 1219 2158 omnique
1235 2125 1365 2160 genere
1382 2114 1539 2149 ludorum
1561 2125 1660 2150 exer-

273 2182 402 2215 citatae
421 2180 520 2223 nihil,
539 2179 631 2225 quod
648 2181 762 2214 animo
774 2179 994 2221 occurrebat,
1015 2178 1256 2225 relinquebant
1276 2181 1452 2222 intactum,
1470 2180 1662 2226 aliquando

273 2247 440 2288 meridie,
479 2245 669 2291 aliquando
697 2246 754 2279 vix
788 2256 936 2290 vespere
961 2244 1132 2280 redibant.
1183 2244 1413 2280 Confluebant
1437 2256 1600 2290 proceres
1629 2250 1663 2281 et

273 2313 440 2357 primates
466 2311 510 2346 ad
536 2315 604 2345 tam
631 2310 766 2356 grande
791 2311 1027 2355 spectaculum
1054 2314 1089 2345 et
1114 2320 1232 2345 omnes
1259 2310 1491 2347 admiratione
1519 2316 1553 2347 et
1572 2321 1661 2358 gau-

273 2377 332 2412 dio
368 2377 604 2423 replebantur.
663 2375 821 2411 Tandem
867 2387 940 2410 cum
976 2375 1103 2411 Ursula
1145 2387 1262 2411 omnes
1296 2377 1450 2423 virgines
1486 2377 1529 2412 ad
1561 2377 1658 2412 tidem

274 2444 524 2485 convertisset,
559 2443 624 2477 sub
657 2445 757 2477 unius
791 2443 862 2477 diei
897 2443 1013 2487 spatio
1040 2442 1143 2477 ssante
1170 2453 1341 2487 prospero
1371 2447 1473 2478 vento
1505 2442 1550 2477 ad
1577 2452 1658 2486 por-

274 2513 341 2542 tum
369 2508 518 2551 Galliae,
545 2509 603 2553 qui
630 2508 755 2554 Tyella
780 2508 924 2550 dicitur,
953 2512 987 2543 et
1013 2507 1093 2543 inde
1118 2508 1296 2543 Coloniam
1325 2508 1558 2549 devenerunt,
1597 2506 1657 2540 ubi

273 2572 419 2609 Ursulae
454 2574 602 2620 augelus
636 2574 765 2608 domini
797 2576 963 2620 apparuit
993 2578 1026 2608 et
1058 2573 1255 2618 praedixit,
1297 2583 1357 2609 eas
1398 2573 1478 2606 illuc
1519 2573 1656 2616 integro

341 2672 365 2701 1)
386 2672 451 2698 ssve.
479 2675 506 2697 Μ
518 2681 531 2696 ιι
543 2676 550 2696 t
564 2672 590 2697 ri
603 2671 648 2697 sii
678 2672 785 2703 tog-nur
908 2674 937 2703 ¹2)
965 2670 1123 2698 Manifesta>
1151 2671 1203 2698 Ed.
1233 2674 1273 2698 l'r.
1305 2679 1337 2695 ex
1359 2669 1455 2699 glossa
1478 2670 1499 2694 A
1513 2678 1529 2693 n
1542 2668 1616 2699 ,alin
1629 2679 1655 2695 ιιι

273 2711 363 2739 addit.
