1742 3005
337 107 435 157 Cap.
460 105 614 145 Lxxn.
670 107 730 146 De
760 108 1010 148 adscensione
1043 108 1199 149 domini.
1380 106 1460 148 323

74 214 176 246 vocat
201 210 408 257 dyabolum,
443 212 537 259 quod
563 212 746 248 humanum
772 225 883 261 genus
912 216 962 250 sic
994 213 1134 250 funibus
1159 218 1383 260 peccatorum
1409 216 1462 249 in·

72 277 180 312 volvit
204 282 238 313 et
261 279 423 321 strinxit,
456 284 492 314 ut
528 279 698 325 quidquid
724 281 758 314 in
783 282 826 314 iis
851 280 1036 325 spirituale
1062 285 1158 323 erat,
1193 283 1405 326 exprimeret
1428 287 1464 317 et

71 342 184 376 solum
219 344 358 378 vinaria
392 350 622 380 remanerent.
671 345 743 380 Sed
776 350 897 380 noster
929 346 1083 380 bellator
1114 347 1269 381 torcular
1300 348 1461 385 calcavit,

69 408 208 442 vincula
234 414 455 454 peccatorum
482 410 612 455 dirupit
638 415 672 445 et
695 412 729 444 in
754 411 887 444 coelum
914 411 1134 446 adscendens
1161 413 1379 456 postmodum
1404 417 1459 448 ta—

70 473 211 508 bernam
237 475 327 510 coeli
353 477 490 520 aperuit
513 480 546 510 et
572 478 685 509 vinum
713 477 827 509 sancti
852 477 998 520 spiritus
1024 476 1157 510 effudit.
1208 477 1332 511 Tertia
1351 490 1459 523 quae-

69 540 137 573 stio
175 545 250 582 θεῖ,
284 550 386 585 quam
423 540 579 575 fecerunt
612 543 765 574 minores
801 541 920 586 angeli
943 542 1137 586 majoribus
1164 542 1343 577 dicentes:
1381 546 1459 589 quis

69 608 123 638 est
147 605 215 639 iste
240 615 302 639 rex
327 605 493 650 gloriae?
541 605 674 645 Quibus
701 608 752 641 illi
785 607 1064 652 responderunt:
1101 607 1261 642 dominus
1296 610 1458 643 virtutum

67 670 145 714 ipse
173 674 226 704 est
251 680 312 704 rex
335 670 485 716 gloriae.
532 671 584 707 De
609 672 675 707 hac
700 673 905 719 angelorum
932 675 1140 719 quaestione
1166 679 1199 708 et
1214 674 1360 708 aliorum
1374 685 1458 709 con-

67 736 219 770 venienti
257 738 489 781 responsione
522 739 574 773 sic
599 738 683 773 dicit
707 739 950 785 Augustinus:
990 738 1230 773 sanctificatur
1252 739 1370 773 divino
1398 751 1459 774 co-

65 802 187 835 mitatu
211 803 398 837 immensus
424 808 484 838 aer
509 808 543 838 et
568 805 678 838 omnis
704 804 766 838 illa
790 805 940 838 volitans
957 815 1021 848 per
1040 809 1123 838 aera
1137 804 1339 838 daemonum
1355 806 1459 840 turha

64 866 206 901 Christo
242 867 479 903 adscendente
511 870 713 915 transfugit.
763 870 896 909 Quibus
933 873 1156 903 accurrentes
1195 870 1334 915 angeli,
1378 873 1457 916 quis

64 936 181 974 esset,
208 934 434 967 sciscitantur
458 934 634 969 dicentes:
673 937 750 980 quis
778 936 845 969 iste
871 945 933 969 rex
959 934 1126 980 gloriae?
1160 935 1286 980 quibus
1312 936 1373 969 alii
1401 947 1457 971 re-

63 997 277 1042 spondentes
305 998 488 1034 dixerunt:
511 999 567 1034 hic
596 1004 650 1035 est
674 1000 734 1035 ille
758 1000 859 1035 valde
885 1000 1056 1034 candidus
1084 1005 1118 1035 et
1143 1011 1288 1043 roseus,
1322 1000 1378 1035 bic
1402 1007 1456 1037 est

63 1063 135 1106 itte,
163 1065 222 1110 qui
245 1075 318 1098 non·
334 1063 442 1100 habet
465 1067 618 1111 speciem
643 1077 756 1112 neque
781 1065 956 1108 decorem,
979 1066 1133 1100 infirmus
1159 1067 1193 1100 in
1212 1066 1323 1112 ligno,
1350 1068 1453 1102 sortis

62 1132 98 1164 in
125 1131 262 1176 spolio,
289 1131 370 1166 vilis
396 1133 430 1166 in
455 1132 676 1176 corpusculo,
702 1136 856 1166 armatus
883 1133 918 1165 in
944 1131 1094 1176 proelio,
1122 1131 1245 1166 foedus
1273 1133 1306 1166 in
1331 1138 1452 1175 morte,

61 1196 210 1241 pulcher
235 1198 270 1231 in
295 1199 573 1240 resurrectione,
599 1197 770 1232 candidus
796 1208 838 1231 ex
865 1199 1015 1243 virgine,
1041 1196 1255 1232 rubicundus
1278 1199 1313 1232 in
1339 1209 1452 1236 cruce,

61 1262 181 1297 fuscus
206 1264 242 1297 in
265 1263 479 1308 opprobrio,
513 1263 630 1298 clarus
665 1264 699 1296 in
723 1263 835 1297 coelo.
885 1263 988 1297 Circa
1015 1264 1190 1308 quintum,
1223 1274 1290 1308 quo
1317 1265 1454 1299 scilicet

60 1329 184 1363 merito
211 1328 417 1371 adscendit,
441 1328 630 1363 notandum
659 1328 751 1373 quod
775 1328 907 1372 triplici
932 1330 1056 1363 merito
1083 1328 1286 1371 adscendit,
1315 1329 1357 1363 de
1384 1340 1452 1375 quo

61 1394 114 1428 sic
133 1393 217 1428 dicit
237 1393 483 1439 Hieronymus:
512 1398 657 1439 propter
674 1395 854 1428 veritatem
868 1422 876 1436 ‚
903 1395 985 1439 quia
1004 1394 1076 1436 illa,
1102 1404 1192 1439 quae
1215 1406 1278 1439 per
1297 1395 1452 1439 proplie—

59 1463 116 1493 tas
140 1461 367 1504 promiseras,
394 1445 619 1504 adiinplesti,
655 1463 690 1494 et
712 1459 1028 1501 mansuetudinem,
1064 1461 1146 1505 quia
1169 1461 1260 1494 sicut
1285 1462 1361 1494 ovis
1387 1471 1451 1505 pro

59 1526 132 1559 vita
156 1526 278 1571 populi
302 1525 505 1567 immolaris,
531 1529 566 1560 et
585 1525 779 1570 justitiam,
821 1526 903 1570 quia
932 1535 1001 1558 non
1026 1529 1202 1569 potestate
1227 1525 1290 1560 sed
1312 1527 1453 1570 justitia

60 1591 223 1635 eripuisti
243 1590 415 1626 hominem
439 1595 474 1626 et
493 1591 643 1626 deducet
662 1595 698 1625 te
719 1590 927 1624 mirabiliter
950 1589 1097 1624 dextera
1120 1594 1182 1625 tua
1199 1592 1358 1635 potentia
1377 1593 1452 1627 sive

58 1657 169 1691 virtus
203 1655 353 1692 deducet
382 1661 438 1699 te,
475 1656 543 1691 hoc
567 1660 621 1692 est
645 1657 680 1690 in
704 1657 848 1691 coelum.
898 1656 1002 1691 Circa
1027 1661 1183 1698 sextum,
1220 1667 1288 1702 quo
1314 1657 1453 1691 scilicet

60 1721 264 1765 adscendit,
294 1721 483 1756 notandum
517 1721 611 1768 quod
637 1732 744 1767 super
767 1732 887 1757 omnes
924 1722 1044 1756 coelos
1079 1722 1284 1763 adsccndit,
1325 1732 1451 1756 secun·

61 1787 140 1822 dum
174 1787 266 1833 quod
306 1787 434 1822 dicitur
465 1786 595 1833 Ephes.
631 1787 696 1823 IV:
742 1789 802 1833 qui
835 1787 1039 1829 descendit,
1084 1788 1162 1832 ipse
1205 1791 1277 1830 est,
1320 1792 1355 1822 et
1392 1788 1451 1833 qui

59 1853 245 1888 adscendit
271 1864 379 1899 super
403 1864 522 1888 omnes
547 1854 667 1888 coelos
702 1858 741 1888 ut
774 1853 984 1898 adimpleret
1017 1855 1143 1888 omnia.
1191 1853 1306 1898 Super
1331 1863 1450 1888 omnes

58 1918 178 1953 coelos
213 1919 317 1962 dicit,
353 1920 436 1965 quia
468 1918 587 1964 plures
620 1922 700 1953 sunt
730 1919 841 1960 coeli,
875 1929 984 1964 super
1019 1930 1106 1964 quos
1140 1920 1218 1964 ipse
1252 1918 1450 1953 adscendit.

58 1982 122 2018 Est
148 1985 238 2018 enim
272 1984 405 2019 coelum
437 1984 642 2027 materiale,
678 1983 873 2025 rationale,
911 1984 1150 2019 intellectuale
1187 1988 1222 2018 et
1256 1983 1451 2028 supersub-

58 2049 235 2084 stantiale.
285 2049 429 2084 Coelum
455 2049 636 2084 materiale
673 2049 853 2093 multIplex
879 2053 955 2091 est,
989 2049 1128 2083 scilicet
1159 2048 1294 2083 coelum
1320 2049 1450 2082 aerium

57 2118 93 2150 et
116 2114 330 2157 aethereum,
357 2114 562 2159 Olympium,
591 2115 742 2160 igneum,
769 2112 966 2158 sydereum,
994 2113 1247 2147 christallinum
1275 2117 1309 2148 et
1335 2123 1451 2158 empy-

57 2190 165 2215 reum.
214 2179 354 2215 Coelum
382 2183 495 2214 autem
522 2179 697 2214 rationale
721 2183 775 2214 est
799 2178 903 2213 homo
926 2179 1057 2224 justus,
1084 2179 1142 2223 qui
1163 2177 1292 2212 dicitur
1317 2177 1451 2212 coelum

55 2246 195 2280 ratione
218 2245 486 2280 inhabitationis
513 2244 674 2287 divinae,
701 2246 784 2290 quia
809 2245 900 2278 sicut
925 2243 1057 2279 coelum
1084 2247 1138 2278 est
1161 2243 1265 2278 sedes
1292 2248 1326 2278 et
1348 2243 1451 2278 habi-

56 2310 146 2344 tatio
172 2308 258 2352 Dei‚
284 2310 473 2345 secundum
499 2309 594 2356 quod
619 2310 748 2344 dicitur
774 2311 807 2344 in
831 2309 926 2344 Ysai.
953 2309 1085 2344 LXVI:
1117 2309 1251 2344 coelum
1285 2308 1371 2342 mihi
1395 2318 1453 2342 se-

58 2376 121 2410 des
150 2379 216 2418 est,
242 2376 294 2409 sic
317 2376 433 2409 anima
451 2377 550 2421 justa
574 2375 764 2410 secundum
791 2374 884 2420 quod
910 2374 1038 2409 dieitur
1058 2376 1094 2408 in
1110 2373 1311 2418 Sapientia:
1337 2374 1453 2406 anima

53 2441 143 2486 justi
178 2439 283 2475 sedes
318 2443 372 2474 est
406 2441 614 2484 sapientiae.
662 2439 811 2475 Ratione
845 2440 1125 2475 conversationis
1161 2442 1329 2480 sanctae,
1369 2438 1453 2483 quia

18 2500 21 2502 ’
57 2507 172 2541 sancti
195 2516 259 2551 per
284 2506 587 2540 conversationem
623 2508 657 2539 et
683 2504 897 2540 desiderium
926 2514 1064 2548 semper
1086 2501 1249 2537 habitant
1275 2503 1311 2536 in
1337 2502 1449 2537 coelo.

56 2571 156 2606 Sicut
182 2571 324 2607 dicebat
348 2570 553 2615 apostolus:
586 2573 709 2604 nostra
742 2570 966 2604 conversatio
1001 2569 1037 2602 in
1063 2567 1172 2611 coelis
1198 2572 1264 2603 est.
1301 2567 1451 2603 Ratione

0 2637 3 2683 ζ
57 2637 275 2681 operationis
304 2637 511 2678 continuae,
547 2637 630 2681 quia
663 2636 753 2670 sicut
777 2635 911 2669 coelum
943 2636 1104 2669 continue
1125 2637 1304 2676 movetur,
1339 2635 1391 2667 sic
1417 2637 1451 2667 et

57 2702 170 2736 sancti
194 2712 258 2747 per
281 2700 377 2737 bona
400 2711 511 2747 opera
535 2702 696 2737 continue
723 2705 916 2737 moventur.
965 2699 1107 2736 Coelum
1130 2699 1370 2736 intellectuale
1396 2701 1451 2734 est

1047 2766 1092 2800 21
1118 2765 1137 2785 ²⁸
