1742 3005
291 125 372 166 608
467 128 565 176 Cap.
597 125 826 162 CXXXVII.
885 128 944 164 De
975 127 1204 165 exaltatione
1235 133 1388 164 sanctae
1421 126 1554 163 crucis.

292 232 412 266 voluit.
462 229 562 271 Quod
588 230 710 275 Syrois
735 231 990 275 primogenitus
1017 231 1094 276 ejus
1119 230 1266 266 audiens
1291 242 1365 266 cum
1391 229 1530 266 Eraclio
1556 228 1680 264 foedus

292 298 371 329 iniit
403 299 608 340 patremque
640 305 714 329 cum
749 295 928 329 nobilibus
956 306 1171 341 persequens
1197 297 1232 330 in
1257 297 1404 331 vinculis
1433 297 1543 342 jecit,
1579 306 1680 341 quem

291 370 382 404 pane
415 359 657 394 tribulationis
692 364 727 395 et
761 370 855 405 aqua
887 361 1074 406 angustiae
1110 365 1312 395 sustentans
1346 361 1484 395 tandem
1516 361 1682 407 sagittari

292 429 327 459 et
353 425 465 459 occidi
481 425 577 459 fecit.
626 424 850 459 Postmodum
867 430 980 460 autem
998 436 1117 460 omnes
1136 427 1373 461 incarceratos
1392 436 1464 460 cum
1481 426 1682 470 patriarcha

292 493 328 524 et
359 490 455 536 ligno
488 491 602 524 crucis
634 489 775 525 Eraclio
811 490 1023 533 destinavit,
1068 491 1129 525 ille
1173 496 1286 526 autem
1324 493 1516 536 pretiosum
1551 491 1682 537 lignum

291 557 405 589 crucis
439 555 637 591 Jerusalem
680 555 806 590 detulit
851 560 885 590 et
927 556 1147 601 postmodum
1183 557 1519 602 Constantinopolim
1556 556 1683 601 depor-

292 622 393 657 tavit.
441 620 535 655 Haec
561 623 595 654 in
619 621 736 655 multis
762 621 938 655 chronicis
964 621 1141 666 leguntur.
1161 641 1206 647 —
1223 643 1327 648 ———
1354 626 1400 659 2.
1419 621 1468 656 De
1485 621 1552 655 hoc
1570 626 1682 656 antem

292 686 389 731 ligno
415 689 527 721 crucis
554 688 605 721 sic
630 686 718 719 dixit
742 685 868 720 Sibilla
892 686 983 730 apud
1010 696 1183 732 paganos,
1210 688 1300 721 sicut
1325 687 1452 721 dicitur
1472 689 1506 720 in
1525 687 1686 731 hystoria

291 752 490 795 tripartita:
528 762 548 785 o
579 755 635 784 ter
665 750 805 784 beatum
830 751 983 795 lignum,
1022 753 1057 785 in
1088 763 1154 797 quo
1182 751 1275 786 Deus
1304 757 1468 787 extensus
1493 753 1563 786 est!
1611 752 1685 786 Hoc

293 814 386 850 sorte
411 815 538 850 dictum
560 819 614 850 est
638 818 783 859 propter
808 816 912 849 vitam
950 820 1120 858 naturae,
1154 818 1293 861 gratiae
1329 821 1362 851 et
1395 818 1554 863 gloriae,
1596 828 1685 862 quae

295 891 338 915 ex
374 891 477 916 cruce
508 882 683 926 provenit.
709 901 754 905 —
776 900 821 905 -—
847 900 890 905 -
932 884 980 918 3.
1018 880 1121 925 Apud
1155 881 1494 926 Constantinopolim
1530 882 1685 918 Judaeus

295 946 436 991 quidam
470 946 653 981 ecclesiam
688 950 833 980 sanctae
870 945 1027 990 Sophiae
1063 947 1247 991 ingressus
1284 946 1456 991 quandam
1500 948 1685 993 imaginem

297 1012 473 1057 ¹)Christi
498 1011 627 1045 ibidem
657 1013 853 1056 conspexit.
903 1011 969 1050 Qui
1003 1021 1041 1045 se
1068 1011 1115 1045 ibi
1140 1011 1251 1045 solum
1277 1011 1506 1046 considerans
1532 1013 1686 1058 gladium

295 1078 446 1122 arripuit
470 1081 505 1111 et
531 1078 747 1121 appropians
774 1077 958 1122 imaginem
987 1075 1119 1111 Christi
1144 1078 1178 1111 in
1203 1082 1344 1123 gutture
1362 1080 1536 1123 percussit
1553 1079 1687 1114 statim-

296 1154 364 1189 que
395 1142 477 1177 inde
509 1142 655 1186 sanguis
689 1142 798 1175 exivit
834 1145 868 1176 et
890 1141 1017 1176 Judaei
1045 1141 1169 1176 faeiem
1196 1146 1229 1176 et
1253 1147 1358 1187 caput
1384 1143 1572 1187 adspersit.
1623 1144 1687 1183 Qui

294 1210 439 1244 territus
482 1208 670 1254 imaginem
715 1209 853 1252 accepit
891 1211 925 1241 et
955 1208 1067 1251 ipsam
1102 1209 1136 1241 in
1169 1212 1308 1252 puteum
1342 1209 1534 1253 projiciens
1570 1210 1686 1243 statim

295 1275 447 1320 aufugit.
497 1273 645 1313 Quidam
681 1277 795 1307 autem
830 1272 1043 1307 christianus
1079 1273 1190 1307 eidem
1225 1274 1383 1308 obviavit
1415 1273 1554 1318 sibique
1580 1274 1687 1308 dixit:

295 1340 388 1375 unde
422 1341 538 1382 venis,
568 1338 732 1374 Judaee?
765 1339 916 1384 aliquem
950 1338 1123 1373 hominem
1158 1338 1329 1372 occidisti.
1378 1338 1421 1373 Et
1449 1340 1527 1373 ille:
1564 1340 1687 1374 salsum

297 1411 364 1442 est.
413 1406 476 1441 Cui
510 1415 632 1440 rursus
664 1403 766 1439 hoino
803 1404 863 1439 ille
901 1404 1006 1438 dixit:
1041 1415 1125 1439 vere
1160 1403 1381 1438 homicidium
1418 1407 1630 1449 perpetrasti
1656 1410 1691 1440 et

296 1474 377 1509 ideo
405 1473 578 1518 sanguine
605 1481 773 1515 aspersus
800 1481 850 1505 es.
896 1469 940 1504 Et
963 1469 1137 1505 Judaeus:
1174 1479 1256 1504 vere
1290 1469 1384 1504 Deus
1421 1469 1689 1505 christianorum

297 1549 446 1584 magnus
473 1542 526 1572 est
551 1541 585 1571 et
609 1536 695 1571 fides
721 1537 798 1581 ejus
824 1535 922 1570 firma
948 1546 1012 1580 per
1037 1537 1151 1570 onmia
1176 1536 1443 1580 comprobatum
1472 1546 1690 1582 nequaqnam

298 1605 389 1640 enim
414 1603 584 1637 hominem
610 1603 788 1646 percussi,
815 1601 878 1636 sed
907 1602 1038 1636 Christi
1065 1603 1263 1647 imaginem,
1289 1606 1324 1636 et
1350 1603 1514 1636 continuo
1543 1603 1690 1647 sanguis

299 1671 473 1706 emanavit
492 1668 534 1702 de
553 1668 630 1712 ejus
649 1671 801 1712 gutture.
834 1668 939 1702 Duxit
957 1673 1069 1703 autem
1087 1668 1244 1704 Judaeus
1262 1667 1433 1702 hominem
1453 1667 1547 1701 illum
1567 1667 1609 1701 ad
1627 1679 1691 1712 pu-

296 1741 388 1772 teum
416 1739 451 1770 et
477 1734 558 1768 inde
585 1737 740 1767 sanctam
766 1734 952 1779 imaginem
981 1739 1221 1771 extraxerunt.
1267 1734 1380 1780 Plaga
1410 1738 1522 1768 autem
1550 1735 1583 1767 iu
1609 1738 1689 1779 gut-

296 1807 375 1837 ture
408 1801 558 1841 Christi,
591 1802 629 1832 ut
662 1798 790 1841 fertur,
824 1798 940 1833 adhuc
975 1799 1081 1834 hodie
1108 1802 1261 1835 cernitur
1290 1804 1324 1834 et
1344 1799 1500 1833 Judaens
1527 1800 1690 1833 continuo

298 1867 413 1901 fidelis
433 1866 592 1900 efficitur.
614 1884 658 1889 —
675 1882 718 1889 —
737 1884 778 1889 —
803 1868 853 1900 4.
870 1864 970 1908 Apud
984 1866 1118 1909 Syriam
1141 1867 1175 1898 in
1196 1866 1338 1898 civitate
1364 1863 1532 1907 2)Βοι·ἱιἸι
1551 1863 1690 1908 quidam

297 1932 512 1966 christianus
538 1929 602 1964 sub
631 1939 747 1963 annua
771 1930 939 1973 pensione
966 1928 1154 1973 hospitium
1189 1929 1324 1963 habens
1349 1930 1534 1973 imaginem
1562 1930 1691 1963 domini

297 1998 453 2032 crucifixi
484 2001 606 2031 contra
639 1995 758 2029 lectuli
791 1995 913 2028 faciem
946 1995 981 2028 in
1015 1996 1145 2038 pietate
1179 1994 1343 2029 affixerat
1377 1998 1411 2028 et
1436 1994 1484 2026 ibi
1511 1995 1690 2029 orationes

299 2072 381 2097 suas
407 2063 570 2096 continue
596 2061 762 2095 faciebat.
810 2059 896 2093 Post
930 2069 1054 2093 annum
1095 2070 1178 2093 vero
1211 2060 1316 2093 aliam
1343 2059 1477 2093 domum
1502 2058 1632 2093 locavit
1658 2064 1692 2094 et

297 2129 486 2173 imaginem
524 2126 653 2160 ibidem
692 2136 735 2160 ex
772 2112 949 2159 oblivione
985 2124 1145 2170 reliquit,
1200 2124 1339 2170 quidam
1385 2129 1499 2160 autem
1535 2124 1690 2160 Judaeus

298 2193 515 2239 praedictam
530 2193 665 2227 domum
678 2191 892 2226 conduxitet
913 2190 970 2225 die
989 2190 1139 2235 quadam
1158 2202 1259 2224 unum
1282 2190 1324 2225 de
1345 2192 1416 2224 suis
1436 2191 1689 2225 contribulibus

299 2259 342 2293 ad
366 2260 558 2293 convivium
583 2259 756 2294 invitavit,
803 2256 898 2291 Inter
915 2256 1039 2300 epulas
1059 2260 1171 2290 autem
1194 2256 1266 2298 ille,
1295 2258 1351 2301 qui
1372 2258 1539 2290 invitatus
1560 2255 1687 2297 suerat,

298 2335 383 2359 casu
407 2325 690 2368 circumspiciens
718 2324 903 2367 imaginem
929 2321 1067 2356 infixam
1095 2323 1222 2366 parieti
1246 2326 1430 2356 contuetur
1459 2325 1492 2354 et
1518 2322 1551 2354 in
1581 2320 1688 2362 illum,

300 2392 357 2436 qui
385 2401 422 2424 se
449 2392 671 2431 invitaverat,
697 2391 749 2423 ira
776 2389 940 2430 fremens,
965 2399 1026 2422 cur
1045 2389 1229 2433 imaginem
1255 2387 1339 2423 Jesu
1366 2386 1496 2421 Christi
1516 2386 1688 2421 Nazareni

299 2461 421 2491 tenere
455 2455 603 2497 audeat,
647 2455 887 2489 comminatur.
935 2453 998 2488 Ille
1033 2458 1167 2490 antem,
1203 2462 1277 2486 cum
1320 2451 1436 2486 adhuc
1472 2450 1685 2496 praedictam

300 2522 485 2565 imaginem
519 2531 585 2555 non
619 2519 788 2562 vidisset,
832 2521 1081 2561 sacramentis,
1125 2518 1250 2563 quibus
1281 2521 1441 2562 poterat,
1479 2514 1686 2556 affirmabat,

301 2586 395 2631 quod
428 2586 542 2628 illam,
578 2585 620 2620 de
658 2594 727 2631 qua
759 2585 917 2622 dicebat.
953 2586 1137 2630 imaginem
1168 2585 1307 2628 penitus
1343 2579 1540 2628 ignorabat.
1589 2579 1688 2614 Tunc

373 2725 397 2753 Ι)
418 2724 561 2751 Christi
583 2734 685 2752 vorem
708 2725 816 2753 omittit
839 2725 891 2754 Fid.
913 2729 956 2751 l‘r.
1068 2725 1097 2756 2)
1118 2723 1187 2750 Alii:
1208 2720 1343 2749 nerith
1364 2719 1472 2752 legunt.
