1742 3005
388 68 481 116 Cap.
515 66 665 102 Lxxtl.
735 68 791 103 De
822 66 1070 103 ads-censione
1102 66 1256 101 donnini.
1437 66 1515 101 325»

125 181 158 212 in
185 170 251 203 lide
275 171 350 204 sive
378 171 592 216 cognitione,
622 180 768 215 capaces
797 172 829 204 in
854 171 964 204 sancti
986 171 1130 214 spiritus
1152 171 1364 214 receptione.
1414 170 1511 209 Quod

123 237 235 268 autem
251 244 357 279 super
369 235 488 270 coelos
502 246 619 270 omnes
633 236 835 278 rationales,
855 236 889 269 id
907 240 960 270 est
975 246 1094 270 omnes
1105 240 1260 277 sanctos,
1280 235 1513 275 adscenderit,

123 302 220 343 patet
236 310 301 345 per
318 300 415 343 illud,
438 300 529 346 quod
553 301 682 335 dicitur
693 302 791 336 Cant.
804 300 863 335 IL:
892 312 974 336 ecce
995 303 1062 336 iste
1081 303 1175 336 venit
1193 302 1322 336 saliens
1340 303 1374 335 in
1388 304 1509 336 monti-1

122 365 198 406 bus,
223 367 398 401 transiens
411 366 520 401 colles
537 370 571 401 et
586 371 755 401 vocantur
768 370 900 400 montes
919 367 1049 412 angeli,
1075 366 1183 400 colles
1199 377 1280 401 vero
1301 368 1364 400 viri
1387 369 1509 401 sancti.

122 430 222 470 Quod
245 442 325 465 vero
346 442 452 476 super
472 441 589 466 omnes
610 432 729 466 coelos
750 431 1020 472 intellectuales,
1047 431 1080 464 id
1097 436 1150 465 est
1175 433 1333 476 angelos,
1359 432 1509 466 adsccnss

122 496 222 538 derit,
244 502 340 542 patet
355 508 418 542 per
437 496 534 537 illud,
556 496 648 540 quod
663 496 834 529 diciturin
852 495 1004 539 psalmo:
1022 497 1078 540 qui
1101 497 1201 539 ponis
1219 496 1341 530 nubem
1363 498 1509 532 adst-ew

120 566 314 604 sumtuum,
342 563 401 607 qui
419 561 576 595 ambulas
597 571 703 605 super
723 570 856 605 pennas
878 564 1069 594 ventorum.
1109 561 1143 605 ¹)
1156 560 1237 595 Item
1253 561 1431 595 adscendit
1449 574 1503 597 suff

119 638 182 672 per
198 627 373 662 cherubim
392 631 426 661 et
444 627 574 660 volavit
590 636 697 670 super
716 636 848 670 pennas
870 629 1059 660 ventorum.
1088 626 1184 666 Quod
1207 631 1320 660 autem
1341 629 1504 673 usquead

119 692 250 727 coelum
269 690 620 736 supersubstantiale,
646 691 767 733 idest,
794 691 859 726 Dei
884 692 1130 737 aequalitatem
1148 692 1386 735 adscenderit,
1413 699 1507 738 patet

117 768 178 802 per
201 757 308 799 illud,
335 756 428 804 quod
455 757 585 791 dicitur
607 756 717 791 Marc.
745 757 826 791 ult.:
861 762 894 791 et
928 758 1085 792 dominus
1112 759 1249 803 quidem
1277 758 1380 793 Jesus
1407 764 1506 803 post-1

116 833 216 869 quam
234 823 370 857 locutus
389 828 444 857 est
470 825 534 865 eiS,
562 827 737 856 assumtus
763 826 816 857 est
842 824 875 856 ἰιι
903 823 1035 857 coelum
1063 828 1095 857 et
1122 823 1223 858 sedet
1242 834 1262 858 a
1280 824 1413 859 ‹letti-is
1428 825 1503 859 Dei.

116 889 246 924 Dextra
267 890 357 923 enim
373 888 438 923 Dei
459 892 513 923 est
532 888 774 933 coaequalitas
792 888 868 922 Dei.
917 887 1137 921 Ber-nardus:
1164 888 1303 922 ‹loinino
1330 900 1405 923 ineo
1433 892 1503 924 sin*

114 955 286 1000 gulariter
311 965 333 988 a
357 953 496 988 domino
522 958 556 988 et
581 953 709 987 dictum
737 957 770 987 et
796 952 910 986 datum
940 957 993 987 est
1021 953 1147 987 sedere
1175 964 1194 987 a
1213 953 1347 988 dextris
1368 955 1504 1001 gloriae

115 1021 248 1064 ipsius,
281 1023 403 1065 utpote
436 1021 471 1053 in
503 1019 619 1065 gloria
650 1018 809 1063 aequali,
846 1020 877 1052 in
906 1020 1061 1053 essentia
1089 1019 1401 1062 consubstantiali,
1442 1032 1503 1065 pro

113 1086 344 1131 generatione
369 1085 554 1127 consimili,
581 1085 764 1129 majestate
791 1095 858 1118 non
886 1084 1032 1129 dispari,
1060 1087 1270 1120 aeternitate
1291 1097 1359 1119 non
1383 1092 1503 1131 poste-

112 1152 208 1185 riori.
256 1150 320 1186 Vel
345 1155 462 1196 potest
489 1150 580 1191 dici,
619 1150 712 1194 quod
747 1149 907 1184 Christus
935 1152 969 1183 in
995 1150 1229 1185 adscensione
1255 1151 1412 1186 sublimis
1440 1153 1503 1187 suit

103 1206 334 1264 *quadruplici
357 1216 572 1251 sublimitate
589 1244 597 1258 ,
623 1216 757 1250 scilicet
776 1215 893 1257 locali,
920 1218 1198 1251 remuneratione
1216 1220 1361 1261 praemii
1379 1221 1501 1264 cogni-

113 1283 235 1318 tionali
269 1286 304 1318 et
337 1282 491 1317 virtuali.
541 1282 592 1316 De
627 1283 738 1326 primo
767 1281 827 1315 illo
851 1280 980 1325 Ephes.
1006 1281 1079 1317 lv.:
1117 1284 1174 1327 qui
1210 1284 1394 1318 descendit
1428 1286 1501 1329 ipse

114 1353 168 1383 est
204 1353 238 1383 et
272 1349 331 1393 qui
366 1346 551 1381 adscendit
588 1357 694 1395 super
727 1357 846 1381 omnes
886 1348 1017 1382 coelos.
1067 1348 1117 1383 De
1145 1349 1298 1383 secundo
1327 1349 1415 1384 Phil.
1440 1349 1499 1384 ll.:

112 1414 226 1448 factus
256 1412 426 1447 obediens
453 1416 517 1447 etc.
565 1411 630 1446 Ubi
657 1411 743 1446 dicit
767 1413 1005 1458 Augustinus:
1038 1413 1214 1448 humilitas
1248 1415 1419 1450 claritatis
1450 1423 1502 1450 est

111 1481 289 1522 meritum,
331 1478 475 1513 claritas
510 1478 715 1512 humilitatis
752 1483 804 1512 est
838 1480 1039 1523 praemium.
1087 1479 1139 1513 De
1174 1482 1324 1523 nertio-⁸)
1358 1482 1501 1526 psalm:

111 1544 296 1580 adscendit
319 1554 425 1589 super
450 1544 626 1579 cherubim
643 1572 651 1586 ,
670 1534 721 1578 'id
748 1548 820 1584 est,
855 1554 961 1589 super
994 1555 1126 1579 omnem
1154 1547 1323 1580 scientiae
1349 1548 1497 1591 plenitur

111 1611 236 1646 dinem.
284 1610 335 1645 De
368 1614 493 1655 quarto
529 1614 643 1655 patet,
685 1611 767 1654 quia
802 1609 987 1644 adscendit
1027 1612 1129 1645 etiam
1169 1622 1276 1656 super
1308 1613 1496 1658 seraphim.

111 1676 244 1722 EpheS.v
271 1676 337 1711 111:
374 1677 441 1710 scit
481 1677 584 1710 etiam
625 1676 937 1720 supereminentem
981 1677 1162 1711 caritatem
1207 1677 1348 1712 Christi.
1399 1678 1501 1713 Circa

111 1744 315 1788 septimum,
353 1751 461 1787 quare
487 1741 622 1785 scilicet
649 1740 854 1782 adscendit,
889 1741 1097 1783 notandum,
1133 1743 1226 1787 quod
1252 1743 1496 1778 :ulscensionis

110 1794 194 1843 suae
219 1817 341 1842 novem
368 1811 449 1841 sunt
476 1807 608 1841 fructus
636 1809 710 1842 sive
725 1806 904 1841 utilitates
953 1807 1068 1842 Prima
1095 1809 1228 1843 utilitas
1252 1814 1305 1844 est
1343 1810 1497 1855 ³)hunii*

111 1874 210 1908 liatio
238 1873 368 1908 amoris
397 1872 518 1906 divini.
567 1872 714 1908 Johann.
731 1872 827 1907 XVI:
854 1874 923 1907 nisi
946 1883 1014 1918 ego
1041 1873 1178 1914 abiero,
1204 1875 1402 1919 paracletus
1432 1887 1499 1910 non

111 1939 236 1973 veniet.
281 1937 350 1973 Ubi
373 1937 460 1972 dicit
485 1938 724 1984 Augustinus:
759 1940 790 1972 si
825 1938 1015 1974 carnaliter
1037 1939 1118 1973 mihi
1151 1940 1405 1984 adhaeseritis,
1440 1952 1499 1977 ca-

112 2013 218 2048 paces
249 2004 395 2047 spiritus
427 2013 499 2036 non
534 2004 644 2037 eritis,
695 2003 858 2038 Secunda
886 2008 939 2038 est
974 2005 1088 2050 major
1114 2007 1270 2051 cognitio
1296 2006 1382 2049 Dei,
1419 2007 1498 2042 Joh.

114 2068 209 2104 XIV:
235 2069 267 2102 si
295 2067 493 2113 diligeretis
519 2077 584 2108 me,
610 2068 814 2113 gauderetis
840 2070 972 2114 utique,
1001 2071 1084 2114 quia
1113 2070 1202 2103 vado
1227 2070 1269 2103 ad
1284 2075 1415 2114 patrem
1432 2076 1497 2106 etc.

112 2133 177 2170 Ubi
202 2133 286 2168 dicit
308 2133 549 2178 Augustinus:
583 2132 663 2167 ideo
701 2133 870 2167 subtraho
905 2134 1049 2168 formam
1075 2136 1175 2168 istam
1208 2137 1325 2177 servi,
1363 2138 1397 2170 in
1431 2148 1501 2182 qua

112 2205 214 2246 pater
237 2201 351 2246 major
377 2209 430 2234 me
456 2201 522 2241 est,
547 2202 585 2232 ut
609 2197 716 2233 Deum
741 2199 901 2243 spiritum
925 2199 1029 2234 aliter
1054 2199 1175 2235 videre
1200 2203 1357 2245 possitis.
1408 2202 1498 2238 Ter-

112 2268 163 2301 tia
190 2270 247 2301 est
267 2267 425 2301 meritum
447 2263 540 2298 fidei.
587 2263 638 2299 De
664 2263 731 2298 hac
755 2266 806 2298 sic
831 2264 916 2298 dicit
938 2265 1013 2300 Leo
1041 2267 1073 2299 in
1102 2276 1261 2302 sermone
1287 2268 1330 2302 de
1350 2268 1497 2302 adscen-

113 2334 232 2367 sione:
264 2335 345 2365 tuuc
380 2329 424 2364 ad
450 2328 630 2374 aequalem
657 2331 749 2374 patri
776 2329 881 2364 filium
907 2330 1078 2365 eruditior
1112 2331 1198 2366 fides
1224 2343 1349 2378 gressu
1374 2335 1499 2367 mentis

115 2397 232 2441 eoepit
255 2394 426 2430 accedere
453 2398 487 2428 et
513 2396 789 2430 contrectatione
817 2406 1010 2440 corporeae
1036 2399 1070 2431 in
1104 2397 1243 2431 Christo
1268 2398 1498 2434 substantiae.

114 2474 133 2498 e
160 2471 230 2507 qua
254 2465 354 2508 patre
379 2460 492 2494 minor
528 2463 598 2499 est,
631 2470 699 2492 non
733 2470 839 2505 egere
851 2461 898 2505 4).
948 2461 1154 2507 lilagnarum
1191 2464 1278 2496 enim
1311 2461 1368 2497 hic
1400 2464 1500 2510 vigor

114 2532 169 2563 est
193 2512 355 2561 mentium
381 2527 620 2559 incunctanter
647 2525 808 2563 credere,
844 2536 931 2571 quae
959 2537 1129 2570 corporeo
1166 2539 1231 2561 non
1258 2528 1418 2564 videntur
1443 2530 1495 2563 in<

182 2626 210 2657 1)
229 2624 283 2652 Ed.
303 2627 347 2651 l’r.
367 2623 478 2651 omittit
498 2624 606 2650 verba:
628 2626 721 2649 lteni
741 2637 772 2643 —
792 2628 954 2650 ventor-n
970 2635 1007 2651 ιιι,
1045 2626 1071 2658 2)
1092 2625 1195 2653 Ed.1‘r.
1212 2626 1289 2652 :nale
1308 2631 1397 2660 post
1418 2627 1498 2658 legit.

118 2672 144 2703 3)
165 2669 369 2700 &aloga-11:
397 2667 636 2696 consecutio.
708 2669 737 2699 42¹
758 2671 824 2695 [ἱνα
844 2668 959 2700 legunt.
981 2669 1013 2695 in
1034 2679 1051 2701 q
1062 2679 1104 2695 ua
1124 2675 1232 2704 patre
1252 2670 1373 2698 minor
1393 2680 1474 2698 non,
