1742 3005
258 125 342 166 634
490 127 586 176 Cap.
620 124 768 161 CXLll.
825 125 884 161 De
915 132 1044 161 sancta
1075 125 1223 162 sus-tina
1254 125 1411 174 virgine.

258 232 448 277 principem
482 228 685 263 daemonum
717 226 923 269 advocavit,
958 237 1103 272 cumque
1136 229 1311 271 venisset,
1348 228 1394 263 ad
1428 239 1503 264 eum
1537 228 1644 263 dixit:

258 306 349 342 quae
382 298 437 329 est
473 295 583 328 virtus
617 296 733 328 vestra
770 296 840 326 tam
874 291 1033 335 modica,
1073 297 1110 327 ut
1143 294 1299 327 vincatur
1329 294 1372 327 ab
1406 304 1475 328 una
1501 294 1646 339 puella?

257 361 351 395 Dixit
377 359 544 395 daemon:
577 369 657 394 eece
694 358 880 404 egrediens
914 360 1022 392 variis
1052 358 1210 393 febribus
1245 367 1320 393 eam
1346 359 1481 394 vexabo
1508 364 1542 395 et
1569 361 1644 394 ani-

257 437 344 460 mum
378 426 455 471 ejus
486 425 667 460 ardentius
700 424 920 459 inflammabo
955 428 989 459 et
1019 428 1127 459 totum
1159 435 1287 470 corpus
1328 426 1405 469 ejus
1451 425 1646 460 vehementi

257 492 384 527 ardore
418 501 624 537 respergam
657 495 692 526 et
724 490 928 526 freneticam
956 490 1052 526 illam
1078 491 1204 526 faciam
1226 494 1266 526 et
1293 492 1391 526 varia
1416 490 1484 525 sibi
1513 491 1647 525 fantas-

256 563 350 593 mata
376 558 520 592 offeram
547 561 581 592 et
604 556 718 592 media
737 561 840 592 nocte
874 566 949 592 eam
974 557 1144 592 adducam
1166 557 1242 592 tibi.
1292 557 1391 592 Tunc
1417 556 1588 602 dyabolus
1612 557 1647 590 in

255 626 407 670 speeiem
426 624 527 658 unius
547 624 693 669 virginis
712 633 751 658 se
767 621 1032 669 transfiguravit
1051 627 1085 658 et
1104 623 1148 658 ad
1176 624 1345 670 virginem
1372 625 1514 659 veniens
1542 622 1647 656 dixit:

257 702 337 726 ecce
365 690 409 724 ad
435 694 469 724 te
495 691 610 731 venio,
636 690 719 733 quia
744 693 855 723 tecum
882 690 917 723 in
935 691 1097 724 castitate
1120 691 1238 724 vivere
1260 690 1486 734 concupisco,
1510 698 1647 723 verum-

254 762 370 791 tamen
407 755 481 797 dic,
529 763 664 799 quaeso
699 756 753 796 te,
798 763 968 799 quaenam
1006 756 1206 789 certaminis
1240 756 1351 789 nostri
1388 764 1518 789 merces
1552 753 1647 788 erit?

256 822 319 857 Cui
344 823 466 856 sancta
490 820 592 866 virgo
615 819 819 864 respondit:
853 829 986 854 merces
1021 820 1159 865 quidem
1192 821 1316 863 multa,
1350 821 1453 855 labor
1477 819 1644 854 modicus,

254 889 350 923 Dixit
375 888 406 921 ei
431 886 599 921 daemon:
635 885 718 931 quid
744 889 798 920 est
824 895 933 931 ergo,
967 884 1059 930 quod
1084 884 1178 920 Deus
1206 888 1405 931 praecepit,
1441 887 1589 920 crescite
1614 888 1648 919 et

255 953 531 997 multiplicamini
558 955 592 987 et
617 951 750 996 replete
776 952 933 986 terram?
981 951 1104 986 Timeo
1141 962 1246 998 ergo,
1275 951 1368 986 bona
1393 952 1510 993 socia,
1537 950 1645 995 quod,

255 1021 285 1055 si
310 1021 345 1054 in
369 1020 574 1064 virginitate
598 1018 845 1059 manserimus,
872 1016 1014 1052 verbum
1041 1017 1102 1052 Dei
1136 1019 1270 1052 irritum
1302 1018 1469 1052 faciemus
1496 1019 1530 1051 et
1555 1015 1649 1051 velut

256 1088 517 1121 contemnentes
545 1087 580 1118 et
604 1082 849 1117 inobedientes
875 1083 909 1117 in
934 1093 1043 1129 grave
1065 1083 1236 1128 judicium
1263 1084 1475 1126 decidemus,
1505 1087 1539 1117 et
1557 1081 1647 1117 unde

255 1150 460 1187 videbamur
497 1158 642 1194 sperare
681 1150 890 1192 praemium,
934 1152 969 1184 et
1010 1159 1120 1196 grave
1169 1151 1386 1185 incurremus
1428 1152 1646 1184 tormentum.

256 1217 380 1261 Coepit
405 1218 520 1250 autem
555 1224 617 1248 cor
641 1214 788 1260 virginis
812 1213 982 1260 gravibus
1007 1216 1283 1261 cogitationibus
1313 1226 1375 1260 per
1399 1216 1647 1249 immissionem

254 1283 434 1318 daemonis
461 1282 596 1316 concuti
623 1284 658 1316 et
685 1279 811 1315 ardore
836 1282 1140 1324 concupiscentiae
1166 1281 1291 1315 fortius
1312 1281 1530 1323 inflammari,
1557 1279 1647 1314 adeo

254 1352 291 1384 ut
314 1349 387 1394 Jam
416 1357 566 1393 surgens
592 1348 690 1383 abire
719 1346 835 1381 vellet.
886 1345 985 1380 Tune
1014 1350 1137 1381 sancta
1174 1348 1273 1392 virgo
1309 1346 1352 1381 ad
1380 1357 1418 1382 se
1445 1356 1586 1382 reversa
1614 1350 1648 1380 et

255 1417 332 1461 quis
367 1418 484 1457 esset,
526 1415 585 1460 qui
626 1423 741 1449 secum
783 1413 1002 1458 loqueretur,
1041 1412 1244 1459 intelligens
1280 1414 1445 1447 continuo
1475 1423 1514 1447 se
1543 1422 1648 1446 eruce

255 1483 399 1516 munivit
423 1484 457 1516 et
481 1481 516 1514 in
542 1479 730 1525 dyabolum
756 1478 903 1513 sufflans
929 1479 1041 1523 ipsum
1068 1480 1180 1513 instar
1204 1489 1307 1514 cerae
1341 1480 1500 1524 protinus
1533 1478 1646 1522 lique-

256 1548 339 1582 fecit
362 1551 396 1582 et
420 1546 464 1580 ab
492 1547 584 1580 omni
609 1546 802 1580 tentatione
827 1547 943 1579 statim
973 1544 1157 1580 liberatam
1185 1555 1224 1580 se
1252 1547 1376 1581 sensit.
1424 1543 1648 1580 Postmodum

257 1612 428 1659 dyabolus
454 1613 487 1645 in
513 1613 665 1656 speeiem
687 1613 827 1656 juvenis
852 1611 1079 1657 pulcherrimi
1105 1622 1144 1646 se
1172 1610 1439 1657 transfiguravit
1474 1614 1507 1645 ct
1532 1609 1648 1644 thala-

256 1689 343 1713 mum
370 1679 446 1723 ejus
473 1676 700 1722 ingrediens,
732 1687 806 1710 cum
844 1678 924 1721 ipsa
956 1678 989 1711 in
1021 1677 1149 1712 lectulo
1177 1678 1335 1722 Jaceret,
1369 1676 1587 1722 impudenter
1614 1677 1647 1709 in

257 1745 333 1791 ejus
371 1742 536 1778 lectulum
578 1742 742 1787 prosiluit
779 1745 814 1776 et
853 1743 886 1775 in
919 1743 996 1786 ejus
1030 1743 1210 1787 amplexus
1242 1754 1344 1778 ruere
1377 1743 1498 1778 voluit.
1548 1741 1647 1782 Quod

257 1810 380 1846 videns
404 1809 544 1844 ,Iustina
569 1811 603 1843 et
627 1808 815 1853 malignum
840 1808 999 1852 spiritum
1028 1807 1155 1842 adesse
1175 1819 1393 1853 cognoscens
1413 1819 1491 1842 mox
1509 1809 1645 1853 signum

255 1878 368 1911 erucis
404 1874 517 1909 edidit
549 1877 584 1908 et
617 1875 728 1907 instar
758 1882 861 1908 cerae
897 1872 1082 1917 dyabolum
1109 1874 1299 1918 liquefecit.
1350 1873 1449 1908 Tunc
1474 1872 1646 1917 dyabolus

257 1942 478 1987 permittente
502 1940 576 1974 Deo
605 1939 764 1973 febribus
790 1948 865 1973 eam
894 1939 1049 1984 fatigans
1082 1942 1116 1973 et
1150 1939 1268 1983 plures
1293 1949 1367 1972 cum
1405 1938 1577 1984 gregibus
1613 1944 1647 1974 et

255 2008 422 2041 armentis
446 2005 611 2040 occidens
637 2006 816 2038 maximam
842 2004 1088 2039 mortalitatem
1116 2006 1147 2038 in
1173 2008 1250 2038 tota
1281 2004 1471 2039 Antiochia
1497 2005 1645 2039 suturam

257 2084 320 2119 per
360 2073 606 2106 daemoniacos
651 2069 900 2115 praedicebat,
940 2071 1008 2104 nisi
1043 2070 1182 2105 ,Iustina
1218 2072 1384 2116 conjugio
1422 2072 1644 2105 consentiret.

257 2141 480 2184 Quapropter
504 2141 579 2171 tota
603 2137 729 2170 civitas
759 2136 879 2170 morbo
906 2137 1078 2182 languens
1103 2135 1148 2170 ad
1171 2137 1314 2181 Jannain
1335 2140 1516 2182 parentum
1536 2137 1646 2173 Justi-

257 2216 322 2240 nae
347 2205 511 2239 convenit
536 2203 710 2245 clamans,
743 2206 778 2237 ut
811 2202 950 2238 Justina
986 2203 1153 2248 conjugio
1187 2202 1388 2238 traderetur
1421 2203 1533 2237 etsie
1559 2203 1645 2237 civi-

256 2275 361 2305 tatem
388 2280 408 2304 a
433 2273 528 2303 tanto
555 2269 713 2314 periculo
738 2268 942 2303 liberarent.
992 2267 1061 2303 Sed
1089 2279 1162 2302 cum
1184 2268 1323 2304 ,lustina
1347 2269 1543 2304 nullatenus
1562 2279 1644 2303 con-

257 2338 403 2372 sentiret
428 2339 463 2370 et
489 2345 530 2369 ex
557 2334 622 2368 boe
648 2339 791 2369 mortem
819 2334 930 2369 eidem
959 2344 1078 2369 omnes
1111 2336 1346 2377 minat-enlm,
1380 2336 1528 2379 septimo
1555 2344 1646 2369 anno

258 2401 482 2436 mortalitatis
518 2402 595 2445 ipsa
631 2411 694 2445 pro
727 2402 768 2435 iis
795 2403 909 2434 oravit
935 2405 968 2435 et
994 2412 1125 2435 onmem
1153 2401 1385 2445 pestilentiam
1413 2401 1643 2445 propulsavit.

258 2468 388 2503 Videns
423 2466 618 2512 dyabolus,
659 2465 750 2511 quod
786 2467 870 2500 nibil
905 2466 1108 2511 proliceret,
1155 2468 1187 2501 in
1229 2466 1370 2501 formam
1411 2466 1569 2502 Justinae
1607 2475 1644 2499 se

259 2533 521 2575 transmutavit,
555 2536 591 2566 ut
627 2532 750 2566 samam
775 2532 935 2567 ,Iustinae
963 2533 1154 2576 pollueret,
1183 2537 1218 2568 et
1242 2532 1448 2577 Cyprianum
1474 2529 1644 2565 deludens

261 2610 298 2634 sc
333 2600 504 2635 Justinam
542 2598 586 2632 ad
614 2610 652 2633 se
687 2597 879 2633 adduxisse
905 2599 1077 2643 jactabat.
1133 2599 1290 2645 Pei-gens
1331 2598 1438 2644 igitur
1473 2594 1644 2639 dyabolus

261 2663 302 2697 ad
331 2664 538 2708 (25prianum
563 2665 596 2698 in
622 2665 740 2709 specie
765 2664 924 2699 Justinae
957 2664 1001 2698 ad
1037 2666 1146 2709 ipsunt
1175 2665 1325 2700 cucurrit
1350 2666 1384 2696 et
1410 2672 1505 2704 cum,
1543 2663 1644 2706 qnasi

262 2738 351 2773 quae
388 2728 462 2771 ejus
498 2739 614 2764 :nitore
646 2730 849 2776 langueret.
885 2731 1034 2765 oseulari
1069 2730 1188 2764 voluit.
1239 2729 1344 2768 Quam
1374 2728 1564 2772 Cyprianus
1593 2729 1641 2761 vi-
