1742 3005
446 39 543 90 Cap.
576 40 654 78 CV.
713 40 772 78 De
810 47 941 78 sancta
969 41 1130 79 Martha.
1400 42 1483 82 445

90 142 140 176 ibi
172 144 272 177 erant
305 152 450 178 nemora
482 144 586 190 nigra
620 146 655 178 et
688 143 863 179 umbrosa.
911 144 965 180 lbi
999 146 1109 193 igitur
1138 145 1243 182 beata
1268 146 1411 182 Martha
1436 148 1480 183 do

88 208 232 242 lieentia
259 201 421 254 magistri
445 212 499 244 sui
524 210 706 245 Maximini
732 213 766 243 et
789 212 924 245 sororis
948 222 1034 247 suae
1064 212 1230 258 deinceps
1255 215 1422 248 remansit
1447 219 1481 249 et

87 274 307 308 orationibus
332 279 367 310 et
387 275 535 320 Jejuniis
562 276 801 311 indesinenter
826 277 988 319 vacabat,
1015 278 1142 313 deinde
1162 284 1381 325 congregato
1410 280 1479 314 ibi-

87 338 164 374 dem
190 350 318 386 magno
345 351 504 375 sororum
530 345 703 377 conventu
742 344 776 375 et
812 341 857 375 ad
883 342 1050 378 honorem
1075 344 1200 379 beatae
1226 345 1364 380 Mariae
1390 357 1480 382 sem—

85 416 150 450 per
175 407 322 452 virginis
347 417 476 453 magna
500 407 684 442 aedificata
718 406 869 441 basilica
903 409 991 442 satis
1024 408 1072 442 ibi
1106 419 1269 453 asperam
1298 410 1396 445 duxit
1427 414 1480 447 vi-

85 476 174 514 tam,
203 482 342 507 carnem
367 476 402 507 et
426 483 557 507 omnem
582 472 843 517 pinguedinem,
873 482 952 513 ova,
980 483 1132 517 caseum,
1161 479 1195 509 et
1220 477 1336 509 vinum
1363 478 1479 511 vitans

84 538 191 573 semel
214 542 346 572 tantum
372 539 406 571 in
432 537 488 572 die
515 537 663 579 edebat,
699 539 830 572 centies
866 539 900 572 in
935 538 1003 580 (lie,
1030 541 1136 574 toties
1165 542 1200 574 in
1232 546 1336 576 nocte
1363 553 1480 587 genna

85 604 263 639 flectebat.
307 602 463 643 Quadam
496 604 573 638 vice
609 602 686 637 dum
724 604 817 649 apud
843 604 1058 639 Avenionem
1091 607 1183 641 inter
1206 606 1324 642 urbem
1355 613 1389 642 et
1413 609 1476 642 llu-

82 671 173 703 vium
196 668 358 703 Rhodani
393 668 634 713 praedicaret,
667 670 809 714 juvenis
835 671 973 715 qnidam
998 671 1092 705 ultra
1115 671 1255 707 fluvium
1279 676 1476 709 consistens

80 736 157 780 ejus
182 733 291 769 verba
315 734 438 770 audire
469 735 690 775 desiderans,
717 745 791 769 cum
824 737 966 781 navigio
995 742 1143 779 careret,
1177 739 1326 773 nudatus
1353 745 1477 775 natare

81 801 208 845 coepit,
236 800 299 835 sed
331 801 446 834 subito
475 803 508 835 vi
534 801 683 835 fluminis
709 803 844 845 rapitur
870 806 904 836 et
928 804 1087 846 protinus
1114 804 1317 839 suffocatur.
1367 806 1475 851 Cujus

81 879 229 913 corpus,
245 868 302 902 vix
335 866 489 901 secunda
522 866 578 902 die
608 869 783 901 inventum
819 871 900 902 ante
926 868 1035 912 pedes
1064 874 1206 904 sanctae
1229 870 1393 906 Marthae
1419 884 1475 906 re-

79 934 314 969 suscitandum
343 936 606 978 praesentatur,
634 933 696 966 illa
722 943 804 967 vcro
830 934 864 967 in
889 934 1025 968 modum
1053 937 1166 969 crucis
1194 936 1271 970 sola
1296 942 1476 981 prostrata

78 1001 197 1035 taliter
221 1001 356 1035 oravit:
379 998 528 1044 Adonay
553 998 690 1033 domine
713 998 798 1033 Jesu
824 999 984 1042 Christe,
1011 1002 1068 1045 qui
1097 1000 1239 1036 fratrem
1265 1013 1374 1037 meum
1400 1004 1471 1038 La-

77 1074 194 1101 zarum
229 1066 391 1100 dilectum
416 1069 509 1099 tuum
545 1065 624 1099 olim
651 1066 894 1107 resuscitasti,
932 1067 1089 1110 respice,
1128 1070 1172 1101 ini
1208 1068 1340 1113 hospes
1377 1080 1471 1109 care.

77 1132 121 1167 ad
153 1131 256 1167 fidem
287 1132 582 1166 circumstantium
608 1134 642 1165 et
675 1127 850 1166 resuscita
876 1141 1017 1176 puerum
1047 1134 1160 1172 istum,
1189 1137 1222 1168 et
1248 1134 1470 1179 apprehensa

77 1199 153 1243 ejus
186 1208 288 1233 manu
320 1208 399 1232 mox
423 1197 562 1242 juvenis
588 1198 742 1231 surrexit
768 1201 802 1231 et
825 1208 960 1231 sacrum
988 1197 1163 1243 baptisma
1188 1202 1356 1244 suscepit.
1401 1200 1470 1236 Re—

76 1264 146 1299 fert
168 1263 341 1299 Eusebius
379 1264 415 1297 in
447 1262 538 1297 libro
574 1263 758 1308 Hysteriae
792 1263 1055 1299 ecclesiasticae
1088 1267 1228 1310 quinto,
1269 1266 1361 1311 quod
1396 1278 1470 1302 mu-

76 1331 143 1365 lier
165 1329 401 1371 Emorroissa,
436 1333 620 1374 postquam
647 1333 772 1363 sanata
800 1328 883 1371 suit,
919 1331 952 1363 in
977 1332 1075 1365 curia
1100 1333 1176 1366 sive
1204 1332 1370 1366 viridario
1406 1344 1470 1368 suo

75 1400 226 1430 statuam
252 1395 337 1430 fecit
361 1394 405 1428 ad
432 1395 616 1439 imaginem
645 1394 774 1428 Christi
800 1405 873 1429 cum
908 1400 1007 1430 veste
1032 1401 1065 1431 et
1091 1396 1245 1439 fimbria,
1286 1400 1376 1432 sicut
1415 1401 1468 1444 ip-

75 1473 152 1497 sum
175 1461 332 1503 viderat,
368 1465 402 1496 et
436 1470 510 1495 eam
546 1460 728 1505 plurimum
762 1462 1009 1504 reverclmtur,
1047 1462 1179 1498 herbae
1207 1474 1289 1497 vero
1316 1466 1380 1499 suh
1408 1465 1469 1499 illa

74 1532 192 1563 statua
219 1531 438 1569 crescentes,
475 1536 564 1572 quae
590 1530 669 1560 ante
700 1527 828 1561 nullius
863 1532 961 1561 erant
995 1530 1155 1571 virtutis,
1191 1540 1264 1563 cum
1300 1529 1467 1565 fimbriam

74 1595 309 1639 attingerent,
335 1596 454 1628 tantae
481 1581 627 1627 virtutis*
645 1597 764 1635 erant,
804 1597 841 1627 ut
867 1593 962 1627 multi
991 1594 1115 1628 infirmi
1140 1594 1221 1630 inde
1247 1602 1466 1631 sanarentur.

72 1659 169 1694 Illam
195 1663 309 1694 autem
334 1657 613 1700 Einorroissam,
648 1668 749 1704 quam
775 1659 934 1694 dominus
962 1662 1121 1702 sanavit,
1149 1661 1355 1695 Ambrosius
1382 1662 1470 1696 dicit

73 1725 185 1760 fuisse
211 1724 396 1760 Martham.
445 1724 566 1760 Refert
591 1728 704 1759 autem
730 1724 958 1771 Hieronymus
988 1731 1022 1761 et
1055 1726 1204 1761 habetur
1237 1729 1270 1761 in
1305 1727 1469 1772 Hystoria

69 1792 267 1836 tripartita,
294 1790 386 1837 quod
410 1790 572 1826 Julianus
598 1795 763 1835 apostata
787 1792 997 1838 imaginem,
1039 1804 1138 1838 quam
1165 1792 1389 1828 Emori-cissa
1415 1795 1466 1830 fe-

70 1861 186 1900 cerat,
219 1856 300 1892 inde
328 1856 471 1892 sustulit
503 1860 537 1892 et
571 1867 667 1901 snam
694 1857 824 1892 ibidem
849 1858 1057 1902 collocavit,
1094 1870 1183 1904 quae
1216 1861 1285 1893 ictu
1312 1860 1465 1895 fulminis

70 1922 251 1957 confracta
282 1922 357 1957 fuit.
407 1923 547 1958 Obitum
576 1927 689 1958 autem
724 1934 821 1958 suum
858 1925 927 1959 sibi
955 1924 1113 1959 dominus
1141 1929 1221 1960 ante
1249 1937 1312 1970 per
1340 1936 1464 1960 annum

71 1987 261 2029 revelavit,
294 1989 331 2021 in
363 1998 432 2032 quo
462 1992 537 2022 toto
566 1999 656 2022 anno
683 1988 841 2024 febribus
869 1990 1056 2024 elaborans
1085 1995 1165 2025 ante
1191 1996 1349 2026 octavum
1375 1992 1463 2026 diem

70 2054 125 2087 sui
151 2054 264 2087 exitus
289 2052 471 2098 angelicos
497 2053 624 2088 choros
649 2055 783 2087 sororis
809 2065 895 2089 suae
920 2057 955 2089 in
973 2056 1105 2090 coelum
1127 2057 1274 2089 animam
1301 2056 1464 2091 deferen-

69 2123 123 2153 tes
148 2118 294 2161 audivit,
322 2128 412 2164 quae
437 2129 515 2153 mox
542 2119 686 2153 fratrum
713 2124 747 2154 et
771 2130 930 2154 sororum
956 2125 1127 2155 conventu
1151 2126 1368 2167 congregato
1394 2123 1462 2158 ait:

69 2185 138 2219 mei
171 2186 315 2219 comites
343 2188 378 2219 et
413 2183 605 2219 dulcissimi
641 2185 790 2229 alumni,
829 2186 933 2229 mihi,
970 2197 1122 2232 quaeso,
1157 2188 1461 2233 congratulamini,

69 2251 232 2295 quoniam
256 2249 438 2296 angelicos
464 2249 590 2285 choros
617 2252 750 2286 sororis
778 2262 876 2287 meae
901 2254 1048 2287 animam
1081 2253 1127 2287 ad
1152 2253 1254 2289 sedes
1281 2255 1461 2299 pollicitas

69 2316 222 2351 ferentes
258 2319 405 2351 ovanter
437 2326 555 2351 cern0.
605 2316 633 2351 0
666 2317 902 2362 pulcherrima
935 2322 969 2353 et
1003 2320 1048 2352 mi
1078 2319 1210 2354 dilecta
1235 2331 1338 2354 soror
1363 2322 1459 2354 vivas

69 2392 144 2416 cum
177 2383 348 2428 magistro
382 2385 442 2416 tuo
477 2386 512 2416 et
534 2382 675 2427 hospite
700 2394 776 2418 meo
803 2384 836 2418 in
860 2384 944 2419 sede
969 2384 1087 2419 beata.
1135 2385 1330 2430 Statimque
1354 2385 1460 2421 beata

66 2446 209 2482 Martha
232 2448 360 2482 exitum
387 2457 485 2482 suum
510 2448 658 2483 vicinum
683 2451 926 2492 praesentiens
952 2460 1035 2484 suos
1061 2450 1260 2493 admonuit,
1293 2455 1331 2485 ut
1355 2451 1457 2486 lumi-

67 2511 211 2547 naribus
246 2514 404 2548 accensis
440 2515 535 2548 circa
567 2524 606 2549 sc
639 2524 748 2559 usque
774 2514 818 2548 ad
843 2516 974 2550 obitum
1000 2516 1207 2562 vigilarent,
1242 2521 1345 2552 nocte
1372 2529 1456 2554 vero

67 2576 184 2612 media
216 2582 296 2614 ante
330 2581 499 2614 transitus
533 2581 587 2614 sui
619 2580 709 2614 diem
741 2580 944 2615 custodibus
985 2592 1107 2617 somno
1141 2585 1298 2629 gravatis
1332 2588 1454 2619 ventus

68 2642 253 2680 vehemens
276 2646 379 2680 irruit
405 2649 438 2681 et
464 2645 647 2681 luminaria
673 2650 796 2681 cuncta
820 2648 999 2691 exstinxit,
1026 2647 1088 2683 illa
1116 2658 1198 2685 vcro
1222 2648 1452 2696 malignorum
