1742 3005
249 110 327 148 532
558 109 653 157 Cap.
686 107 800 142 CXX.
864 107 920 143 De
952 112 1080 142 saneto
1112 103 1326 142 Bernarclo.

249 214 399 249 donibus
427 211 567 246 sublata
591 214 655 246 est.
706 210 780 250 Quo
807 209 926 245 audito
960 208 1050 243 nihil
1076 209 1172 244 aliud
1207 210 1294 244 dixit
1319 210 1405 243 nisi:
1433 206 1636 242 benedictus

247 281 361 321 Deus,
388 279 445 322 qui
471 277 574 311 nobis
601 277 761 321 pepercit
786 275 830 310 ab
856 285 983 317 onere,
1017 274 1082 309 sed
1107 278 1141 309 et
1174 274 1268 317 illis,
1293 276 1424 320 inquit,
1463 275 1522 319 qui
1547 273 1637 308 tule-

250 349 347 386 runt,
371 344 485 378 levius
510 348 564 378 est
588 341 789 384 ferendum,
816 345 884 375 tum
911 341 994 386 quia
1017 339 1083 374 hoc
1109 339 1261 374 humana
1284 339 1460 384 cupiditas
1486 338 1638 379 sustulit,

249 416 319 445 tum
340 411 422 455 quia
438 419 565 454 magna
580 409 729 453 pecunia
746 416 905 453 magnam
921 408 965 440 iis
995 407 1264 447 ¹)tentationem
1284 405 1445 450 ingessit.
1494 404 1640 444 Quidam

250 480 396 521 insuper
422 476 612 510 canonicus
640 473 815 519 regularis
840 471 884 507 ad
913 483 986 507 eum
1014 473 1108 507 venit
1141 476 1175 506 et
1198 475 1235 505 ut
1266 471 1299 504 in
1325 468 1528 504 monachum
1551 470 1638 503 reci-

253 547 414 588 peretur,
451 543 622 575 instanter
655 540 804 585 rogavit.
855 540 917 573 Cui
951 549 1053 583 quum
1086 538 1145 572 ille
1176 548 1245 572 non
1280 537 1546 581 acquiesceret,
1579 532 1642 568 sed

253 609 297 644 ad
324 619 420 642 suam
447 607 629 642 ecclesiam
655 605 769 640 redire
796 604 1046 649 persuaderet3
1076 602 1164 647 ²)ad
1190 602 1272 648 quid
1301 612 1410 648 ergo,
1435 602 1485 634 ait
1511 600 1581 642 ille,
1610 601 1643 633 in

253 676 354 709 libris
395 674 464 706 tuis
504 671 753 716 perfectionem
786 674 969 715 tantopere
1001 668 1273 712 commendasti,
1305 669 1336 703 si
1370 677 1445 703 eam
1479 677 1546 700 non
1581 676 1641 700 ex-

254 741 355 774 hibes
381 739 531 782 cupienti
547 738 563 771 2⁷
610 735 745 771 Utinam
774 735 855 769 illos
881 740 959 769 tuos
994 739 1146 769 tenerem
1172 734 1305 777 libros,
1338 738 1376 768 ut
1413 743 1474 769 eos
1506 734 1644 778 penitus

255 803 466 840 lacerarent!
515 802 577 836 Cui
608 802 686 836 ille:
729 803 763 835 in
797 801 891 835 nullo
918 811 1036 834 eorum
1063 800 1205 845 legisti,
1239 810 1306 834 non
1334 810 1441 845 posse
1467 804 1499 834 te
1526 801 1560 832 in
1585 802 1644 832 tuo

255 872 409 905 elaustro
433 879 511 903 esse
538 867 751 912 perfectum3
786 877 916 901 morum
943 868 1216 907 correctionem,
1251 875 1317 899 non
1350 864 1506 898 locorum
1534 868 1643 898 mutav

256 940 385 971 tionem
421 936 454 968 in
485 934 585 968 libris
618 932 777 967 omnibns
812 931 1065 967 commendavi.
1111 931 1174 966 Ille
1208 942 1290 965 vero
1328 932 1469 964 insanus
1503 930 1537 963 in
1571 939 1644 963 eum

257 1006 420 1048 impetum
449 1001 581 1034 faciens
606 1003 674 1032 tam
702 1000 858 1045 graviter
883 998 1058 1032 maxillam
1078 999 1154 1043 ejus
1174 998 1362 1042 percussit,
1388 1000 1424 1030 ut
1443 995 1647 1030 succederet

259 1069 367 1102 rubor
389 1067 470 1100 ictui
499 1071 531 1100 et
557 1070 670 1099 tumor
696 1064 825 1098 rubori.
874 1063 968 1106 Jam,
1005 1065 1062 1108 qui
1088 1063 1254 1104 aderant,
1292 1064 1323 1096 in
1357 1062 1569 1108 sacrilegum
1595 1063 1645 1095 in—

258 1134 472 1179 surgebant,
499 1131 560 1165 sed
589 1131 772 1176 praevenit
798 1140 858 1163 eos
885 1139 1008 1163 servus
1039 1129 1101 1164 Dei
1126 1129 1279 1162 clamans
1316 1133 1349 1162 et
1384 1128 1553 1173 adjurans
1586 1138 1648 1172 per

259 1209 381 1233 nomen
411 1196 562 1238 Christi,
594 1200 631 1230 ut
655 1195 853 1229 nullatenus
879 1199 1086 1241 tangeretur
1121 1205 1182 1229 nec
1209 1194 1277 1228 sibi
1304 1193 1470 1238 quidquid
1498 1194 1647 1238 injuriae

260 1265 458 1299 inferretur.
515 1261 665 1296 Novitiis
704 1264 818 1295 autem
854 1262 984 1295 intrare
1017 1260 1215 1295 volentibus
1248 1260 1363 1293 dicere
1397 1262 1646 1293 consueverat:

260 1333 288 1366 si
319 1330 363 1364 ad
390 1340 452 1372 ea,
488 1339 579 1375 quae
604 1330 696 1362 intus
722 1331 822 1370 sunt,
857 1327 1056 1367 festinatis,
1090 1326 1145 1360 liic
1178 1325 1266 1358 foris
1299 1325 1460 1359 dimittite
1486 1334 1647 1369 corpora,

259 1408 350 1443 quae
378 1396 421 1431 de
456 1394 599 1430 saeculo
629 1393 819 1436 attulistis,
854 1393 920 1427 soli
948 1394 1091 1437 spiritus
1117 1392 1379 1437 ingrediantm·‚
1418 1400 1500 1424 caro
1534 1394 1647 1424 autem

260 1474 326 1497 non
352 1461 497 1507 prodest
525 1460 726 1506 quidquam.
773 1459 877 1494 Pater
903 1460 999 1503 ejus,
1026 1459 1082 1503 qui
1108 1457 1205 1492 solus
1231 1456 1321 1490 domi
1353 1459 1579 1497 remanserat,
1605 1454 1650 1489 ad

260 1529 507 1562 monasterium
540 1528 601 1561 ivit
635 1531 669 1561 et
704 1525 832 1560 ibidem
860 1529 942 1570 post
968 1523 1109 1569 aliquod
1135 1528 1271 1568 tempus
1298 1524 1329 1557 in
1359 1526 1534 1558 senectute
1560 1522 1651 1557 bona

260 1594 425 1629 decessit.
476 1592 586 1626 Soror
612 1596 724 1626 autem
751 1594 827 1637 eJus
854 1591 995 1625 saeculo
1020 1593 1128 1635 nupta
1155 1599 1228 1623 cum
1254 1590 1287 1623 in
1308 1589 1440 1623 divitiis
1462 1592 1496 1623 et
1513 1588 1650 1622 deliciis

262 1660 395 1695 saeculi
433 1657 713 1704 periclitaretur,
753 1656 900 1701 quadam
938 1658 1011 1691 vice
1045 1656 1172 1690 fratres
1205 1665 1288 1689 suos
1325 1655 1369 1689 ad
1403 1655 1650 1689 monasterium

263 1728 447 1761 visitatura
473 1724 643 1765 accessit,
678 1732 821 1766 cumque
850 1723 1005 1756 venisset
1029 1732 1103 1755 cum
1128 1723 1293 1755 comitatu
1329 1725 1362 1756 et
1395 1724 1566 1766 apparatu
1592 1729 1649 1753 su-

263 1792 392 1837 perbo,
429 1791 488 1825 ille
522 1799 596 1824 eam
630 1793 794 1833 tanquam
830 1791 903 1821 rete
941 1787 1081 1831 dyaboli
1119 1786 1163 1820 ad
1196 1788 1330 1820 animas
1362 1786 1552 1830 capiendas
1587 1784 1648 1818 ab*

263 1858 399 1892 horruit
424 1866 489 1891 nec
515 1855 559 1889 ad
587 1854 770 1889 videndam
797 1863 871 1887 eam
897 1854 993 1887 exire
1025 1853 1247 1897 aliquatenus
1282 1853 1470 1896 acquievit.
1518 1850 1650 1885 videns

262 1923 343 1964 illa,
378 1922 470 1967 quod
505 1921 619 1955 nullus
654 1920 795 1954 fratrum
832 1929 970 1953 suorum
997 1922 1216 1961 occurreret,
1253 1917 1314 1952 sed
1348 1917 1392 1951 ab
1423 1928 1490 1951 uno
1520 1926 1650 1957 eorum,

262 1989 319 2033 qui
348 1992 428 2021 tunc
454 1987 632 2032 portarius
659 1989 754 2027 erat,
780 1988 914 2019 stercus
940 1983 1128 2017 involutum
1156 1983 1353 2023 diceretur,
1380 1987 1455 2016 tota
1480 1984 1514 2016 in
1539 1982 1651 2026 lacry-

262 2055 326 2087 mis
359 2052 515 2087 resoluta
543 2056 606 2086 est.
656 2050 729 2085 Etsi
766 2051 942 2094 peccatrix
967 2060 1060 2091 sum,
1094 2050 1217 2094 inquit,
1249 2059 1312 2093 pro
1337 2047 1466 2082 talibus
1493 2047 1652 2082 Christus

262 2122 417 2152 mortuus
451 2122 524 2151 est:
559 2117 642 2162 quia
676 2117 762 2150 enim
792 2117 1023 2160 peccatricem
1050 2125 1102 2149 me
1131 2115 1266 2156 senno,
1305 2113 1436 2147 idcirco
1471 2113 1652 2148 consilium

263 2188 295 2217 et
322 2182 532 2228 colloquium
560 2182 728 2216 bonorum
757 2183 920 2227 requiro,
959 2185 992 2216 et
1027 2183 1055 2216 si
1083 2180 1233 2224 despicit
1259 2179 1368 2214 frater
1394 2189 1488 2213 meus
1515 2189 1652 2214 carnem

263 2259 393 2289 ineam,
430 2259 470 2283 ne
505 2248 680 2293 despiciat
712 2258 835 2282 servus
865 2247 928 2282 Dei
967 2248 1113 2281 amimam
1150 2255 1280 2288 meam,
1315 2246 1431 2279 veniat
1454 2248 1489 2279 et
1514 2245 1651 2289 praeei-

264 2316 348 2359 piat,
378 2318 411 2349 et
436 2313 604 2359 quidquid
632 2315 864 2358 praeceperit,
889 2312 1099 2357 adimplebo.
1149 2311 1242 2346 lianc
1272 2322 1357 2357 ergo
1385 2311 1652 2356 promissionem

263 2386 384 2414 tenens
414 2380 498 2414 exiit
523 2379 567 2413 ad
595 2389 668 2413 eam
695 2389 768 2412 cum
794 2378 976 2415 fratribus,
1003 2382 1036 2412 et
1061 2380 1144 2423 quia
1166 2388 1239 2412 eam
1261 2387 1282 2412 a
1308 2378 1381 2411 viro
1400 2386 1568 2421 separare
1586 2386 1653 2410 non

265 2449 413 2489 poterat,
442 2446 551 2489 primo
572 2455 704 2479 omnem
724 2445 754 2478 ei
781 2443 897 2477 mundi
925 2444 1074 2489 gloriam
1097 2444 1276 2479 interdixit
1302 2448 1335 2478 et
1362 2442 1504 2476 formam
1533 2441 1652 2476 matris

265 2511 463 2545 imitandam
502 2510 611 2545 eidem
647 2509 806 2544 indicens
841 2509 933 2543 illam
961 2509 1102 2545 dimisit.
1152 2509 1216 2544 llla
1243 2519 1324 2543 vero
1353 2507 1490 2543 rediens
1517 2508 1566 2540 ita
1597 2516 1650 2540 re-

265 2580 366 2618 pente
401 2581 528 2610 mutata
565 2580 636 2617 est,
671 2580 705 2610 ut
742 2577 774 2609 in
811 2575 922 2609 medio
961 2575 1091 2610 sacculi
1127 2577 1230 2610 vitam
1272 2573 1415 2608 duceret
1442 2572 1650 2606 eremiticam

264 2646 297 2674 ct
330 2641 373 2678 al»
410 2644 498 2675 ennii
526 2641 669 2675 saeculo
696 2651 840 2684 prorsus
873 2651 911 2675 se
938 2641 1067 2676 faceret
1094 2642 1253 2675 alienam.
1305 2636 1460 2671 Tandem
1489 2636 1650 2682 precibus

331 2719 353 2742 t*
385 2716 431 2741 tiu
470 2718 978 2746 σογιτι·1ι’(ιιιίμιιννιειιιιιιιιι,
1082 2719 1111 2749 ’1)
1137 2716 1201 2743 Alii.
1227 2720 1261 2741 ut
1284 2713 1385 2747 quid.
