1742 3005
432 92 530 142 Cap.
564 92 695 129 LXIV.
755 94 811 130 De
842 100 971 130 sancto
1002 94 1184 131 Fabiano.
1420 94 1495 134 291

107 195 212 230 dixit:
237 194 375 231 domine
399 195 492 230 Deus
518 196 560 232 de
586 201 680 231 terra
707 197 768 232 illa
791 208 859 232 non
887 198 1023 240 habeo,
1049 197 1112 232 sed
1139 199 1196 244 qui
1217 198 1267 232 illi
1286 201 1402 234 terrae
1427 210 1496 235 me-

107 262 182 295 ritis
207 260 303 296 beati
327 260 422 296 Petri
445 267 577 297 tantam
605 263 735 298 dedisti
762 264 941 305 virtutem,
980 268 1080 308 potes
1107 268 1141 298 et
1166 265 1236 298 isti-
1251 264 1345 299 dare.
1394 265 1497 299 Acci-

104 328 204 370 piens
228 328 339 372 igitur
363 327 406 362 de
431 331 527 362 terra
550 339 624 363 cum
649 330 753 375 signo
779 330 893 363 crucis
922 333 956 363 et
988 330 1211 364 invocatione
1241 331 1393 364 martiris
1418 330 1497 365 loeo

103 394 289 437 supposuit
315 396 348 427 et
373 395 488 428 statim
514 398 654 446 cugatus
680 394 756 428 fuit.
773 413 873 418 ———
889 413 933 418 —
957 396 1042 431 26.
1060 394 1160 427 Anno
1178 394 1307 428 domini
1322 395 1498 430 MCCLIX

102 458 137 491 in
163 459 305 492 civitate
331 459 515 503 Apostella
539 459 604 493 fuit
630 458 769 503 quidam
798 459 849 492 vir
873 460 1012 493 nomine
1038 458 1270 500 Benedictus,
1307 463 1365 505 qui
1390 461 1496 497 tibias

102 523 241 557 inflatas
283 523 439 558 hahebat
492 526 526 557 in
566 523 703 557 modum
756 524 904 565 utrium,
956 527 1107 558 ventrem
1154 527 1339 559 tumentem
1386 529 1495 561 instar

101 590 350 634 praegnantis,
386 588 511 622 faciem
546 597 631 632 prae
656 588 761 621 nimio
788 591 922 622 tumore
947 588 1172 628 horribilem,
1209 594 1388 636 totumque
1415 602 1491 626 cor-

100 664 165 699 pus
189 654 355 695 inflatum,
380 654 430 687 ita
446 657 484 687 ut
502 657 690 687 monstrum
712 653 854 699 aliquod
875 654 1061 689 videretur.
1111 654 1172 688 Hic
1197 665 1270 689 cum
1298 665 1319 689 a
1344 656 1493 701 quadam

99 722 256 752 matrona
284 720 339 752 vix
365 728 472 764 super
495 718 656 753 haculum
688 730 726 753 se
752 724 953 754 sustentans
981 719 1208 754 elemosinam
1240 725 1396 764 peteret,
1432 723 1494 756 illa

99 783 299 828 respondit:
332 785 446 829 magis
472 784 590 826 fossa,
627 794 729 828 quam
767 784 836 818 alio
863 784 956 818 hono
983 785 1185 831 indigeres,
1216 786 1279 820 sed
1305 798 1380 821 meo
1409 798 1491 822 cou-

97 849 178 883 silio
204 850 392 894 acquiesce
420 858 462 883 ac
486 849 623 883 domum
648 849 791 883 fratrum
811 849 1091 894 praedicatorum
1111 862 1263 896 pergens
1282 862 1323 885 ac
1345 857 1493 896 peccata

96 913 265 949 confitens
290 914 386 949 beati
410 914 505 950 Petri
528 916 725 959 patrocinia
751 916 926 948 invocato.
976 914 1037 949 Ille
1069 920 1184 949 autem
1218 927 1292 950 cnm
1318 927 1417 952 mane
1445 919 1489 952 ad

97 980 234 1014 domum
264 980 409 1014 fratrum
444 981 600 1014 venisset
633 984 668 1014 et
700 982 824 1014 ostium
850 980 1023 1015 ecclesiae
1049 981 1204 1016 clausum
1232 987 1346 1023 esset,
1385 994 1488 1018 secus

95 1050 231 1090 portam
267 1055 304 1080 se
338 1047 457 1090 posuit
488 1049 522 1080 et
548 1045 711 1080 dormivit
737 1050 770 1080 et
795 1056 876 1080 ecce
902 1046 1041 1091 quidam
1067 1048 1280 1082 reverendus
1307 1050 1341 1082 in
1366 1048 1488 1084 habitu

95 1111 374 1156 praedicatorum
408 1110 519 1146 eidem
551 1113 716 1156 apparuit
751 1115 785 1146 et
817 1121 933 1156 cappa
975 1113 1087 1156 ipsum
1132 1114 1295 1156 operiens
1344 1124 1419 1148 eum
1452 1116 1486 1148 in

95 1178 281 1212 ecclesiam
306 1176 518 1219 introduxit,
546 1177 605 1212 ille
630 1181 746 1211 autem
772 1177 945 1221 evigilans
972 1181 1006 1211 et
1026 1179 1059 1210 in
1085 1178 1236 1212 ecclesia
1262 1188 1299 1213 se
1325 1189 1403 1214 esse
1430 1191 1485 1214 re-

93 1244 186 1287 perit
210 1247 247 1285 et
269 1243 425 1288 perfecte
451 1248 609 1277 sanatum
630 1243 770 1276 invenit.
822 1242 922 1281 Quod
940 1242 1055 1276 multis
1079 1243 1345 1279 admirationem
1369 1246 1486 1279 intulit

94 1312 130 1342 et
160 1312 357 1353 stuporem,
394 1318 468 1342 cuin
501 1308 663 1343 viderent
696 1306 868 1340 hominem
894 1318 1007 1351 paene
1033 1312 1202 1342 mortuum
1227 1313 1295 1342 tam
1322 1309 1439 1343 subito
1463 1320 1482 1343 a

92 1375 193 1419 gravi
221 1372 418 1407 infirmitate
444 1372 555 1406 fuisse
578 1371 774 1406 liberatum.

596 1696 721 1758 GAP.
764 1695 908 1757 mxlv.
929 1694 966 1739 ¹)

439 1807 540 1851 Be
577 1807 799 1852 sancto
828 1805 1132 1853 Fabiano·

175 1914 324 1950 Sanctus
350 1914 526 1950 Fabianus
552 1918 642 1951 rexit
665 1916 854 1952 Romanam
881 1917 1066 1952 ecclesiam
1087 1915 1202 1949 multis
1221 1916 1321 1949 annis
1341 1920 1375 1950 et
1398 1920 1472 1949 tan-

87 1978 164 2012 dein
186 1980 402 2024 temporibus
428 1981 528 2015 Decii
550 1991 679 2026 passus
705 1985 769 2016 est.
816 1981 888 2016 Iste
924 1981 1002 2015 dum
1040 1982 1233 2025 eligeretur
1266 1980 1311 2014 ad
1337 1980 1476 2024 pontiti-

88 2045 175 2078 cium
202 2043 300 2078 urbis
325 2044 476 2087 Romae,
511 2047 655 2090 spiritus
689 2051 830 2080 sanctus
863 2048 899 2080 in
927 2048 1046 2091 specie
1076 2046 1256 2080 columbae
1281 2045 1397 2078 multis
1425 2046 1475 2077 vi-

86 2120 146 2144 sus
172 2114 226 2144 est
250 2112 469 2154 apparuisse.
517 2109 587 2145 Iste
613 2112 801 2155 passiones
828 2116 1045 2153 sanctorum,
1072 2121 1161 2156 quae
1187 2110 1372 2155 neglectae
1399 2120 1474 2144 ser<

86 2180 211 2210 vantur
234 2185 256 2210 a
280 2177 450 2218 notariis,
485 2176 569 2210 fecit
602 2177 715 2220 excipi
741 2180 775 2210 et
801 2176 909 2210 scribi
936 2181 970 2211 et
996 2176 1120 2210 multas
1146 2176 1313 2210 basilicas
1341 2187 1404 2220 per
1426 2178 1475 2210 ei-

85 2242 223 2275 miteria
243 2245 441 2276 sanctorum
462 2241 627 2276 fabricari
651 2241 746 2284 fecit,
774 2252 861 2287 quas
889 2247 923 2277 et
948 2241 1137 2276 dedicavit.
1163 2240 1226 2274 Hic
1247 2241 1410 2283 institnit,
1439 2245 1475 2274 ut

83 2305 236 2340 chrisma
260 2310 358 2340 vetus
383 2310 596 2341 cremaretur
618 2311 652 2342 et
675 2318 801 2342 novum
826 2309 917 2341 omni
943 2318 1033 2342 anno
1060 2309 1092 2341 in
1115 2316 1224 2341 coena
1244 2306 1372 2339 domini
1392 2316 1473 2338 con-

83 2374 293 2406 secraretur.
326 2370 561 2416 Aliarequire
578 2372 716 2409 infesto
735 2372 829 2407 beati
844 2371 989 2406 Fabiani
1006 2377 1039 2406 et
1062 2372 1262 2405 sebastiani
1286 2372 1470 2403 martirum.

151 2517 176 2549 1)
194 2520 257 2543 1100,
276 2519 364 2550 eaput
384 2514 467 2543 deest
486 2515 516 2541 in
536 2514 607 2541 odit.
627 2514 852 2541 recenlioribus.

1078 2741 1121 2774 19
1146 2741 1161 2758 *
