1742 3005
296 74 377 115 382
565 75 658 125 Cap.
691 73 773 111 XC.
833 73 891 111 De
923 80 1052 111 sancto
1084 73 1207 112 Paulo
1239 74 1428 125 apostolo.

297 183 377 214 ante
401 181 547 213 noverat
569 181 759 220 mortuum,
788 177 971 222 plurimum
998 178 1137 223 quidem
1165 180 1307 224 expavit
1332 183 1368 214 et
1393 188 1469 213 enm
1497 176 1541 212 ad
1569 187 1608 213 se
1634 178 1686 212 in-

297 243 400 290 gredi
426 244 620 285 recusavit,
657 242 721 278 sed
750 242 891 278 tandem
919 252 1094 288 persuasu
1123 245 1311 278 amicorum
1344 245 1489 279 introire
1520 245 1688 288 permisit,

299 310 362 342 {lui
386 308 478 343 Nero
505 310 573 343 ait:
605 308 789 351 Patrocle,
820 309 936 344 vivis?
982 307 1026 343 Et
1059 308 1139 343 ille:
1174 309 1327 352 caesar,
1361 312 1451 345 vivo.
1500 309 1545 344 Et
1580 308 1690 345 Nero:

299 376 375 420 quis
401 379 434 409 te
458 374 544 409 feeit
567 375 714 409 vivere?
763 375 828 409 Cui
852 374 931 410 ille:
954 374 1059 409 Jesus
1079 374 1240 409 Christus
1266 375 1413 409 omnium
1439 385 1502 410 rex
1527 375 1691 410 saeculo-

297 451 382 475 rum.
428 439 541 475 Iratus
567 440 659 475 Nero
685 440 791 475 dixit:
824 452 910 487 ergo
944 441 1004 476 ille
1037 439 1204 486 regnabit
1236 441 1272 474 in
1303 440 1449 475 saecula
1480 445 1514 474 et
1537 440 1694 475 resolvet

297 508 414 541 omnia
431 516 541 553 regna
561 506 707 542 mundi?
756 506 819 540 Cui
837 506 1040 541 Patroclus:
1068 508 1171 541 etiam
1198 506 1340 541 Caesar.
1391 505 1491 540 Tunc
1512 505 1604 540 Nero
1630 505 1692 541 de-

297 573 347 607 dit
372 574 404 608 ei
429 573 568 618 alapam
592 572 731 608 dicens:
758 583 844 618 ergo
872 572 1000 606 militas
1027 572 1078 606 illi
1103 573 1209 617 regi?
1255 570 1298 606 Et
1322 572 1401 607 ille:
1427 572 1547 617 ntique
1571 571 1694 614 milito,

299 640 381 683 quia
413 649 466 673 me
494 648 515 672 a
546 639 692 672 mortuis
715 640 893 673 excitavit.
944 638 1046 673 Tunc
1088 639 1241 683 quinque
1279 639 1428 672 ministri
1459 639 1695 683 imperatoris,

299 705 359 748 qni
392 705 424 738 ei
455 704 592 748 jugiter
630 703 867 746 assistebant,
904 703 1069 738 dixerunt
1094 705 1145 738 ei:
1181 714 1263 746 cur,
1297 705 1508 748 imperator,
1541 705 1695 748 percutis

293 769 458 812 juvenem
483 768 687 812 prudentem
713 773 748 803 et
773 770 946 803 veraciter
969 768 1263 813 respondentem?
1290 779 1369 803 nam
1397 774 1431 804 et
1457 780 1521 804 nos
1547 771 1599 804 illi
1620 771 1697 816 regi

299 834 531 868 invictissimo
566 834 765 869 militamus.
816 834 916 874 Quod
946 833 1095 868 audiens
1129 832 1220 868 Nero
1256 844 1318 868 eos
1344 834 1489 869 reclusit
1514 837 1548 870 in
1574 846 1698 871 carce-

301 909 391 941 rem,
427 904 464 933 ut
499 910 559 934 eos
584 902 725 934 nimium
749 904 951 945 torqueret,
990 910 1079 945 quos
1114 904 1196 935 ante
1232 901 1335 934 nimis
1365 899 1549 936 dilexerat,
1598 901 1697 936 Tunc

301 975 420 999 omnes
451 965 664 1001 christianos
699 965 784 1000 fecit
816 967 945 1011 inquiri
979 971 1015 1001 et
1049 976 1168 1001 omnes
1208 967 1284 1001 sine
1322 967 1601 1013 interrogatione
1634 978 1698 1012 per

299 1035 473 1066 tormenta
504 1034 602 1066 varia
639 1033 766 1076 puniri.
815 1031 916 1066 Tunc
949 1031 1078 1066 Paulus
1118 1033 1252 1066 vinctus
1285 1033 1377 1067 inter
1418 1037 1580 1068 caeteros
1616 1037 1698 1068 ante

300 1095 472 1131 Neronem
500 1097 624 1131 ductus
653 1102 725 1140 est3
749 1100 804 1132 cui
827 1097 938 1133 Nero:
964 1109 984 1131 ο
1009 1097 1133 1141 homo,
1170 1099 1288 1144 magni
1313 1100 1410 1144 regis
1437 1109 1582 1142 servus,
1614 1099 1698 1133 mihi

301 1166 415 1197 antem
451 1164 606 1206 vinctus,
641 1173 702 1198 cur
735 1164 863 1198 milites
898 1174 995 1198 meos
1024 1163 1108 1198 mihi
1133 1163 1313 1199 subtrahis
1340 1169 1374 1199 et
1397 1164 1462 1198 tibi
1489 1165 1698 1211 recolligis?

302 1230 365 1264 Cui
398 1229 548 1264 Paulus:
581 1240 650 1264 non
688 1229 800 1264 solum
838 1229 882 1264 de
916 1233 976 1263 tuo
1004 1229 1134 1275 angulo
1160 1229 1288 1264 milites
1316 1229 1467 1275 collegi,
1502 1230 1566 1265 scd
1594 1232 1698 1265 etiam

301 1296 344 1331 de
371 1295 456 1330 orbe
480 1296 659 1338 universo,
687 1295 813 1341 quibus
839 1306 901 1330 rex
929 1299 1051 1330 noster
1075 1295 1168 1329 dona
1192 1295 1291 1334 talia.
1318 1306 1408 1340 quae
1432 1307 1606 1341 nunquam
1635 1296 1698 1331 de-

302 1362 417 1396 licient
449 1366 484 1396 et
515 1372 604 1407 quae
637 1372 770 1397 omnem
804 1361 989 1397 excludent
1031 1360 1282 1406 indigentiam,
1318 1361 1500 1407 largietur.
1547 1361 1632 1396 Huic
1668 1365 1700 1398 si

300 1427 481 1473 subJectus
516 1438 597 1463 esse
631 1428 807 1471 volueris,
841 1428 961 1463 salvus
997 1429 1078 1462 eris.
1129 1427 1194 1468 Qui
1223 1431 1342 1463 tantae
1368 1431 1482 1462 exstat
1505 1430 1696 1473 potentiae,

300 1499 337 1529 nt
359 1494 469 1539 judex
493 1495 644 1528 omnium
670 1495 789 1529 veniat
824 1486 876 1529 et‘
892 1493 1010 1528 mundi
1044 1493 1149 1539 hujus
1174 1494 1322 1539 figuram
1348 1505 1412 1540 per
1441 1495 1558 1540 ignem
1583 1496 1697 1530 resol-

301 1566 370 1595 vat.
420 1561 493 1595 Hoc
517 1560 664 1594 audiens
690 1559 783 1594 Nero
811 1565 848 1595 et
869 1562 923 1595 ira
945 1570 1156 1603 succensus,
1192 1562 1275 1606 qnia
1308 1559 1455 1607 figuram
1490 1560 1606 1595 mundi
1635 1572 1699 1606 per

300 1630 416 1674 ignem
452 1626 581 1661 Paulus
615 1625 755 1660 dixerat
789 1625 1075 1668 dissolvendam,
1120 1636 1239 1661 omnes
1276 1626 1405 1661 milites
1443 1626 1573 1662 Christi
1615 1629 1698 1673 igne

296 1695 407 1739 jussit
434 1693 602 1733 cremari,
638 1690 781 1725 Paulum
807 1701 890 1725 vero
915 1696 1090 1737 tamquam
1116 1693 1313 1737 maiestatis
1339 1703 1434 1727 reum
1460 1695 1574 1738 capite
1600 1698 1697 1728 trun-

300 1762 385 1796 cari.
435 1758 552 1793 Tanta
577 1760 690 1791 autem
716 1761 798 1790 tunc
824 1756 1096 1791 christianornm
1122 1759 1243 1791 occisa
1269 1762 1322 1792 est
1345 1759 1460 1801 turba,
1486 1763 1523 1793 ut
1547 1760 1698 1804 populus

300 1812 484 1861 Romanus
500 1823 668 1869 palatium
693 1824 820 1858 virtute
846 1824 1052 1867 irrumperet
1084 1826 1118 1857 et
1144 1822 1351 1857 seditionem
1385 1828 1509 1858 contra
1533 1835 1608 1858 eum
1635 1835 1697 1859 ex-

303 1893 412 1926 citare
437 1889 583 1924 moliens
609 1888 863 1934 proclamaret:
888 1898 979 1933 pone
1005 1888 1164 1931 modum,
1193 1888 1338 1931 Caesar,
1362 1893 1520 1934 tempera
1545 1892 1697 1924 occisio-

303 1968 377 1992 nem
403 1956 458 1991 vel
480 1956 696 2001 Jussionein,
722 1959 900 1989 nostrates
925 1958 1025 1995 sunt,
1062 1965 1151 2000 quos
1177 1954 1319 1999 perdis,
1346 1954 1534 1989 Romanum
1561 1959 1700 1990 tuentur

303 2023 493 2067 imperium.
543 2020 687 2055 Timens
715 2022 907 2065 imperator
930 2022 1075 2054 mutavit
1099 2020 1263 2063 edictum,
1288 2025 1326 2055 nt
1348 2021 1463 2055 nullus
1487 2021 1698 2055 christianos

301 2091 487 2134 tangeret,
529 2087 642 2121 donec
683 2088 874 2130 imperator
907 2086 950 2121 de
984 2087 1028 2120 iis
1065 2087 1203 2131 plenius
1237 2087 1427 2131 judicaret.
1479 2087 1701 2132 Quapropter

302 2155 432 2190 Paulus
457 2155 581 2188 iterum
606 2156 661 2187 est
685 2152 847 2187 reductus
875 2155 909 2186 et
937 2151 1122 2197 adspectui
1145 2151 1296 2187 Neronis
1331 2152 1493 2195 oblatus3
1530 2163 1629 2197 quem
1662 2157 1701 2187 ut

304 2220 396 2255 Nero
422 2220 531 2262 vidit,
558 2218 865 2255 vehementissime
891 2217 1117 2252 exclamavit:
1144 2217 1259 2252 tollite
1286 2216 1497 2261 maleficum,
1525 2218 1700 2254 decollate

304 2288 542 2331 impostorem,
570 2294 634 2320 nec
661 2286 766 2319 sinite
789 2285 908 2319 vivere
933 2285 1202 2325 criminatorem,
1228 2283 1364 2328 perdite
1382 2294 1544 2319 sensuum
1565 2284 1697 2319 aliena-

304 2356 435 2394 torem,
479 2350 618 2385 auferte
666 2349 710 2385 de
754 2348 940 2394 superficie
983 2336 1101 2384 terrae
1128 2351 1292 2384 mentium
1332 2352 1595 2386 immutatorem.
1643 2348 1698 2384 Ad

305 2428 405 2463 quem
430 2417 560 2452 Paulus
587 2418 655 2451 ait:
689 2415 806 2459 Nero,
841 2419 997 2460 tempore
1022 2416 1159 2451 modico
1185 2418 1317 2461 patiar,
1356 2416 1420 2451 sed
1446 2418 1557 2451 vivam
1581 2419 1697 2449 aeter-

304 2483 434 2518 naliter
460 2483 599 2517 domino
625 2482 711 2518 Jesu
735 2482 889 2516 Christo.
939 2480 1032 2517 Nero
1058 2482 1167 2516 dixit:
1207 2483 1345 2518 auferte
1368 2482 1481 2517 abeo
1505 2484 1627 2525 caput,
1662 2484 1699 2514 ut

305 2559 356 2583 me
383 2559 468 2595 rege
494 2559 556 2583 suo
583 2548 763 2583 fortiorem
792 2548 986 2594 intelligat,
1023 2549 1081 2593 qui
1108 2559 1183 2583 enm
1210 2548 1342 2590 devici,
1377 2551 1411 2581 ct
1436 2545 1634 2588 videamus,
1668 2548 1699 2580 si

306 2622 444 2656 semper
466 2616 583 2649 vivere
607 2614 736 2649 valeat.
785 2614 849 2648 Cui
872 2613 1022 2648 Paulus:
1057 2617 1094 2648 ut
1125 2615 1221 2648 scias
1254 2623 1307 2646 me
1337 2615 1417 2655 post
1447 2615 1590 2646 mortem
1619 2621 1698 2645 cor-

306 2677 404 2720 poris
430 2680 659 2715 aeternaliter
682 2682 819 2722 vivcre,
860 2690 934 2714 cum
970 2679 1053 2714 mihi
1081 2682 1186 2723 caput
1210 2677 1404 2712 abscissum
1439 2676 1564 2720 suerit,
1600 2678 1698 2712 vivus
