1742 3005
247 131 330 171 614
387 131 484 182 Cap.
517 128 766 168 CXXXVIII.
824 128 884 165 De
915 134 1047 164 sancto
1077 126 1254 165 Johanne
1284 126 1574 176 Chrysostomo.

250 238 402 274 osculari
427 235 618 280 praecepit.
668 233 778 278 Hujus
805 241 953 277 namque
982 232 1119 266 virtutis
1144 229 1324 267 Johannes
1359 231 1442 273 l‘uit,
1475 234 1513 265 ut
1538 231 1642 266 etiam

250 303 353 339 valde
386 300 565 336 terribiles
598 299 774 334 humiliari
810 302 956 344 cogeret
988 301 1023 331 et
1048 298 1183 331 timere.
1230 295 1365 331 Eodem
1393 307 1533 342 quoque
1558 300 1644 330 tem-

250 378 337 414 pore
371 368 532 412 quaestio
565 370 660 400 mota
697 370 771 408 est,
811 368 924 399 utrum
961 363 1056 398 Deus
1097 372 1225 407 corpus
1271 361 1431 396 haberet.
1489 360 1540 396 Ex
1575 371 1644 407 qua

251 435 458 480 quaestione
491 433 735 466 contentiones
768 435 802 466 et
837 430 1030 465 certamina
1064 431 1312 470 surrexerunt,
1347 427 1427 461 aliis
1465 426 1531 461 hoc
1564 428 1644 461 aliis

251 499 337 534 illud
370 498 635 533 affirmantibus.
686 497 840 533 Maxime
874 500 990 530 tamen
1023 494 1268 529 monachorum
1299 492 1404 528 turba
1439 492 1647 537 simplicium

253 570 306 601 est
347 564 496 609 decepta
543 564 750 605 dicentium,
791 562 897 597 Deum
943 561 1056 595 forma
1097 570 1271 605 corporea
1312 569 1392 594 esse
1434 559 1646 593 distinctum.

253 630 477 675 Theophilus
504 633 616 663 autem
643 630 829 674 episcopus
856 627 1116 662 Alexandrinus
1146 627 1357 661 contrarium
1385 625 1570 670 sapiebat,
1600 626 1649 659 ita

253 700 291 731 ut
314 699 349 729 in
376 695 529 730 eeclesia
551 699 674 728 contra
701 705 781 736 eos,
816 696 874 739 qui
910 693 1080 728 humanae
1113 692 1246 727 formae
1276 692 1381 727 Deum
1408 695 1649 733 asseruerant,

254 761 481 796 contenderet
509 763 542 794 et
566 759 673 793 Deum
700 761 947 803 incorporeum
984 758 1220 803 praedicaret.
1271 757 1371 798 Quod
1397 758 1650 803 Aegyptiorum

255 825 417 861 monachi
459 830 694 870 agnoscentes
738 824 943 859 habitacula
986 834 1050 858 51111
1084 823 1299 868 reliquerunt
1335 829 1369 858 et
1401 823 1651 858 Alexandriam

256 894 436 928 venientes
469 890 675 925 seditionem
716 895 839 925 contra
870 889 1107 934 Theophilum
1149 891 1363 931 excitarunt,
1406 890 1456 922 ita
1496 893 1534 922 ut
1576 899 1653 923 eum

258 957 420 994 occidere
447 957 651 991 niterentur.
702 957 802 996 Quod
828 957 887 991 ille
914 965 1136 1001 cognoscens
1166 959 1200 990 et
1231 956 1358 989 timens
1392 955 1442 988 ait
1474 954 1566 988 illis:
1602 955 1654 989 sic

259 1035 341 1066 vos,
378 1024 513 1068 inquit,
550 1022 672 1065 video,
708 1024 798 1056 sicut
822 1023 885 1058 Dei
920 1022 1058 1057 vultum.
1107 1020 1152 1055 Et
1177 1020 1246 1055 illi:
1281 1022 1312 1054 si
1344 1031 1448 1063 vere,
1482 1021 1653 1065 inquiunt,

260 1090 372 1130 dieis,
417 1090 498 1134 quia
541 1088 655 1122 vultus
692 1088 757 1123 Dei
791 1091 840 1123 sic
875 1093 945 1131 est,
991 1092 1029 1122 ut
1063 1091 1203 1129 noster,
1251 1086 1511 1121 anathematiza
1544 1086 1654 1120 libros

262 1155 449 1201 Origenis,
485 1155 543 1199 (1111
576 1159 719 1188 nostrae
757 1155 915 1198 opinioni
948 1153 1189 1188 adversantur.
1240 1152 1341 1192 Quod
1367 1154 1396 1187 si
1422 1164 1488 1186 non
1515 1152 1656 1194 seceris,

261 1222 321 1266 qui
345 1219 615 1265 imperatoribus
642 1224 676 1254 et
700 1219 774 1253 Deo
802 1220 946 1254 rebellis
968 1230 1018 1261 eS,
1045 1218 1186 1252 anobis
1203 1219 1429 1263 opprobrium
1451 1217 1656 1252 sustinebis.

261 1286 304 1321 Et
328 1286 405 1321 ille:
438 1286 547 1320 nolite
579 1287 787 1329 ¹)saevire‚
822 1296 889 1331 ego
916 1283 1076 1330 quidem,
1112 1294 1202 1328 quae
1230 1284 1329 1318 vobis
1356 1284 1517 1328 placent,
1552 1284 1657 1320 facio.

261 1351 305 1386 Et
339 1353 389 1386 sic
425 1351 613 1386 monachos
650 1362 671 1386 a
702 1362 765 1385 suo
793 1353 923 1396 impetu
949 1351 1138 1384 revocavit.
1187 1349 1380 1384 Exercitati
1407 1361 1491 1384 vero
1519 1354 1553 1385 et
1577 1361 1658 1395 per-

264 1419 347 1453 fecti
379 1417 541 1452 monachi
572 1419 606 1451 in
642 1417 706 1451 hoc
740 1417 876 1452 seducti
902 1427 970 1450 non
997 1420 1097 1459 sunt,
1132 1416 1195 1450 sed
1221 1415 1398 1460 simplices
1425 1415 1552 1450 ardore
1578 1415 1658 1450 fidei

266 1489 388 1519 contra
417 1484 543 1518 fratres
570 1484 780 1517 contrarium
811 1484 990 1528 sapientes
1027 1483 1292 1518 insurrexerunt
1326 1487 1359 1518 et
1393 1482 1520 1516 multos
1546 1481 1659 1516 occidi

266 1550 436 1584 fecerunt.
484 1548 571 1583 Dum
599 1549 686 1584 haec
713 1551 745 1583 in
770 1550 932 1595 Aegypto
960 1548 1103 1590 fierent,
1131 1548 1311 1584 Johannes
1337 1548 1430 1593 apud
1456 1548 1658 1583 Constanti-

266 1614 420 1659 nopolim
464 1613 624 1648 doctrina
655 1615 804 1649 florebat
843 1619 877 1650 et
913 1614 1006 1659 apud
1042 1625 1161 1649 omnes
1197 1614 1414 1649 admirabilis
1450 1613 1658 1648 habebatur.

266 1681 392 1715 Verum
416 1690 490 1713 cum
515 1679 638 1713 Ariani
664 1680 847 1723 plurimum
875 1681 1089 1725 pullularent
1110 1684 1143 1715 et
1162 1685 1260 1715 extra
1279 1682 1456 1715 civitatem
1477 1680 1661 1715 ecclesiam

267 1746 460 1788 haberent,
495 1745 644 1779 sabbato
671 1749 786 1779 tamen
812 1749 847 1779 et
874 1745 1049 1778 dominica
1075 1746 1166 1779 intra
1190 1751 1313 1790 portas
1340 1751 1373 1781 et
1397 1748 1551 1792 porticus
1576 1756 1661 1780 con—

268 1813 410 1857 gregati
437 1811 579 1855 11)·1111105
606 1815 640 1844 01
665 1810 875 1855 antiphonas
902 1815 1003 1845 nocte
1028 1811 1237 1853 cantabant,
1266 1812 1420 1845 diluculo
1447 1816 1560 1846 autem
1587 1822 1662 1845 011111

268 1877 356 1921 ipsis
383 1876 584 1920 antiphonis
611 1887 674 1920 per
698 1877 844 1910 mediam
863 1878 1037 1910 civitatem
1058 1881 1178 1920 portas
1201 1877 1338 1921 egressi
1358 1876 1401 1910 ad
1427 1886 1524 1910 51111111
1549 1876 1660 1910 00010-

269 1943 355 1976 siam
382 1940 647 1976 concurrebant.
691 1941 783 1975 Haec
811 1946 924 1975 autem
954 1941 997 1975 ad
1023 1943 1315 1986 vituperationem
1344 1942 1662 1984 ²)orthodoxoruni

271 2008 388 2042 facere
407 2018 473 2041 non
492 2007 693 2048 cessabant,
717 2008 998 2053 frequenterhoc
1011 2008 1256 2042 decantantes:
1283 2008 1342 2041 ubi
1360 2012 1451 2049 sunt,
1474 2009 1532 2052 qui
1547 2007 1664 2042 dicunt

270 2075 339 2107 tria
358 2075 485 2107 virtute
506 2084 618 2106 111111111.
645 2072 825 2107 Johannes
844 2078 957 2109 autem
979 2077 1148 2115 metuens,
1170 2084 1211 2107 ue
1233 2073 1410 2118 simplices
1428 2072 1484 2107 his
1503 2074 1664 2107 cantibus

269 2139 512 2179 traherentur,
541 2139 708 2180 instituit,
737 2142 773 2172 ut
798 2138 950 2173 fidelium
977 2139 1082 2173 turba
1106 2140 1285 2173 nocturnis
1310 2139 1444 2184 hymnis
1470 2140 1664 2181 insisteret,

272 2210 308 2239 ut
340 2209 374 2239 ct
409 2204 546 2238 illorum
583 2213 672 2248 opus
708 2204 941 2240 offuscaretur
973 2209 1008 2240 et
1039 2204 1191 2240 fidelium
1234 2205 1411 2250 professio
1455 2203 1663 2247 firmaretur,

272 2270 427 2315 fecitque
456 2280 576 2304 cruces
604 2273 813 2315 argenteas,
851 2281 941 2316 quae
975 2281 1049 2305 cum
1075 2271 1256 2316 argenteis
1282 2272 1394 2305 cereis
1420 2270 1662 2315 portabantur.

273 2335 372 2370 Tunc
416 2335 539 2368 Ariani
573 2335 648 2368 zelo
695 2338 835 2370 accensi
875 2336 1030 2370 invidiae
1072 2347 1184 2381 usque
1228 2336 1273 2370 ad
1313 2346 1433 2371 necem
1467 2337 1679 2382 insurgunt„

272 2401 346 2437 Una
366 2402 476 2446 igitur
494 2404 594 2434 nocte
613 2405 713 2445 petra
730 2412 917 2445 percussus
940 2406 993 2436 est
1012 2401 1138 2436 Brison
1158 2401 1335 2436 eunuchus
1358 2403 1589 2448 ³)Augustae,
1607 2403 1664 2446 11111

272 2466 315 2501 ad
342 2466 486 2511 hymnos
513 2466 729 2500 exercendos
756 2475 777 2500 a
800 2466 961 2502 Johanne
988 2468 1102 2502 fluerat
1129 2467 1336 2512 deputatus,
1364 2467 1428 2502 sed
1454 2469 1556 2502 etiam
1585 2467 1662 2511 qui<

273 2534 349 2566 dam
376 2532 419 2566 de
446 2531 576 2576 populo
604 2532 785 2576 utriusque
811 2535 922 2577 partis
950 2535 1113 2568 exstincti
1140 2537 1231 2567 sunt.
1279 2532 1331 2567 Ex
1365 2532 1420 2567 his
1455 2536 1567 2566 motus
1602 2533 1664 2565 im-

275 2601 419 2640 perator
454 2596 634 2641 prohibuit
658 2597 810 2632 Arianos
844 2598 988 2643 1111111105
1015 2598 1154 2644 publice
1182 2598 1383 2634 decantare.
1430 2595 1479 2631 Eo
1507 2600 1663 2642 tempore

345 2694 370 2726 1)
390 2696 509 2722 Itecmrt,
530 2695 659 2720 :ulrlnntz
681 2695 716 2721 111
743 2705 770 2721 111
781 2706 804 2721 ι’.
924 2698 953 2730 2)
973 2700 1054 2724 Hanc
1073 2706 1178 2725 vocem
1198 2694 1307 2723 omittit
1328 2693 1379 2722 Ed.
1399 2697 1440 2721 rr.
1564 2695 1591 2729 3)
1612 2694 1662 2720 Etl-

279 2742 319 2766 rr,
341 2736 406 2763 loen
428 2739 448 2763 Α
463 2743 623 2768 1131151111·
645 2739 730 2771 legit:
750 2739 922 2772 inguine.
