1742 3005
292 146 372 183 7ῡῦ
431 149 524 194 (λη),
561 143 694 182 CLlX.
755 145 813 180 De
844 144 982 180 sanctis
1014 144 1181 193 Symone
1212 151 1247 182 et
1277 145 1376 183 Juda
1406 147 1598 197 apostolis.

292 251 357 283 lum
393 249 517 282 interni
552 247 688 293 gaudii.
736 246 795 281 llic
829 246 1010 291 multiplex
1049 246 1173 282 hahuit
1215 259 1430 295 cognomen,
1473 250 1585 284 dictus
1622 253 1675 284 est

290 316 377 349 enim
403 313 513 348 Judas
538 312 680 355 Jacobi,
716 313 841 358 supple
867 312 994 355 frater-3
1033 313 1097 347 tuit
1122 315 1210 349 enim
1237 314 1347 349 frater
1369 314 1492 350 Jacobi
1519 316 1672 349 minoris.

289 379 451 415 Secundo
481 379 595 431 dietus
629 383 681 413 est
713 378 950 421 Thaddaeus,
993 379 1086 425 qnod
1121 381 1372 425 interpretatur
1408 380 1674 425 apprehendens

289 447 493 490 principem,
512 445 566 480 vel
585 445 713 479 dicitur
729 444 944 479 Thaddaens
961 455 981 479 a
1002 448 1035 488 ¹)
1049 445 1179 480 tliadea
1198 450 1232 481 et
1251 445 1349 481 deus.
1382 445 1528 480 Thadea
1550 445 1677 479 dieitur

289 522 368 546 esse
387 513 496 546 vestis
511 512 622 557 regia.
648 510 727 556 Ipse
747 512 834 545 enim
854 511 917 545 t'uit
936 513 1044 546 vestis
1066 513 1166 558 regia
1187 512 1250 546 Dei
1269 522 1332 556 per
1351 515 1589 546 ornamentum
1606 512 1676 545 vir-

288 581 416 619 tutum,
444 588 506 622 per
531 586 632 622 quam
660 576 893 621 apprehendit
920 578 1112 622 principem
1133 577 1321 614 Christum.
1371 577 1434 612 Vel
1459 576 1676 611 Thaddaeus

289 645 390 687 quasi
411 648 478 677 tam
495 643 601 684 Deus,
628 644 661 677 id
682 648 735 678 est
754 653 900 689 magnus
920 643 1025 684 Deus,
1053 643 1188 677 scilieet
1208 654 1270 688 per
1287 643 1523 688 adoptionem.
1551 642 1676 677 Tertio

290 709 404 743 dietus
429 713 482 743 est
507 710 541 742 in
566 708 723 753 hystoria
749 709 994 743 ecclesiastica
1016 708 1217 751 Lehbaeus‚
1245 709 1337 754 quod
1363 713 1465 742 sonat
1490 709 1590 753 quasi
1617 718 1678 742 cor

289 775 344 809 vel
364 774 538 815 corculus,
556 773 590 807 id
616 778 668 807 est
686 773 803 807 cordis
826 773 949 815 cultor⁷
976 774 1031 808 vel
1048 774 1249 816 Lebbaeus,
1274 776 1374 819 quasi
1394 774 1512 818 lebes3
1535 784 1596 808 cor
1615 784 1677 819 per

290 841 619 886 magnanimitatem,
646 838 806 873 corculus
828 848 891 883 per
915 839 1112 883 puritatem,
1139 839 1236 873 lebes
1262 850 1323 883 per
1347 841 1538 884 gratiarum
1564 840 1676 884 pleni-

287 907 460 948 tudinem,
488 908 570 952 quia
595 906 696 950 quasi
722 905 793 938 olla
818 909 852 939 et
877 914 938 938 vas
964 906 1126 939 virtutum
1155 909 1189 939 et
1213 906 1350 950 gratiae
1377 915 1455 939 esse
1474 906 1677 950 promeruit.

288 972 416 1007 Eorum
451 973 650 1016 passionem
686 975 719 1005 et
750 970 934 1016 legendam
965 970 1139 1015 hebrayce
1175 970 1311 1005 Abdias
1348 972 1536 1016 episcopus
1562 969 1677 1015 Baby-

288 1039 406 1072 loniae
435 1039 477 1072 ab
504 1039 590 1082 ipsis
615 1036 788 1081 apostolis
816 1037 1002 1080 episeopus
1028 1035 1210 1070 ordinatus
1239 1038 1394 1082 scripsit,
1423 1046 1522 1081 quam
1544 1035 1677 1080 ²)Tr0-

289 1114 377 1148 peus
402 1102 539 1137 Abdiae
567 1102 760 1146 discipulus
785 1102 964 1135 transtulit
990 1103 1023 1135 in
1050 1112 1228 1147 graecum,
1255 1102 1443 1137 Africanus
1469 1103 1503 1136 in
1522 1102 1677 1136 latinum.

379 1172 422 1206 l.
448 1168 574 1212 Syrnon
601 1168 808 1202 Cananaeus
835 1171 869 1201 et
892 1167 1015 1210 Judas,
1043 1169 1099 1212 qui
1125 1173 1159 1202 et
1186 1168 1413 1210 Thaddaeus,
1442 1168 1571 1202 fratres
1601 1167 1676 1202 sue-

290 1238 370 1269 runt
402 1233 528 1268 jacobi
560 1234 704 1267 minoris
739 1236 773 1268 et
809 1232 869 1266 lilii
896 1232 1033 1268 Mariae
1058 1232 1254 1278 Cleopliae,
1291 1243 1381 1279 quae
1406 1233 1544 1278 Alpheo
1570 1237 1678 1277 nupta

291 1300 368 1334 fuit.
415 1299 526 1335 Judas
543 1310 626 1333 vero
648 1298 692 1332 ad
716 1298 935 1344 ³)Abgarum
955 1309 1072 1344 regem
1091 1296 1248 1334 Edessae
1264 1309 1284 1333 a
1304 1299 1442 1333 Thoma
1461 1301 1586 1333 missus
1612 1298 1677 1332 suit

289 1369 371 1411 post
390 1367 629 1400 ascensionem
647 1364 786 1399 domini.
813 1364 962 1412 Legitur
979 1366 1067 1399 enim
1088 1366 1121 1398 in
1138 1365 1561 1410 ecclesiasticahystoria,
1583 1363 1675 1409 quod

289 1432 491 1477 praedictus
516 1442 578 1465 rex
604 1430 768 1482 Abgarus
795 1430 933 1465 domino
960 1435 1081 1465 nostro
1106 1431 1191 1466 Jesu
1216 1430 1356 1466 Christo
1384 1432 1416 1464 in
1434 1430 1524 1464 liunc
1541 1429 1676 1463 modum

291 1497 476 1541 epistolam
506 1496 707 1531 destinavit.
756 1496 922 1541 Abgarus
956 1507 1018 1531 rex
1049 1495 1251 1532 Euclianiae
1277 1497 1368 1530 filius
1400 1496 1483 1532 Jesu
1508 1496 1677 1530 salvatori

289 1561 400 1601 bono,
436 1563 493 1606 qui
520 1564 683 1606 apparuit
713 1563 745 1595 in
772 1561 858 1597 loeis
884 1562 1212 1604 Ilierosolimoruin,
1239 1563 1404 1597 salutem:
1436 1561 1599 1596 Auditum
1624 1564 1677 1595 est

289 1627 372 1661 mihi
399 1626 442 1661 de
467 1630 502 1660 te
531 1631 564 1661 et
592 1628 824 1670 sanitatibus,
862 1638 948 1673 quas
977 1628 1083 1670 sacis,
1114 1628 1206 1674 quod
1233 1629 1308 1663 sino
1333 1628 1591 1662 medicamentis
1617 1630 1677 1660 aut

288 1692 409 1727 herbis
436 1691 518 1726 liant
542 1693 609 1726 ista
635 1703 698 1736 per
721 1696 769 1734 te,
797 1696 831 1726 et
856 1693 948 1737 quod
975 1694 1084 1727 verbo
1111 1693 1199 1728 sacis
1229 1704 1352 1728 caecos
1382 1693 1511 1736 videre,
1531 1692 1675 1727 claudos

288 1758 486 1799 ambulare,
520 1758 680 1803 leprosos
707 1757 865 1797 inundari
893 1761 926 1791 et
950 1762 1104 1792 mortuos
1135 1761 1357 1795 reviviscere.
1407 1760 1539 1799 Quibus
1566 1759 1675 1793 omni-

287 1823 351 1857 bus
378 1823 508 1858 auditis
535 1824 576 1858 de
608 1827 642 1857 te
677 1825 782 1857 statui
808 1824 842 1856 in
868 1824 981 1857 animo
1008 1834 1083 1857 meo
1110 1835 1211 1857 unum
1237 1835 1316 1859 esse
1342 1824 1384 1859 de
1422 1824 1577 1865 duobus,
1615 1827 1674 1857 aut

288 1891 370 1934 quia
397 1894 431 1923 tu
458 1891 506 1923 sis
529 1889 620 1923 Deus
647 1893 680 1923 et
706 1888 933 1923 descenderis
960 1888 1002 1923 de
1029 1889 1141 1932 coelo,
1169 1893 1204 1923 ut
1230 1888 1315 1923 llaec
1345 1889 1466 1931 sarias,
1494 1894 1553 1923 aut
1580 1889 1671 1934 quod

286 1954 377 1988 tilius
396 1954 457 1988 llei
477 1956 538 1995 sis,
565 1955 622 1999 qui
645 1953 730 1988 llaec
751 1954 848 1988 saciS.
898 1954 1091 1998 Propterea
1110 1966 1195 2000 ergo
1217 1954 1375 1989 scribens
1402 1956 1597 2000 rogaverim
1624 1959 1670 1996 te,

286 2024 323 2054 ut
349 2020 505 2065 digneris
531 2019 676 2064 fatigari
702 2029 811 2064 usque
836 2019 879 2053 ad
906 2030 958 2054 me
992 2023 1025 2053 et
1056 2019 1312 2065 aegritudinem
1349 2030 1477 2061 meam,
1512 2030 1579 2064 qua
1613 2020 1670 2054 diu

285 2084 459 2126 laboravi,
490 2095 628 2121 curare,
675 2083 759 2118 Nam
794 2088 827 2119 et
848 2085 949 2119 ‘illud
983 2086 1155 2130 comperi,
1190 2085 1282 2130 quod
1306 2084 1432 2120 ,Iudaei
1463 2089 1673 2119 murmurant

285 2150 467 2185 adversum
498 2154 550 2192 te,
592 2149 712 2183 volunt
746 2150 905 2184 insidiari
940 2151 1014 2186 tibi.
1065 2150 1150 2185 Veni
1189 2161 1274 2196 ergo
1308 2150 1353 2185 ad
1385 2161 1458 2194 me,
1503 2152 1585 2196 quia
1619 2154 1671 2185 est

284 2216 365 2250 milii
392 2226 502 2261 parva
529 2216 672 2257 civitas,
707 2215 768 2250 sod
795 2215 962 2259 honesta,
997 2227 1086 2262 quae
1112 2218 1269 2262 utrisque
1294 2215 1452 2251 sufficiet.
1503 2215 1669 2250 Dominus

283 2286 396 2316 autem
422 2281 524 2316 Jesus
553 2282 585 2314 in
612 2280 700 2315 hacc
725 2281 832 2316 verba
857 2283 924 2316 sibi
951 2282 1151 2327 respondit:
1178 2282 1302 2317 beatus
1328 2293 1377 2324 es,
1402 2283 1459 2328 qui
1487 2281 1669 2316 credidisti

283 2349 316 2381 in
346 2358 420 2388 me,
455 2357 529 2380 cum
554 2348 630 2391 ipse
657 2358 725 2380 non
752 2346 882 2381 videris
908 2359 974 2385 me.
1022 2347 1194 2393 Scriptum
1223 2352 1276 2383 est
1300 2349 1388 2383 enim
1415 2347 1457 2382 de
1482 2358 1553 2390 me,
1587 2349 1669 2393 quia

282 2412 331 2454 hi,
358 2414 416 2457 qui
443 2423 496 2447 me
522 2423 589 2446 non
617 2412 754 2455 vident,
782 2413 935 2456 credent,
962 2417 995 2448 et
1021 2414 1069 2456 hi,
1100 2415 1157 2459 qui
1184 2425 1235 2449 me
1265 2414 1394 2456 vident,
1419 2424 1486 2448 non
1513 2413 1665 2448 credent.

281 2479 330 2513 De
367 2489 408 2513 eo
445 2483 580 2521 autem,
614 2478 706 2524 quod
741 2480 917 2524 scripsisti
952 2479 997 2514 ad
1034 2491 1106 2522 me,
1139 2484 1177 2514 ut
1209 2481 1344 2514 veniam
1372 2479 1414 2513 ad
1440 2483 1493 2522 te,
1528 2481 1667 2523 oportet

281 2554 332 2578 me
366 2544 454 2580 liaeo
489 2546 604 2579 omnia
635 2544 827 2589 complere²
869 2550 1014 2591 propter
1049 2556 1139 2591 quae
1181 2547 1307 2580 missus
1338 2555 1433 2587 sum,
1475 2547 1509 2579 et
1542 2546 1665 2587 postea

347 2664 372 2695 1)
393 2665 444 2693 ild.
464 2669 506 2691 l'r.
526 2666 562 2691 tl·
575 2675 663 2692 area
684 2665 768 2693 offert
791 2670 819 2693 et
838 2666 948 2693 verba:
974 2669 1064 2701 Ipsi²
1082 2682 1116 2686 -
1135 2665 1243 2699 rogia
1262 2664 1379 2692 omittit.
1498 2664 1527 2696 2)
1546 2663 1599 2691 Ed.
1618 2667 1664 2692 ΡΥ.

279 2706 343 2731 1·er
371 2708 514 2734 nominis:
543 2713 719 2744 'I'ropeus
739 2710 827 2743 lep-fit:
853 2715 913 2737 ΙΙΙ.
939 2715 1039 2745 post.
1143 2712 1173 2743 2)
1199 2710 1252 2736 Ed.
1279 2713 1322 2737 l'r.
1350 2707 1425 2735 male
1454 2707 1539 2739 Ινὲὲἷίῑ
1567 2709 1662 2735 Aba·

279 2760 402 2781 garuni
439 2760 559 2783 regem
589 2754 748 2781 Edissao
775 2756 809 2782 in
831 2755 933 2783 homa
955 2755 1099 2782 missus
1119 2758 1207 2789 post
1228 2757 1283 2779 elo.
