1742 3005
258 99 337 139 502
397 100 491 150 Cap.
525 100 694 136 CXVIII.
752 100 812 136 De
843 106 975 137 sancto
1008 99 1216 151 Hyppolito
1247 107 1284 137 et
1318 100 1428 137 sociis
1461 101 1555 151 ejus.

259 207 358 240 riano
383 204 564 250 praesecto
591 213 666 238 eum
694 202 860 245 tradidit,
887 207 926 237 ut
952 213 1071 237 omnes
1099 205 1288 240 facultates
1315 207 1392 251 ejus
1420 207 1597 251 acciperet
1621 210 1656 240 et

262 270 348 303 diris
385 269 569 302 tormentis
603 279 678 303 eum
715 268 938 304 interficeret.
986 267 1130 303 Invento
1168 280 1327 315 quoque,
1364 271 1457 316 quod
1489 272 1565 316 ejus
1599 270 1653 305 fa-

263 334 357 368 milia
389 333 585 368 christiana
623 338 740 377 esset,
782 333 925 368 adducti
959 339 1039 368 sunt
1075 339 1156 369 ante
1191 340 1415 380 conspectum
1449 337 1540 382 ejus.
1589 337 1653 376 Qui

260 411 336 434 cum
361 400 408 435 ad
433 400 608 435 sacrificia
632 404 856 445 cogerentur,
884 399 1082 434 Concordia
1106 401 1222 434 nutrix
1249 399 1428 445 Hyppoliti
1453 411 1516 446 pro
1543 403 1655 436 omni-

263 466 327 500 bus
355 465 552 511 respondit:
579 476 643 500 nos
668 476 744 500 cum
769 465 909 500 domino
935 471 1057 500 nostro
1083 466 1240 500 volumus
1266 467 1353 500 mori
1371 467 1489 510 potius
1515 466 1652 510 pudice,

264 542 365 577 quam
398 532 572 577 impudice
601 533 731 566 vivere.
790 531 852 565 Cui
883 530 1111 566 Valerianus:
1159 541 1271 577 genus
1306 541 1485 565 servorum
1519 532 1658 565 nonnisi

263 609 339 633 cum
375 597 558 642 suppliciis
590 597 806 633 emendatur.
855 596 954 631 Tunc
987 601 1173 641 praesente
1199 596 1387 641 Hyppolito
1424 601 1458 631 et
1483 597 1659 643 gaudente

260 664 370 707 jussit
395 673 469 698 eam
495 662 626 696 tamdiu
652 662 840 706 plumbatis
866 662 978 703 caedi,
1006 671 1189 707 quousque
1215 663 1329 696 emisit
1353 663 1525 706 spiritum,
1552 661 1657 695 dixit-

265 738 332 772 que
364 727 590 771 Hyppolitus:
628 728 764 772 gratias
798 727 864 760 tibi
899 737 991 772 ago,
1034 727 1190 768 domine,
1231 728 1315 772 quia
1348 728 1517 762 nutricem
1549 736 1658 760 meam

264 796 346 826 ante
370 796 592 836 conspectum
620 795 818 825 sanctorum
842 795 979 825 tuorum
1005 792 1230 835 praemisisti.
1279 792 1413 827 Deinde
1452 796 1552 826 extra
1576 803 1659 836 por-

264 862 334 891 tam
362 856 591 902 Tyburtinam
615 856 822 891 Valerianus
847 855 1070 900 Hyppolitum
1106 865 1181 889 cum
1213 855 1346 891 familia
1371 866 1435 890 sua
1461 857 1541 891 duci
1566 857 1660 897 fecit,

267 923 475 969 Hyppolitus
495 926 609 957 autem
625 932 743 957 omnes
763 921 967 956 confortans
982 921 1090 955 dixit:
1116 921 1244 956 fratres
1264 922 1373 956 nolite
1390 925 1554 963 metuere,
1581 923 1663 966 quia

269 999 337 1035 ego
365 992 398 1023 et
423 998 487 1023 vos
511 999 614 1022 unum
639 987 747 1021 Deum
772 987 955 1024 habemus.
1003 986 1183 1032 Jussitque
1208 987 1431 1030 Valerianus,
1457 991 1494 1021 ut
1519 987 1554 1020 in
1577 996 1661 1020 con-

267 1058 389 1099 spectu
414 1053 593 1098 Hyppoliti
618 1052 776 1087 omnihus
803 1055 921 1098 capita
946 1057 1219 1097 amputarentur,
1246 1052 1426 1098 Hyppoliti
1451 1063 1533 1087 vero
1552 1051 1662 1097 pedes

268 1118 313 1153 ad
347 1119 440 1152 colla
485 1117 731 1152 indomitorum
767 1128 933 1163 equorum
966 1118 1049 1153 feeit
1090 1117 1200 1164 ligari
1238 1123 1273 1153 et
1305 1129 1368 1163 per
1406 1118 1595 1162 ¹)carduos
1630 1122 1664 1153 et

267 1184 416 1218 tribulos
442 1183 535 1218 trahi
560 1183 705 1225 tamdiu,
733 1183 846 1217 donec
872 1185 1032 1228 spiritum
1059 1183 1254 1225 exhalaret,
1282 1185 1375 1218 circa
1400 1193 1510 1218 annos
1533 1183 1664 1217 domin-i

269 1249 410 1285 CCLVI.
457 1248 584 1284 Eorum
612 1258 764 1293 corpora
787 1248 945 1284 Justinus
978 1249 1156 1293 presbiter
1184 1251 1301 1294 rapuit
1333 1249 1371 1284 >et
1399 1250 1502 1295 juxta
1535 1259 1662 1293 eorpus

270 1317 383 1350 sancti
406 1315 591 1350 Laurentii
620 1314 804 1359 sepelivit,
838 1324 964 1358 corpus
992 1324 1074 1349 vero
1101 1318 1245 1349 sanctae
1272 1315 1490 1350 Concordiae
1514 1315 1663 1349 inveniri

270 1392 338 1415 non
364 1382 489 1426 potuit,
518 1381 602 1425 quia
627 1380 744 1415 suerat
771 1381 804 1414 in
832 1379 986 1414 cloacam
1016 1381 1221 1425 projectum.
1270 1379 1375 1415 Miles
1396 1385 1507 1415 autem
1523 1380 1662 1425 quidam

269 1448 407 1481 nomine
424 1446 634 1491 Porphirius
661 1446 808 1487 credens
835 1445 973 1480 beatam
992 1445 1224 1481 Concordiam
1247 1455 1366 1480 aurum
1392 1450 1427 1481 et
1451 1455 1605 1492 gemmas
1631 1446 1665 1479 in

270 1513 487 1546 vestimentis
514 1512 666 1554 habere,
701 1513 746 1547 ad
781 1512 952 1557 quendam
980 1512 1190 1546 cloacarium
1218 1513 1355 1547 nomine
1381 1512 1570 1553 Yreneum,
1607 1512 1666 1555 qui

271 1581 347 1611 erat
372 1577 507 1611 occulte
531 1577 767 1620 christianus,
796 1579 948 1613 accessit
974 1582 1008 1612 et
1035 1578 1143 1612 dixit:
1177 1582 1349 1613 secretum
1382 1577 1522 1612 custodi
1545 1581 1580 1612 et
1605 1587 1666 1611 ex-

273 1643 372 1677 trahe
399 1642 641 1684 Concordiam,
670 1645 752 1688 quia
778 1654 894 1687 spero,
921 1644 1013 1688 quod
1039 1654 1158 1678 aurum
1183 1647 1243 1678 aut
1266 1654 1422 1690 gemmas
1448 1645 1484 1678 in
1511 1644 1667 1678 vestibus

271 1710 345 1743 suis
371 1707 506 1743 habuit.
556 1709 617 1742 Cui
645 1708 723 1742 ille:
756 1708 903 1743 ostende
937 1709 1018 1742 mihi
1051 1709 1163 1743 locum
1198 1713 1232 1744 et
1263 1714 1436 1744 secretum
1472 1709 1585 1744 habeo
1622 1712 1668 1749 et,

271 1775 441 1820 quidquid
468 1776 655 1815 invenero,
692 1774 873 1807 nuntiabo.
924 1774 1005 1808 Cum
1038 1785 1123 1819 ergo
1151 1779 1342 1808 extractum
1371 1775 1498 1809 suisset
1523 1778 1557 1809 et
1582 1773 1668 1808 nihil

272 1841 510 1882 invenissent,
544 1839 642 1874 miles
677 1839 738 1873 ille
772 1840 931 1883 protinus
967 1839 1057 1884 sugit
1094 1843 1128 1873 et
1163 1838 1319 1873 Yreneus
1356 1843 1481 1874 vocato
1518 1837 1668 1883 quodam

270 1904 463 1939 christiano
500 1906 637 1939 nomine
674 1903 887 1939 riHabundo
913 1914 1040 1949 corpus
1066 1903 1111 1938 ad
1138 1908 1294 1938 sanctum
1324 1903 1497 1940 Justinum
1528 1904 1665 1945 detulit,

273 1970 366 2015 quod
393 1971 451 2004 ille
477 1970 602 2005 devote
626 1971 824 2014 suscipiens
847 1971 951 2015 juxta
976 1980 1104 2014 corpus
1130 1972 1241 2004 sancti
1266 1969 1444 2015 Hyppoliti
1470 1974 1504 2004 et
1523 1969 1668 2003 aliorum

271 2035 444 2080 sepelivit.
495 2035 594 2075 Quod
632 2035 841 2070 Valerianus
875 2035 1022 2070 audiens
1056 2035 1227 2070 Yreneum
1275 2039 1309 2070 ct
1342 2034 1524 2070 Abundum
1556 2036 1671 2070 tenuit

271 2105 306 2135 ct
340 2101 461 2135 ambos
494 2103 529 2134 in
563 2101 720 2135 cloacam
748 2102 846 2135 vivos
863 2102 991 2142 misit,
1027 2112 1172 2146 quorum
1197 2110 1348 2145 corpora
1373 2099 1531 2136 Justinus
1556 2101 1673 2145 rapuit

273 2171 306 2201 et
331 2176 406 2200 cum
434 2165 516 2200 aliis
543 2166 718 2211 sepelivit.
767 2166 852 2200 Post
885 2165 953 2200 hoc
987 2166 1115 2201 Decius
1149 2177 1223 2200 cum
1250 2166 1442 2201 Valeriano
1474 2168 1509 2200 in
1535 2175 1670 2200 currum

271 2231 456 2266 adscendit
480 2241 622 2266 aureum
646 2236 680 2266 et
704 2236 855 2277 pergunt
874 2231 919 2266 ad
944 2231 1252 2276 amphitheatrum,
1279 2236 1315 2266 ut
1334 2233 1489 2266 crucient
1508 2230 1670 2265 christia-

271 2308 348 2332 nos,
395 2297 569 2342 Arreptus
604 2299 714 2343 igitur
751 2297 879 2332 Decius
918 2307 940 2331 a
977 2297 1146 2332 daemone
1181 2297 1380 2333 clamabat:
1415 2308 1435 2331 ο
1470 2295 1671 2341 lIyppolite,

271 2364 405 2397 catenis
437 2364 577 2407 asperis
610 2364 761 2398 vinctum
798 2374 851 2398 mc
877 2367 988 2399 tenes.
1038 2362 1249 2398 Valerianus
1285 2363 1448 2398 similiter
1476 2360 1670 2396 clamabat:

273 2439 292 2462 0
318 2427 499 2471 Laurenti,
529 2430 645 2475 igneis
671 2429 806 2464 eatenis
832 2438 885 2463 me
915 2427 1061 2474 ligatum
1091 2429 1217 2471 trahis,
1243 2433 1278 2464 et
1304 2428 1426 2464 eadem
1453 2428 1542 2463 hora
1567 2427 1672 2463 Vale-

276 2495 394 2527 rianus
420 2495 639 2539 exspiravit,
674 2494 801 2530 Decius
829 2496 944 2528 autem
971 2494 1106 2529 domum
1133 2504 1297 2530 reversus
1325 2494 1442 2529 triduo
1463 2503 1485 2528 a
1503 2492 1671 2527 daemone

276 2562 419 2591 vexatus
444 2558 638 2593 clamabat:
667 2560 793 2604 adjuro
820 2563 854 2594 te
870 2587 878 2601 ,
906 2559 1087 2603 Laurenti,
1114 2560 1283 2594 modicum
1309 2569 1411 2595 cessa
1435 2568 1454 2592 a
1477 2558 1670 2594 tormentis.

344 2701 371 2731 1)
393 2700 442 2726 nd.
465 2704 505 2727 Pr.
528 2701 603 2728 »mul«.-
625 2702 814 2730 cardones
835 2702 915 2735 legit.
1020 2704 1048 2736 2)
1068 2701 1126 2729 Alii
1147 2699 1385 2729 IIabnndino
1406 2699 1518 2732 legunt.
