1742 3005
271 97 320 135 16
531 98 628 150 Cap.
663 98 712 136 11.
772 98 830 137 De
861 107 990 137 sancto
1022 99 1172 139 Andrea
1201 103 1393 152 apostole.

268 213 326 238 sos
351 204 456 239 maris
479 203 638 238 fluctibus
663 207 754 239 ritae
781 204 933 240 reddidit
959 205 1080 240 usibus
1108 209 1154 252 ¹).
1181 228 1225 234 —
1251 230 1295 235 —
1327 213 1371 248 Θ.
1397 208 1526 244 Beatus
1552 212 1659 256 igitur

268 270 428 305 Andreas
453 272 487 303 in
527 269 670 314 Achaya
703 272 897 304 consistens
927 273 1036 304 totam
1061 281 1136 307 cum
1163 274 1319 310 ecclesiis
1345 275 1501 320 implevit
1526 280 1560 311 et
1581 278 1657 322 plu-

268 339 373 371 rimos
399 336 442 369 ad
469 333 568 368 sidem
595 334 724 369 Christi
749 337 930 370 convertit.
1001 335 1149 372 Uxorem
1175 350 1314 384 qnoque
1337 341 1481 385 Aegeae
1508 352 1657 386 procon-

268 403 353 437 sulis
379 400 478 435 tidem
504 399 632 434 Christi
659 400 775 435 docuit
800 405 834 435 et
861 410 962 435 sacro
991 401 1213 447 baptismatis
1247 404 1342 439 sonte
1371 407 1483 450 ipsam
1509 417 1655 452 regene

268 471 367 504 ravit.
441 465 570 502 Audito
598 465 663 500 hoc
698 467 840 511 Aegeas
874 465 998 502 Patras
1023 470 1198 504 civitatem
1224 469 1419 515 ingreditur
1444 472 1655 517 compellens

268 536 484 570 Christianos
521 532 564 566 ad
598 533 769 566 sacrificia
803 532 1004 577 5dolorum.
1053 537 1108 569 cui
1137 546 1322 570 occurrens
1357 537 1518 572 Andreas
1549 537 1656 571 dixit:

267 600 454 647 oportebat
475 604 510 633 ut
534 603 570 632 tu
597 601 653 644 qui
675 599 785 644 judex
810 598 981 634 hominum
1008 611 1086 636 esse
1112 603 1267 637 meruisti
1294 604 1326 635 in
1355 603 1479 643 terris,
1504 602 1656 647 judicem

266 672 357 701 tuum
384 668 442 711 qui
466 667 501 699 in
527 665 635 700 coelis
664 669 737 706 est,
786 674 999 710 agnosceres
1035 671 1069 701 et
1101 669 1255 713 agnitum
1289 667 1423 702 coleres
1449 672 1481 703 et
1508 668 1654 703 colendo

266 736 413 768 animum
439 742 460 766 a
486 732 585 765 salsis
610 731 684 765 Diis
721 731 857 775 penitus
887 742 1084 766 revocares.
1160 734 1222 767 Cui
1245 734 1407 778 Aegeas:
1456 738 1491 767 tu
1519 744 1556 768 es
1582 735 1654 768 An-

266 801 381 837 dreas,
407 799 464 842 qui
489 797 768 842 superstitiosam
796 797 978 840 praedicas
1004 802 1155 839 sectam,
1183 808 1284 844 quam
1309 798 1454 832 Romani
1479 802 1653 845 principes

265 876 374 910 nuper
399 865 629 898 exterminare
651 864 843 908 jusserunt.
889 863 943 897 Ad
970 874 1068 908 quem
1094 864 1273 899 Andreas:
1308 863 1452 898 Romani
1479 867 1654 910 principes

265 930 414 965 nondum
450 933 709 975 cognoverunt,
769 928 940 973 quomodo
974 930 1062 964 iilius
1096 930 1159 965 Dei
1187 932 1329 965 veniens
1367 929 1525 964 docuerit
1548 930 1655 975 ydola

264 1008 342 1031 esse
371 997 576 1037 daemonia,
619 1005 709 1040 quae
734 995 797 1029 boc
822 995 966 1038 docent,
1003 996 1092 1031 unde
1120 996 1316 1031 offendatur
1342 995 1453 1038 Deus,
1482 1000 1518 1030 ut
1543 997 1652 1031 offen-

265 1074 323 1097 sus
363 1062 405 1096 ab
433 1064 474 1095 iis
499 1065 679 1096 avertatur
707 1065 740 1096 et
765 1071 911 1096 aversus
944 1073 1013 1096 non
1049 1062 1217 1097 exaudiat
1253 1066 1286 1097 et
1326 1073 1395 1096 non
1431 1062 1650 1097 exaudIendo

264 1127 534 1174 ipsiadyabolo
560 1128 780 1172 captiventur
805 1132 839 1163 et
863 1129 1031 1173 captivati
1054 1127 1420 1169 tamdiudeludantur,
1447 1127 1652 1163 donecnndi

265 1196 307 1231 de
335 1204 482 1239 corpore
508 1197 646 1234 exeant,
673 1193 757 1228 nihil
783 1205 898 1230 secum
924 1198 1066 1239 praeter
1090 1199 1235 1239 peccata
1259 1198 1452 1239 portantes.
1491 1194 1553 1229 Cui
1580 1195 1649 1229 Ae<

263 1272 371 1308 geas:
398 1262 468 1294 ista
494 1269 584 1293 vana
608 1258 711 1294 Jesus
737 1266 854 1295 vester
878 1260 1086 1306 praedicans
1111 1261 1222 1294 crucis
1249 1259 1406 1305 patibulo
1432 1264 1485 1294 est
1509 1260 1649 1296 affixus

262 1329 325 1363 (lui
362 1326 544 1361 Andreas:
582 1336 645 1370 pro
680 1327 936 1361 restauratione
969 1331 1091 1360 nostra
1125 1337 1194 1360 non
1229 1336 1292 1370 pro
1325 1325 1429 1370 culpa
1453 1336 1516 1360 sua
1540 1328 1651 1361 crucis

262 1393 453 1439 patibulum
480 1395 603 1436 sponte
631 1393 797 1436 suscepit.
845 1391 900 1427 Ad
925 1403 1025 1437 quem
1050 1393 1192 1438 Aegeas
1219 1391 1326 1425 dixit:
1352 1402 1426 1425 cum
1453 1401 1474 1425 a
1501 1402 1563 1426 suo
1578 1392 1650 1426 dis-

262 1460 377 1505 cipulo
404 1458 509 1492 fuerit
531 1457 680 1491 traditus
705 1461 740 1492 et
762 1468 781 1491 a
805 1457 951 1493 ,Iudaeis
976 1463 1090 1493 tentus
1105 1487 1112 1500 ,
1164 1462 1197 1493 et
1221 1467 1242 1491 a
1265 1456 1431 1491 militibus
1452 1458 1649 1499 crucifixus,

263 1523 436 1572 quomodo
462 1527 499 1556 tu
524 1522 610 1556 dicis
627 1550 634 1559 ,
688 1534 763 1558 eum
795 1528 920 1568 sponte
955 1525 1067 1558 crucis
1092 1523 1243 1558 subiisse
1269 1523 1504 1567 supplicium?
1553 1523 1650 1557 Tunc

262 1591 422 1627 Andreas
456 1590 607 1634 quinque
640 1588 834 1622 rationibus
867 1590 982 1633 coepit
1023 1589 1208 1624 ostendere
1244 1588 1417 1622 Christum
1453 1588 1650 1624 voluntarie

261 1666 402 1702 passum
439 1654 559 1688 fuisse.
631 1653 772 1688 Scilicet
805 1664 847 1688 ex
881 1664 922 1688 eo
952 1655 1044 1699 quod
1071 1656 1269 1699 passionem
1297 1663 1392 1687 suam
1419 1654 1594 1698 praevidit
1615 1658 1650 1689 et

260 1721 442 1766 discipulis
468 1704 616 1753 suturam
641 1719 834 1763 praedixit3
861 1730 952 1762 ecce,
975 1722 1148 1765 inquiens,
1175 1719 1391 1754 ascendimus
1408 1719 1651 1765 Hierosolyma

262 1793 327 1824 etc.
386 1786 431 1821 Et
455 1796 497 1821 ex
523 1796 564 1820 eo
593 1785 685 1830 quod
713 1785 817 1831 Petro
850 1796 926 1820 eum
958 1785 1001 1820 ab
1029 1785 1094 1820 hoe
1121 1790 1280 1820 avertere
1308 1786 1461 1829 cupienti
1485 1785 1570 1820 dure
1595 1788 1647 1821 in-

262 1855 427 1901 dignatus
466 1852 530 1886 suit
562 1851 700 1886 dicens:
748 1851 838 1886 vade
873 1856 954 1896 post
987 1862 1038 1886 me
1074 1852 1206 1886 Satana
1240 1855 1304 1887 ete.
1341 1856 1376 1886 et
1411 1862 1453 1885 ex
1480 1862 1520 1885 eo
1554 1853 1646 1897 quod

260 1922 441 1964 utriusque
477 1919 611 1952 scilicet
646 1917 801 1962 patiendi
833 1922 867 1952 et
890 1917 1099 1963 resurgendi
1124 1928 1161 1952 se
1187 1921 1395 1962 potestatem
1420 1916 1552 1952 habere
1575 1928 1648 1952 ma-

259 1987 439 2021 nifestavit
465 1985 603 2019 dicens:
647 1988 855 2029 potestatem
893 1983 1006 2018 habeo
1039 1983 1190 2028 ponendi
1215 1985 1361 2017 animam
1387 1992 1496 2017 meam
1523 1987 1558 2017 et
1581 1985 1646 2018 ite-

259 2064 331 2087 rum
358 2050 513 2085 sumendi
539 2060 626 2085 eam.
688 2049 733 2084 Et
757 2061 799 2085 ex
825 2061 865 2085 eo
894 2049 985 2095 quod
1012 2050 1225 2094 proditorem
1250 2050 1524 2100 praecognovit,
1572 2058 1647 2083 cum

259 2128 382 2163 panem
407 2118 584 2150 intinctum
611 2117 642 2150 ei
670 2116 786 2158 dedit,
831 2126 894 2151 nee
918 2120 1033 2150 tamen
1060 2117 1194 2150 vitavit.
1254 2114 1298 2150 Et
1322 2126 1365 2150 ex
1390 2125 1444 2157 eo,
1472 2114 1564 2159 quod
1593 2114 1647 2148 lo-

257 2194 344 2225 cuni,
374 2184 408 2215 in
435 2192 502 2226 quo
528 2181 740 2226 proditorem
766 2186 945 2216 venturum
971 2180 1125 2222 sciebat,
1152 2181 1262 2226 elegit
1288 2184 1322 2214 et
1345 2180 1398 2214 his
1423 2179 1581 2213 omnibus
1609 2190 1646 2214 se

258 2248 458 2283 interfuisse
484 2249 646 2282 asseruit.
694 2247 802 2282 Addit
826 2247 999 2288 Andreas,
1028 2246 1120 2291 quod
1146 2247 1343 2291 mysterium
1359 2246 1646 2290 crucismagnum

257 2319 363 2350 esset.
435 2313 497 2348 Cui
524 2313 684 2359 Aegeas:
734 2314 930 2358 mysterium
957 2313 1023 2346 dici
1052 2323 1119 2346 non
1146 2304 1284 2356 potest,
1338 2310 1400 2345 sed
1427 2310 1644 2355 supplicium.

259 2382 500 2417 Verumtamen
516 2378 752 2413 ubimihinon
773 2378 1085 2422 obtemperaveris,
1110 2379 1435 2423 i1›su1111115stei·i11111
1461 2380 1493 2410 te
1522 2376 1644 2410 faciam

258 2447 422 2491 experiri.
495 2445 558 2478 (lui
582 2444 763 2479 Andreas:
808 2446 837 2478 si
863 2446 973 2478 crucis
1001 2443 1190 2489 patibulum
1218 2453 1508 2489 expavescerem,
1534 2443 1646 2475 crucis

344 2592 369 2622 1]
397 2594 462 2616 l’ost
484 2590 556 2615 haec
575 2590 666 2615 xer-b:-
689 2588 764 2615 inalt-
783 2587 976 2615 Recentiores
996 2587 1252 2623 interpolaverimt
1273 2588 1349 2614 hanc
1367 2585 1523 2621 periodum
1544 2589 1646 2618 aperte

259 2636 388 2670 spui-iani
411 2639 436 2659 ei
460 2635 547 2659 nexui
567 2635 657 2668 plant·
683 2633 878 2659 contraris-iu:
915 2636 951 2664 „1
966 2638 969 2657 Ι
984 2643 1035 2658 (²111
1065 2632 1253 2663 magister
1278 2631 1476 2658 ,Iohannes
1503 2629 1646 2656 Beleih

258 2681 309 2706 :iit
332 2680 376 2706 ‹lv
396 2679 504 2705 sesto
524 2678 650 2705 sancti
671 2678 745 2705 And
760 2688 857 2706 reae.
894 2677 1097 2705 Sciendum
1125 2682 1196 2707 est.
1233 2675 1380 2709 inquit,
1416 2673 1520 2707 quod
1539 2673 1648 2706 niger

260 2726 332 2752 snit
353 2724 503 2755 colore,
525 2723 644 2749 barba
666 2722 837 2757 prolixa,
866 2727 1016 2749 statura
1037 2721 1260 2749 medium-Nn
