1742 3005
337 61 430 108 (Iap.
462 59 615 96 valt.
687 58 743 95 De
783 67 912 95 sancto
942 61 1086 96 Jacobo
1118 62 1303 110 apostolo.
1435 64 1513 100 295

571 210 697 272 GAP.
731 211 897 273 mxvii.
941 213 1064 274 (63.)

332 311 430 355 De
469 311 691 355 saneto
721 312 966 358 «Iacobo
995 312 1296 367 apostolo.

205 420 358 455 Jacohus
378 419 622 464 supplantator
644 421 696 454 vel
712 421 942 465 supplantans
963 421 1186 454 festinantem
1205 421 1258 456 vel
1278 431 1502 466 praeparans.

118 486 179 519 Vel
214 484 343 520 dieitur
366 485 520 520 Jacobus
548 495 569 518 a
596 486 641 526 ia,
665 485 757 530 quod
785 490 838 520 est
860 485 974 527 Deus,
1009 490 1042 519 et
1063 485 1182 526 cobar,
1218 486 1309 531 quod
1337 492 1391 521 est
1417 498 1504 521 onus

116 551 169 585 vel
202 551 350 596 pondus.
400 549 460 584 Vel
496 549 652 585 Jacobus
688 551 789 596 quasi
812 550 965 595 Jacopus
998 560 1018 584 a
1039 550 1159 595 Jaculo
1196 556 1230 586 et
1267 562 1374 596 eope,
1411 551 1503 597 quod

115 621 168 652 est
193 618 323 658 caesio,
362 615 464 660 quasi
491 624 616 650 caesus
644 615 788 660 jaculis.
838 615 974 650 Dicitur
1007 627 1092 662 ergo
1120 617 1365 662 supplantator
1388 617 1504 651 mundi

111 693 175 727 per
199 684 428 722 contemtum,
462 680 692 726 supplantans
719 682 942 717 festinantem
968 681 1174 726 dyabolum,
1213 693 1431 727 praeparans
1458 683 1501 717 ad

110 757 210 782 omne
234 746 362 781 bonum
384 756 512 792 corpus
539 757 648 781 suum.
696 746 815 782 Malae
853 749 940 782 enim
977 748 1163 791 passiones
1191 748 1292 782 nobis
1318 750 1434 783 insunt
1460 760 1501 784 ex

108 814 240 855 tribus,
276 814 365 847 sicut
398 811 481 846 dicit
517 810 710 858 Gregorius
746 812 948 857 Nyssenns:
985 824 1027 847 ex
1063 813 1153 847 mala
1190 813 1399 848 educatione
1425 816 1500 849 sine

108 879 398 920 conversatione,
434 888 476 912 ex
511 879 669 922 corporis
703 878 793 911 mala
829 877 1054 920 habitudine,
1086 888 1128 913 ex
1155 880 1240 912 vitio
1266 880 1496 923 ignorantiae.

107 944 279 979 Curantur
302 948 428 984 autem,
458 947 494 977 ut
517 942 610 984 dicit,
637 954 678 977 ex
705 942 798 977 bona
823 943 1086 984 consuetudine,
1112 944 1205 977 hona
1233 945 1496 984 exercitatione.

106 1009 223 1044 studio
250 1009 442 1044 doctrinae.
493 1008 553 1043 Sio
571 1008 696 1044 beatus
724 1008 877 1044 ,lacobus
900 996 946 1044 ¹se
976 1011 1109 1043 curavit
1135 1013 1168 1044 et
1190 1009 1271 1043 ideo
1300 1021 1426 1055 corpus
1453 1010 1497 1044 ad

105 1086 204 1110 omne
237 1074 363 1109 honum
398 1079 557 1120 paratum
591 1074 724 1109 habuit.
774 1075 908 1109 Dicitur
941 1077 1044 1110 etiam
1080 1074 1215 1119 pondus
1249 1074 1399 1109 divinum
1435 1087 1497 1120 per

104 1142 313 1188 gravitatem
338 1151 492 1183 morum,
516 1141 645 1186 Jaculis
674 1151 798 1175 caesus
825 1152 889 1186 per
912 1142 1113 1174 martirium.

191 1211 234 1245 1.
266 1206 421 1243 Jacobus
455 1208 523 1241 iste
557 1207 740 1251 apostolus
765 1211 907 1241 vocatus
935 1210 988 1241 est
1012 1205 1164 1241 Jacobus
1191 1206 1331 1251 Alphei,
1358 1208 1493 1242 scilieet

104 1273 193 1308 filius
211 1301 219 1315 ‚
252 1273 361 1308 frater
388 1271 519 1306 domini
541 1272 693 1307 Jacobus
719 1274 831 1306 minor
857 1277 891 1308 et
912 1271 1064 1307 Jacohus
1093 1272 1230 1316 justus,
1255 1271 1407 1307 Jacobus
1432 1274 1493 1308 ΑΙ-

102 1339 185 1384 phei
211 1339 339 1373 dieitur
360 1349 428 1372 non
453 1342 584 1372 tantum
609 1337 796 1372 secundum
821 1349 970 1379 earnem,
997 1336 1059 1372 sed
1085 1337 1187 1371 etiam
1214 1337 1403 1372 secundum
1430 1350 1491 1373 no-

102 1406 203 1439 minis
228 1406 564 1449 interpretationem.
615 1403 770 1448 Alpheus
806 1406 895 1438 enim
923 1406 1176 1449 interpretatur
1202 1403 1323 1437 doctus
1351 1404 1404 1438 vel
1429 1404 1490 1438 do-

100 1474 292 1506 cumentum
326 1469 382 1504 vel
416 1471 585 1515 fugitivus
623 1468 676 1503 vel
711 1469 926 1504 millesimus.
975 1470 1111 1504 Dicitur
1135 1480 1221 1514 ergo
1248 1469 1403 1504 Jaeohus
1427 1471 1488 1504 Al—

100 1536 202 1582 phei,
248 1537 330 1582 quia
365 1535 432 1570 fuit
466 1536 589 1570 doctus
633 1545 695 1580 per
726 1537 895 1569 scientiae
931 1537 1213 1579 inspirationem,
1251 1534 1488 1569 documentum

98 1614 162 1649 per
187 1603 333 1637 aliorum
360 1601 611 1642 eruditionem,
645 1601 812 1646 fugitivus
839 1601 881 1635 de
915 1601 1041 1635 mundo
1067 1612 1130 1646 per
1156 1600 1428 1644 despectionem,
1457 1606 1489 1635 et

97 1668 301 1704 millesimus
325 1678 388 1713 per
411 1666 616 1701 humilitatis
641 1668 905 1711 reputationem.
954 1666 1077 1701 Frater
1115 1666 1251 1712 quidem
1279 1666 1408 1700 domini
1435 1666 1487 1700 di-

98 1736 188 1769 citur
214 1744 256 1769 ex
284 1744 345 1776 ee,
373 1732 466 1778 quod
491 1732 685 1767 simillimus
712 1732 780 1766 sihi
808 1732 916 1767 fuisse
941 1731 1164 1777 perhibetur,
1196 1732 1284 1767 adeo
1319 1736 1356 1766 ut
1378 1733 1485 1777 pleri-

96 1811 163 1846 que
197 1801 231 1834 in
263 1809 380 1834 eorum
411 1799 530 1843 specie
565 1798 781 1833 fallerentur.
832 1798 928 1833 Unde
957 1809 1030 1832 cum
1061 1798 1187 1833 Judaei
1213 1798 1258 1832 ad
1281 1798 1484 1843 capiendum

97 1866 269 1902 Christum
295 1868 506 1910 pergerent,
533 1875 575 1899 ne
601 1864 691 1898 sorte
715 1863 883 1899 Jacobum
913 1865 946 1898 in
973 1873 1125 1908 persona
1152 1863 1284 1899 Christi
1308 1869 1484 1909 caperent,

96 1942 117 1966 a
141 1930 254 1973 Juda,
291 1931 350 1975 qui
377 1929 551 1964 Christum
585 1940 606 1964 a
637 1930 771 1966 Jacobo
807 1934 970 1975 tanquam
998 1940 1116 1964 eorum
1142 1930 1327 1964 familiaris
1356 1931 1483 1974 optime

95 1988 337 2036 discernebat,
362 1996 500 2040 signum
520 1995 630 2030 osculi
655 2000 878 2039 acceperuut.
925 1995 998 2030 Hoc
1021 1997 1123 2029 etiam
1160 1999 1311 2030 testatur
1325 1994 1484 2040 Ignatius

95 2065 129 2097 in
161 2060 314 2107 epistola
347 2059 393 2094 ad
426 2059 619 2095 Johannem
653 2060 907 2105 evangelistam
943 2062 995 2094 sio
1029 2061 1169 2094 dicens:
1204 2061 1234 2093 si
1267 2059 1397 2093 licitum
1431 2062 1483 2092 est

93 2127 177 2163 mihi
203 2125 296 2172 apud
319 2129 374 2168 te,
411 2124 457 2159 ad
482 2124 736 2159 Hierosolimae
762 2129 880 2169 partes
908 2125 986 2159 volo
1013 2124 1249 2166 adscendere,
1286 2128 1323 2158 ut
1348 2120 1482 2158 vitleam

92 2192 188 2227 illum
212 2191 447 2227 venerabilem
471 2190 650 2233 Jacohum,
677 2191 736 2236 qui
764 2192 1031 2236 cognominatur
1049 2191 1179 2235 justus,
1206 2200 1305 2235 quem
1328 2189 1482 2224 referunt

94 2257 234 2292 Christo
259 2256 344 2292 Jesu
367 2256 575 2291 simillimum
599 2255 709 2298 facie,
739 2257 812 2290 vita
846 2260 880 2291 et
916 2256 1019 2290 modo
1049 2256 1347 2298 conversationis,
1385 2266 1426 2288 ae
1451 2256 1479 2287 si

94 2322 250 2369 eJusdem
273 2322 365 2355 uteri
390 2321 499 2356 frater
525 2326 621 2357 esset
646 2322 829 2367 gemellus
880 2322 997 2365 Quem,
1024 2321 1153 2363 dicunt,
1179 2323 1209 2355 si
1237 2320 1350 2361 video,
1378 2319 1480 2353 video

94 2393 129 2424 et
160 2387 334 2422 Christum
366 2385 485 2421 Jesum
520 2386 707 2422 secundum
744 2388 860 2421 omnia
882 2389 1041 2431 corporis
1068 2386 1286 2420 lineamenta.
1335 2384 1401 2419 Vel
1428 2383 1478 2418 di·

92 2456 182 2489 citur
204 2452 314 2487 frater
340 2450 492 2492 domini,
528 2453 689 2495 quoniam
716 2451 876 2486 Christus
907 2456 941 2486 et
964 2451 1138 2493 Jacobus,
1169 2452 1261 2484 sicut
1292 2459 1312 2484 a
1344 2449 1479 2484 duabus

91 2518 275 2555 sororibus
312 2515 591 2558 descenderant,
625 2518 678 2550 sie
703 2527 724 2551 a
749 2517 885 2551 duobus
911 2515 1080 2550 fratribus
1101 2515 1236 2560 Joseph
1261 2519 1295 2550 et
1321 2514 1477 2559 cleopha

93 2584 306 2620 descendere
327 2582 550 2628 putabantur.
596 2581 673 2616 Non
698 2583 786 2616 enim
815 2580 942 2615 dicitur
968 2581 1077 2615 frater
1099 2580 1240 2622 domini,
1266 2582 1348 2626 quia
1372 2579 1475 2614 suerit

94 2649 182 2684 lilius
207 2649 339 2694 Joseph
365 2649 485 2694 sponsi
514 2646 649 2683 Mariae
679 2646 722 2682 de
747 2647 817 2681 alia
841 2656 969 2681 uxore,
1006 2647 1096 2680 sicut
1132 2645 1241 2691 aliqui
1273 2645 1393 2682 volunt
1418 2644 1472 2678 di-
