1742 3005
334 80 427 132 Cap.
458 77 607 117 LXXV.
673 78 732 116 De
766 84 896 116 sancto
929 77 1057 116 Nereo
1088 84 1126 117 et
1154 75 1337 115 Achilleo.
1451 76 1532 115 339

142 184 278 218 futurus
303 183 386 220 est?
433 182 498 218 Cui
522 181 597 218 illi:
623 184 786 229 quoniam
810 181 976 229 quamdiu
1000 185 1080 217 sunt
1103 182 1241 226 sponsi,
1266 180 1429 217 videntur
1453 192 1532 217 esse

142 249 299 295 benigni,
324 247 388 283 sed
408 250 523 284 mariti
548 248 664 284 effecti
680 248 868 284 crudeliter
888 248 1109 282 dominantur
1125 252 1159 282 et
1177 247 1367 293 aliquando
1385 248 1533 282 ancillas

143 314 348 359 praeferunt
364 314 583 356 dominabus,
604 316 714 349 omnis
733 319 846 349 autem
864 316 1032 349 sanctitas
1050 315 1181 347 amissa
1202 324 1265 358 per
1281 316 1533 359 poenitentiam

144 381 303 414 revocari
331 383 461 424 potest,
496 380 575 414 sola
591 385 705 414 autem
724 382 907 425 virginitas
934 379 978 412 ad
1004 389 1101 412 suum
1127 384 1254 413 statum
1280 382 1439 414 revocari
1467 393 1535 416 non

143 449 261 489 potest
280 448 414 488 (reatus
437 446 524 479 enim
537 446 858 489 pei-poenitentiarii
880 444 1007 487 expelli
1028 447 1156 487 potest,
1170 445 1356 488 virginitas
1374 448 1534 480 revocari

144 521 212 544 nou
232 514 376 555 potest),
406 511 440 554 ¹)
456 514 491 543 ut
512 510 557 543 ad
582 514 708 543 statum
731 511 900 553 pristinae
919 509 1117 541 sanctitatis
1145 510 1294 552 attingat
1318 514 1399 543 tunc
1414 511 1537 546 Flavia

144 574 329 609 Domicilla
343 574 492 609 credidit
512 578 545 608 et
565 576 802 619 virginitatem
823 575 915 607 vovit
934 578 967 607 et
985 583 1004 607 a
1023 578 1143 606 sancto
1156 573 1331 609 Clemente
1343 576 1457 610 velata
1471 582 1534 612 est.

147 640 245 680 Quod
271 649 422 684 sponsus
450 640 527 684 ejus
553 639 700 673 audiens
724 639 868 673 licentia
893 648 913 673 a
940 639 1134 673 Domitiano
1161 641 1347 683 impetrata
1368 643 1535 687 virginem

146 715 222 739 cum
247 705 378 738 sanctis
406 703 519 739 Nereo
546 709 581 739 et
608 704 768 739 Achilleo
795 706 827 738 in
855 704 1058 738 Pontianum
1090 705 1235 738 insulam
1260 706 1444 751 relegavit,
1472 720 1535 752 pu-

144 775 223 804 tans
250 780 289 804 se
313 780 376 815 per
401 769 466 803 hoc
493 781 599 815 posse
628 772 776 815 virginis
803 771 1018 814 propositum
1044 771 1234 805 immutare.
1283 771 1368 806 Post
1394 774 1536 819 aliquod

144 839 305 880 tempus,
349 845 424 869 cum
466 837 542 880 ipse
585 836 629 870 ad
672 837 821 870 insulam
865 837 1081 879 perrexisset
1116 841 1150 869 et
1187 837 1303 870 multis
1337 840 1536 874 muneribus

146 906 309 942 sanctos,
349 905 386 934 ut
419 902 546 946 virgini
580 901 790 944 suaderent,
834 901 1036 942 induceret,
1072 900 1275 945 hujusmodi
1307 905 1443 946 penitus
1480 915 1536 939 re—

147 970 313 1011 spuentes
349 968 462 1011 magis
500 977 575 1001 eam
609 968 644 1000 in
671 967 810 1000 domino
836 966 1093 1000 confortabant.
1145 967 1366 1012 Quapropter
1393 981 1465 1004 eum
1493 971 1536 1004 ad

147 1032 321 1066 sacrificia
346 1032 638 1077 compellerentur
661 1036 695 1066 et
719 1032 875 1067 dicerent
901 1043 938 1066 se
955 1042 975 1066 a
991 1032 1096 1066 beato
1112 1032 1214 1067 Petro
1233 1035 1395 1077 apostolo
1420 1036 1537 1079 bapti—

147 1102 246 1131 zatos
281 1097 377 1131 nulla
415 1099 552 1132 ratione
578 1108 685 1143 posse
709 1098 824 1142 §dolis
847 1098 1048 1139 immolare,
1082 1099 1198 1142 eapite
1222 1100 1317 1132 caesi
1343 1105 1422 1134 sunt
1446 1103 1539 1135 circa

148 1173 273 1198 annum
299 1163 429 1197 domini
454 1163 598 1205 LXXX,
629 1175 772 1208 quorum
792 1174 941 1207 corpora
956 1164 1059 1207 juxta
1078 1163 1297 1207 sepulchrum
1317 1164 1539 1201 Petronellae

148 1231 266 1274 posita
289 1233 378 1264 sunt.
427 1229 528 1263 Alios
554 1230 675 1270 etiam,
711 1229 847 1263 scilicet
883 1228 1116 1271 Victorinum,
1146 1228 1317 1264 Euthicen
1351 1236 1384 1265 et
1415 1232 1537 1266 Maro-

148 1305 249 1337 nem,
284 1294 409 1340 quibus
440 1294 626 1328 Domicilla
659 1294 892 1335 adhaereret,
935 1299 1108 1339 tamquam
1148 1305 1269 1328 servos
1308 1300 1382 1330 tota
1416 1297 1471 1331 die
1506 1299 1539 1332 in

149 1362 223 1394 suis
248 1360 404 1404 praediis
430 1360 593 1394 laborare
618 1359 774 1393 faciebat
799 1363 833 1393 et
858 1369 1005 1403 vespere
1031 1360 1231 1394 cantabrum
1260 1360 1303 1394 ad
1328 1362 1538 1397 manducan-

149 1425 229 1459 dum
253 1427 296 1458 iis
324 1424 441 1459 dabat.
491 1424 650 1458 Tandem
674 1424 853 1459 Euthicem
883 1425 983 1458 caedi
1003 1426 1129 1470 jussit,
1169 1437 1351 1472 quousque
1382 1430 1539 1472 spiritum

150 1491 347 1532 exhalaret,
370 1489 584 1524 Victorinum
612 1501 694 1525 vero
724 1492 757 1524 in
783 1492 883 1535 aquis
911 1490 1123 1524 foetentibus
1149 1492 1336 1533 suffocari,
1359 1492 1540 1528 Maronem

149 1567 234 1591 vero
268 1566 354 1590 saxo
392 1557 527 1601 ingenti
560 1557 709 1600 opprimi
740 1557 859 1601 jussit.
906 1554 988 1589 Cum
1023 1560 1136 1590 autem
1172 1558 1453 1594 immanissimam
1478 1572 1541 1606 pe-

149 1617 260 1665 tram,
286 1632 387 1667 quam
412 1622 471 1656 vix
493 1620 592 1655 LXX
621 1623 686 1655 viri
712 1632 851 1656 movere
876 1625 1058 1665 poterant,
1093 1631 1200 1666 super
1231 1634 1306 1658 eum
1327 1626 1539 1670 jactassent,

151 1689 228 1731 ipse
262 1686 476 1731 praedictum
504 1687 657 1731 lapidem
688 1688 724 1721 in
757 1687 920 1722 humeros
954 1697 1038 1721 suos
1067 1690 1219 1732 accepit,
1257 1695 1291 1724 et
1316 1693 1417 1736 quasi
1442 1692 1538 1727 leves

152 1753 275 1798 paleas
301 1753 346 1787 ad
373 1752 440 1786 duo
466 1752 629 1786 milliaria
653 1755 807 1798 portavit
831 1758 876 1794 et,
903 1763 977 1787 cum
1005 1753 1144 1803 plurimi
1170 1755 1424 1798 credidissent,
1459 1768 1542 1793 cou-

151 1818 280 1852 sularis
318 1828 395 1852 eum
429 1818 543 1853 occidi
576 1818 670 1855 fecit.
718 1819 803 1854 Post
832 1819 900 1853 hoe
925 1819 1137 1855 Aurelianus
1162 1819 1381 1856 Domieillam
1408 1823 1451 1857 de
1479 1834 1540 1858 ex-

153 1884 233 1919 silio
261 1882 400 1918 reduxit
426 1888 460 1918 et
479 1883 565 1918 duas
587 1886 753 1930 virgines,
779 1885 1035 1930 Euphrosinam
1055 1889 1088 1919 et
1109 1884 1347 1930 Theodoram,
1375 1889 1543 1924 collacta-

153 1959 241 1984 neas
269 1950 364 1994 qius,
398 1954 436 1983 ut
467 1950 502 1984 ei
528 1950 730 1993 suaderent,
756 1952 868 1993 misit,
908 1962 995 1996 quas
1021 1956 1135 1986 tamen
1161 1951 1348 1987 Domicilla
1374 1955 1417 1988 ad
1445 1955 1544 1990 iidem

155 2016 338 2049 convertit.
387 2013 486 2048 Tune
509 2015 721 2049 Aurelianus
750 2027 824 2050 eum
850 2019 987 2061 sponsis
1014 2017 1269 2061 praedictarum
1295 2020 1487 2062 puellarum
1513 2025 1548 2055 et

155 2080 268 2114 tribus
291 2079 550 2125 Joettlatoribus
576 2079 621 2114 ad
643 2080 859 2115 Domieillam
886 2084 990 2123 venit,
1017 2087 1054 2116 ut
1081 2083 1157 2126 ejus
1186 2085 1326 2127 nuptias
1351 2084 1548 2120 celebraret

155 2150 191 2181 et
217 2147 326 2190 ipsam
350 2146 473 2180 saltem
494 2145 667 2180 violenter
686 2147 910 2190 opprimeret.
959 2147 1029 2182 Sed
1046 2158 1119 2181 cum
1138 2147 1324 2182 Domieilla
1345 2150 1546 2193 praedictos

157 2211 244 2245 duos
275 2212 425 2256 juvenes
466 2212 719 2254 convertisset,
764 2211 976 2246 Aurelianus
1018 2212 1235 2247 Domicillam
1279 2215 1313 2248 in
1359 2215 1547 2250 thalamum

157 2276 351 2310 introduxit
388 2281 423 2311 et
454 2276 582 2311 ibidem
609 2278 730 2311 mimos
759 2288 886 2313 canere
911 2279 996 2313 fecit
1028 2283 1063 2313 et
1087 2283 1248 2313 caeteros
1275 2290 1389 2314 seeum
1417 2281 1548 2315 saltare

153 2342 286 2387 jussit,
324 2341 446 2375 volens
482 2352 557 2376 eam
590 2343 811 2388 postmodum
842 2344 988 2378 violare.
1037 2344 1108 2379 Sed
1140 2355 1214 2379 cum
1242 2345 1430 2379 deficerent
1457 2347 1550 2379 mimi

157 2405 377 2454 ill-canendo
405 2411 440 2440 et
463 2391 596 2442 caeteri
627 2410 661 2442 in
687 2409 870 2451 saltando,
908 2411 986 2453 ipse
1016 2412 1132 2444 tamen
1169 2420 1232 2453 per
1267 2409 1354 2444 duos
1381 2410 1455 2445 dies
1481 2422 1550 2446 non

157 2472 332 2513 cessavit,
380 2483 562 2518 quousque
604 2474 638 2507 in
679 2474 840 2508 saltando
877 2474 1041 2508 deficiens
1075 2476 1277 2519 exspiravit.
1326 2474 1500 2511 Luxurius
1514 2477 1549 2521 2)

157 2548 242 2572 vero
269 2536 381 2572 frater
407 2539 483 2583 ejus
508 2529 696 2582 impetrata
720 2539 864 2573 lieentia
890 2549 1030 2583 omnes,
1069 2540 1127 2584 qui
1160 2539 1405 2584 crediderant,
1440 2543 1550 2576 inter-

226 2680 254 2714 1)
276 2680 377 2708 Verba
394 2684 436 2707 ut
455 2694 485 2701 -
506 2680 679 2714 attingat
698 2678 808 2708 omittit
826 2679 872 2707 Ed
889 2682 932 2707 I’r.
1034 2681 1063 2713 2)
1082 2680 1320 2709 Luxuriosus
1340 2681 1392 2709 alii
1410 2680 1548 2709 offerunt,

1178 2733 1267 2768 22*
