1742 3005
235 48 317 88 470
529 53 625 102 Cap.
662 53 792 90 CXIII.
860 54 917 91 De
947 61 1077 91 sancto
1109 53 1324 91 Dominico.

238 165 387 199 paream,
439 155 585 195 Quidam
621 158 732 192 frater
765 159 895 199 niinor,
933 159 993 202 qui
1027 159 1134 193 multo
1166 163 1324 204 tempore
1363 160 1480 193 socius
1513 158 1625 192 saneti

238 219 415 254 Francisci
449 222 645 264 exstiterat,
688 222 847 267 pluribus
884 222 1054 257 fratribus
1095 223 1138 257 de
1179 223 1304 258 ordine
1345 223 1625 268 praedicatorum

237 285 411 318 narravit:
461 295 535 319 eum
562 285 686 320 beatus
712 286 913 322 Dominieus
937 286 1069 322 Romae
1101 297 1165 332 pro
1199 287 1459 324 confirmatione
1484 289 1539 323 sui
1567 298 1626 322 or-

239 351 329 383 dinis
357 350 450 394 apud
478 361 603 396 papam
630 353 799 396 instaret,
830 357 931 388 noete
961 363 1066 387 orans
1102 352 1188 388 vidit
1226 354 1261 387 in
1293 355 1419 398 spiritu
1454 353 1627 387 Christum

241 417 274 449 in
307 420 388 450 aere
423 418 648 452 exsistentem
681 422 716 452 et
745 422 818 453 tres
849 419 991 453 lanceas
1026 419 1061 452 in
1094 427 1196 452 manu
1232 421 1406 453 tenentem
1440 422 1475 453 et
1508 423 1630 452 contra

241 481 401 516 mundum
436 492 497 517 eas
530 483 737 519 vibrantem.
788 484 851 519 Cui
884 484 1054 519 velociter
1086 487 1197 518 mater
1227 493 1431 526 occurrens,
1467 481 1630 528 quidnam

241 547 348 582 vellet
375 547 515 591 facere,
552 550 747 595 inquisivit.
794 549 838 585 Et
864 550 944 584 ille:
982 560 1065 585 eece
1098 553 1193 583 totus
1218 548 1364 582 mundus
1396 547 1510 583 tribus
1536 548 1632 583 vitiis

241 612 366 657 plenus
391 618 465 654 est,
494 615 628 650 scilieet
652 615 840 660 superbia,
874 616 1176 660 eoncupiscentia,
1209 615 1378 657 avaritia,
1413 618 1447 650 et
1472 613 1552 648 ideo
1577 612 1633 647 his

240 678 354 713 tribus
387 678 520 714 lanceis
555 681 667 724 ipsum
705 680 785 715 volo
818 682 1004 725 perimere.
1051 680 1152 715 Tune
1187 682 1290 727 virgo
1325 679 1371 714 ad
1408 680 1484 725 eJus
1518 687 1635 724 genua

243 744 428 787 procidens
454 746 523 780 ait:
552 744 601 779 fili
625 747 828 788 carissime,
859 747 1028 780 miserere
1060 750 1094 780 et
1120 751 1213 780 tuam
1233 746 1409 791 justitiam
1432 744 1634 778 misericor-

244 810 304 844 dia.
330 815 500 856 tempera.
549 812 614 846 Cui
646 810 826 845 Christus:
870 821 985 845 nonne
1019 810 1140 853 vides,
1186 815 1338 856 quantae
1370 809 1454 844 mihi
1485 809 1636 853 injuriae

244 876 476 921 irrogantur?
525 877 588 911 Cui
612 876 692 910 illa:
716 881 893 922 tempera,
920 875 981 919 fili,
1009 875 1162 911 furorem
1189 880 1225 910 et
1251 876 1434 921 paulisper
1460 877 1637 918 exspecta,

244 942 359 976 haheo
386 943 475 977 enim
500 941 635 976 fidelem
660 952 797 976 servum
825 947 860 978 et
885 943 1039 989 pugilem
1065 946 1263 984 strenuum,
1304 942 1365 987 qui
1397 939 1529 985 ubique
1565 938 1638 972 dis-

245 1018 388 1042 currens
431 1007 591 1042 mundum
634 1008 852 1053 expugnabit
891 1014 925 1043 et
967 1013 1027 1043 tuo
1063 1007 1216 1042 dominio
1252 1005 1471 1052 subjugabit.
1524 1004 1640 1039 Alium

247 1083 386 1118 quoque
413 1083 549 1107 servum
578 1072 644 1106 sibi
673 1074 705 1106 in
732 1073 942 1118 adjutorium
968 1073 1082 1117 dabo,
1115 1074 1175 1119 qui
1199 1082 1315 1107 seeum
1342 1071 1494 1106 fideliter
1518 1070 1641 1105 decer-

247 1139 345 1173 tabit,
397 1139 461 1172 Cui
495 1137 606 1172 tilius:
640 1148 720 1173 eece
758 1139 916 1183 placatus
947 1140 1070 1174 faeiem
1099 1143 1192 1173 tuam
1221 1138 1389 1182 suscepi,
1425 1136 1488 1171 sed
1517 1135 1641 1170 vellem

248 1216 316 1250 ego
350 1204 489 1246 videre,
535 1214 622 1248 quos
649 1205 701 1238 vis
735 1204 780 1238 ad
816 1208 946 1238 tantum
977 1204 1148 1250 judicium
1192 1203 1382 1238 destinare.
1440 1201 1542 1236 Tune
1580 1200 1642 1234 illa

249 1269 388 1305 Christo
413 1273 569 1304 sanetum
596 1269 811 1303 Dominieum
838 1272 1088 1314 praesentavit.
1139 1268 1201 1304 Cui
1228 1268 1408 1302 Christus:
1433 1278 1514 1302 vere
1529 1267 1643 1301 honus

249 1340 284 1371 et
324 1339 486 1370 strenuus
530 1335 628 1380 pugil
673 1337 739 1370 iste
774 1339 808 1369 et
840 1335 997 1370 studiose
1031 1335 1158 1377 saciet,
1205 1344 1296 1380 quae
1327 1333 1459 1367 dixisti.
1509 1331 1646 1366 Obtulit

251 1403 354 1436 etiam
381 1405 538 1435 sanetum
565 1400 787 1442 Franciseum
817 1404 851 1435 et
876 1400 965 1434 hune
994 1400 1154 1434 Christus
1181 1402 1271 1435 sieut
1296 1403 1330 1434 et
1349 1399 1494 1443 primum
1513 1398 1647 1441 pariter

252 1466 516 1501 commendavit.
565 1466 713 1500 Sanetus
749 1470 862 1501 autem
895 1466 1097 1501 Dominieus
1135 1467 1267 1500 socium
1300 1474 1398 1498 suum
1434 1465 1468 1496 in
1511 1463 1646 1498 visione

252 1532 442 1577 diligenter
480 1531 730 1574 considerans,
771 1543 870 1577 quem
918 1536 999 1567 ante
1032 1543 1099 1566 uon
1138 1534 1304 1573 noverat,
1351 1531 1386 1563 in
1423 1529 1577 1563 crastino
1611 1529 1646 1562 in

255 1598 406 1632 ecelesia
431 1599 605 1631 inventum
634 1607 675 1631 ex
701 1597 776 1639 his,
805 1608 893 1643 quae
919 1603 1021 1633 noete
1047 1597 1204 1639 viderat,
1231 1598 1306 1631 sine
1332 1595 1446 1630 indice
1471 1604 1648 1640 recogno-

256 1666 305 1698 vit
329 1668 364 1698 et
388 1665 422 1697 in
446 1664 522 1708 ejus
547 1662 728 1706 amplexus
757 1667 791 1697 et
816 1664 937 1697 osenla
964 1666 1023 1708 pia
1048 1674 1150 1698 ruens
1176 1664 1242 1696 ait:
1268 1667 1304 1696 tu
1330 1671 1367 1696 es
1394 1662 1515 1695 socius
1539 1670 1649 1702 meus,

256 1736 292 1764 tu
320 1731 454 1774 pariter
482 1738 600 1762 ein-res
625 1739 773 1770 meeum,
799 1733 929 1763 stemus
955 1729 1055 1762 simul
1084 1732 1118 1762 et
1148 1728 1263 1761 nullus
1289 1726 1517 1760 adversarius
1545 1735 1648 1769 prae-

257 1795 402 1831 valebit.
449 1793 627 1829 Visionem
657 1804 795 1839 quoque
831 1793 1044 1838 praedictam
1083 1792 1150 1827 sibi
1191 1802 1254 1836 per
1285 1791 1442 1825 ordinem
1474 1791 1652 1824 enarravit

260 1866 294 1897 ct
321 1865 448 1896 extunc
476 1859 600 1893 saetam
629 1863 682 1893 est
707 1860 748 1892 iis
775 1869 836 1892 eor
860 1869 961 1892 unum
987 1863 1021 1893 et
1046 1859 1160 1891 anima
1184 1867 1253 1891 una
1278 1858 1312 1890 in
1349 1856 1499 1889 domino.
1551 1854 1651 1894 Quod

261 1933 295 1963 et
333 1928 367 1961 in
409 1926 562 1970 posteris
605 1924 857 1957 mandaverunt
897 1928 1067 1968 perpetuo
1109 1923 1306 1957 observari.
1362 1923 1445 1956 Cum
1480 1919 1651 1965 quendam

259 1993 427 2027 novitium
464 1990 614 2034 Apulum
651 1989 694 2023 ad
727 1988 884 2023 ordinem
921 1990 1138 2033 recepisset,
1187 1987 1349 2033 quidam,
1386 1986 1443 2031 qui
1481 1984 1653 2029 praedicti

260 2058 383 2092 novitii
419 2056 506 2090 socii
543 2056 702 2097 fuerant,
738 2065 814 2089 eum
848 2054 939 2089 adeo
976 2058 1241 2099 perverterunt,
1276 2052 1370 2098 quod
1404 2051 1450 2085 ad
1474 2050 1652 2085 saeculum

256 2126 330 2170 Jam
358 2122 474 2157 redire
500 2121 702 2155 deliberans
733 2124 848 2155 vestes
878 2130 961 2154 suas
988 2119 1100 2153 modis
1125 2119 1284 2153 omnibus
1307 2116 1505 2162 expetebat.
1556 2115 1655 2156 Quod

262 2190 388 2224 beatus
423 2187 622 2221 hominicus
652 2186 799 2221 audiens
832 2187 996 2220 eontinuo
1031 2186 1183 2219 orationi
1215 2194 1253 2218 se
1284 2183 1393 2218 dedit.
1442 2181 1553 2227 Igitur
1579 2190 1656 2214 eum

264 2255 392 2289 dietum
423 2255 585 2298 juvenem
611 2254 684 2297 jam
718 2252 897 2297 religiosis
934 2250 1091 2286 vestibus
1127 2249 1387 2294 exspoliassent
1421 2252 1456 2282 et
1484 2248 1558 2292 Jam
1593 2254 1657 2280 sua

266 2320 411 2354 camisia
443 2318 657 2360 induissent,
695 2318 753 2353 ille
787 2320 923 2363 magnis
957 2316 1100 2351 vocibus
1134 2315 1285 2349 clamare
1309 2315 1427 2360 coepit
1453 2323 1493 2347 ao
1520 2312 1655 2346 dicere:

269 2397 309 2421 en
335 2389 482 2427 aestuo,
519 2394 561 2418 en
597 2383 727 2426 arden,
762 2394 803 2419 en
830 2387 922 2417 totus
949 2393 1094 2423 exuror3
1131 2381 1327 2422 extrahite,
1360 2378 1533 2414 extrahite
1568 2376 1657 2410 hane

270 2453 447 2485 tamisiam
483 2449 723 2491 maledictam,
768 2459 857 2494 quae
893 2460 945 2483 me
981 2452 1088 2481 totum
1124 2449 1246 2481 exurit.
1296 2446 1399 2480 Nullo
1431 2453 1516 2489 ergo
1554 2439 1656 2475 modo

271 2517 453 2560 quiescere
479 2516 612 2559 potuit,
647 2525 829 2559 quousque
855 2519 979 2548 exutus
1006 2514 1184 2547 camisiam
1211 2512 1390 2557 religiosis
1416 2507 1571 2542 vestibus
1596 2506 1657 2540 de-

273 2592 339 2613 nuo
379 2585 431 2614 est
467 2581 606 2614 indutus
633 2585 667 2614 et
694 2579 738 2613 ad
767 2581 954 2613 claustrum
983 2578 1158 2612 reduetus.
1209 2576 1388 2611 lixistente
1414 2573 1516 2607 beato
1544 2572 1657 2606 Domi-

275 2647 350 2679 nieo
382 2643 561 2679 Bononiae
598 2657 670 2679 enm
707 2647 833 2680 iratres
866 2646 936 2689 jam
970 2643 1012 2677 ad
1042 2641 1277 2677 (loriniendam
1310 2640 1475 2681 ivissent,
1523 2636 1660 2683 quidam
