1742 3005
358 90 453 141 Cap.
484 89 622 128 XLlV.
690 90 749 128 De
779 90 957 128 cathedra
988 91 1109 127 >ancti
1140 91 1253 128 Petri.
1428 92 1500 130 tel

116 198 171 238 tri,
198 199 234 229 ut
257 193 388 241 legitur
413 195 448 228 in
472 194 631 238 Actibus,
659 194 876 229 sanabantur
899 194 1034 230 infirmi‘.
1075 194 1234 230 Secundo
1259 202 1404 241 propter
1427 199 1503 231 otii-

113 261 212 295 cium.
238 259 319 305 Ipse
344 261 433 294 enim
459 259 608 294 officium
633 260 862 304 praelationis
887 270 994 305 super
1018 262 1214 295 universam
1242 261 1422 296 ecclesiam
1439 261 1501 296 ba-

114 325 189 360 buit
212 328 247 360 et
271 325 365 368 ideo,
392 327 481 360 sicut
499 324 622 360 Petrus
645 325 713 358 suit
736 326 897 369 princeps
924 329 958 359 et
982 325 1162 370 praelatus
1186 328 1293 361 totius
1318 326 1500 370 ecclesiae,

114 401 203 437 quae
228 390 356 425 diffusa
385 394 439 425 est
462 392 496 423 in
521 390 633 424 tribus
659 389 817 434 partibus
842 389 977 432 mundi,
1018 390 1152 425 scilicet
1177 392 1284 434 Asia,
1322 393 1443 427 Africa
1468 400 1503 428 et

112 456 274 502 Europa,
300 458 351 490 ita
375 455 525 490 ecclesia
547 459 602 489 ter
625 456 658 488 in
686 464 776 488 anno
802 453 957 488 celebrat
984 454 1108 488 festum
1134 456 1221 499 ejus.
1271 456 1392 491 Tertio
1419 469 1499 503 pro-

113 525 191 567 pter
215 521 438 561 beneficium,
489 520 572 564 quia
597 520 695 563 ipse,
747 521 805 564 qui
839 523 1049 564 potestatem
1076 521 1212 564 accepit
1235 521 1369 567 ligandi
1395 527 1500 567 atque

112 586 338 628 absolvendi,
373 584 501 618 liberat
525 594 589 617 nos
616 593 637 617 a
662 583 773 618 tribus
799 584 988 630 generibus
1012 588 1251 629 peccatorum,
1282 587 1415 620 scilicet
1440 599 1498 621 co-

111 652 314 699 gitationis,
361 650 547 684 locutionis
574 652 609 683 et
635 651 869 694 operationis:
922 649 974 685 vel
1002 649 1093 694 quod
1118 651 1151 683 in
1178 650 1305 693 Deum,
1344 652 1438 696 quod
1464 654 1498 687 in

97 718 323 763 proximum,
373 713 465 760 quod
493 715 526 747 in
551 724 615 748 nos
639 716 870 759 peccavimus.
942 714 1006 750 Vel
1039 714 1132 748 istud
1157 715 1359 751 beneficium
1384 723 1501 762 potest

108 791 187 818 esse
210 780 339 826 triplex
366 779 569 814 beneficium
596 781 712 823 aliud,
749 780 842 826 quod
868 782 994 816 virtute
1020 782 1166 815 clavium
1193 787 1358 827 peccator
1381 785 1414 817 in
1441 795 1498 819 ec-

108 847 217 882 clesia
239 846 476 890 consequitur.
533 846 681 880 Primum
706 851 759 881 est
784 845 1015 880 absolutionis
1047 857 1068 881 a
1094 851 1193 882 reatu
1218 850 1394 891 ostensio,
1440 861 1495 884 se-

108 912 254 946 cundum
285 921 420 956 poenae
452 912 483 955 Ι>
509 914 737 958 purgatoriae
763 914 797 944 in
822 911 1047 957 temporalem
1068 915 1309 955 commutatio,
1359 916 1494 949 tertium

106 987 241 1023 poenae
264 977 468 1022 temporalis
493 977 677 1011 secundnm
705 981 837 1022 partein
863 977 1047 1012 relaxatio.
1075 976 1277 1023 Etpropter
1288 978 1353 1012 hoc
1368 980 1494 1025 triplex

106 1042 306 1078 beneficium
340 1047 480 1077 sanctus
508 1042 630 1077 Petrus
655 1047 707 1077 est
739 1043 924 1088 tripliciter
950 1041 1185 1078 honorandus.
1256 1044 1387 1084 Quarto
1413 1057 1494 1091 pro-

57 1097 183 1153 rupta
204 1108 376 1151 debitum,
404 1110 484 1154 quia
510 1110 597 1143 enim
622 1110 697 1153 ipse
724 1109 908 1153 tripliciter
933 1110 1031 1153 pavit
1056 1113 1090 1143 et
1114 1111 1227 1154 pascit
1248 1120 1332 1151 nos,
1361 1111 1493 1146 scilicet

104 1174 225 1216 verbo,
250 1174 408 1220 exemplo
433 1179 467 1209 et
492 1174 677 1219 temporali
704 1173 882 1216 subsidio,
910 1175 984 1208 sive
1010 1176 1178 1208 orationis
1205 1175 1387 1222 suffragio,
1414 1176 1492 1211 ideo

106 1239 322 1287 obligamur,
349 1244 386 1274 ut
411 1242 522 1285 ipsum
548 1240 734 1284 tripliciter
756 1238 976 1273 honoremus.
1049 1240 1176 1280 Quinto
1203 1245 1349 1285 propter
1373 1250 1489 1276 exem-

104 1305 217 1350 plum,
266 1310 304 1340 ut
327 1305 441 1339 nullus
466 1310 630 1350 peccator
655 1304 838 1349 desperet,
887 1306 989 1339 etiam
1019 1306 1048 1339 si
1075 1306 1201 1348 tertio,
1243 1307 1331 1339 sicut
1354 1305 1475 1341 Petrus

104 1370 210 1404 Deum
234 1372 438 1416 negaverit,
471 1371 500 1404 si
523 1374 638 1404 tamen
664 1379 740 1404 eum
765 1371 855 1403 sicut
880 1370 955 1414 ipse
982 1370 1065 1404 velit
1088 1369 1215 1412 corde,
1258 1382 1339 1414 ore,
1382 1382 1488 1417 opere

105 1436 271 1470 confiteri.
309 1435 469 1470 Secunda
495 1445 602 1470 causa
628 1436 855 1468 institutionis
881 1439 935 1469 est
960 1434 1059 1477 haec,
1087 1446 1176 1481 quae
1203 1436 1338 1480 quidem
1366 1437 1408 1472 de
1433 1439 1490 1471 iti-

103 1502 243 1534 nerario
270 1500 456 1535 Clementis
484 1504 537 1535 est
562 1504 684 1533 sumta.
721 1499 803 1533 Cum
830 1502 917 1534 enim
943 1500 1065 1534 Petrus
1093 1500 1234 1534 verbum
1261 1501 1322 1536 Dei
1349 1503 1490 1546 praedi-

102 1576 184 1600 cans
209 1564 428 1600 Antiochiam
455 1567 773 1611 appropinquaret,
824 1576 942 1600 omnes
981 1566 1022 1600 tle
1057 1568 1198 1601 civitate
1222 1567 1282 1600 illa
1308 1568 1339 1601 ei
1367 1567 1488 1602 obvia-

104 1635 226 1666 verunt
249 1631 349 1666 nudis
375 1630 522 1676 pedibus
548 1634 736 1677 pergentes
752 1658 760 1673 ,
804 1631 927 1664 ciliciis
948 1641 985 1666 se
1017 1631 1197 1666 induentes
1223 1636 1257 1667 et
1281 1637 1385 1678 caput
1411 1634 1487 1678 pul*

103 1707 182 1732 vere
207 1700 458 1743 aspergenteS,
493 1700 639 1742 agentes
665 1697 933 1740 poenitentiam,
982 1697 1072 1742 quod
1099 1701 1221 1731 contra
1247 1708 1321 1732 eum
1349 1699 1488 1743 symoni

101 1772 203 1808 mago
234 1763 504 1797 consensissent.
576 1761 701 1796 Petrus
734 1772 818 1796 vero
842 1772 959 1795 eorum
987 1763 1234 1807 poenitentiam
1259 1763 1379 1798 ridens
1405 1774 1486 1810 gra-

100 1829 167 1861 tias
194 1827 266 1862 Deo
290 1828 383 1872 egit3
434 1830 516 1861 tunc
548 1826 598 1860 illi
631 1826 831 1862 obtulerunt
865 1838 983 1862 omnes
1022 1832 1168 1862 vexatos
1196 1828 1426 1874 languoribus
1454 1834 1488 1864 ct

101 1892 326 1927 daemonibus
354 1892 545 1938 fatigatos,
594 1903 682 1938 quos
710 1902 784 1927 cum
819 1892 941 1927 Petrus
974 1897 1055 1927 ante
1089 1903 1126 1928 se
1156 1895 1237 1938 poni
1258 1895 1427 1939 jilssisset
1452 1901 1483 1928 ct

100 1968 206 2003 super
230 1968 291 1993 eos
310 1968 433 1992 nomen
460 1957 589 1992 domini
615 1959 835 2001 invocasset,
883 1961 1082 1992 immensum
1107 1958 1221 1994 lumen
1248 1959 1295 1993 ibi
1322 1961 1486 2005 apparuit

99 2027 134 2058 ct
160 2033 277 2058 omnes
302 2024 460 2068 protinus
485 2027 564 2057 sunt
590 2025 717 2066 sanati,
743 2027 920 2058 currentes
945 2028 979 2058 et
1003 2024 1200 2058 osculantes
1226 2026 1377 2070 vestigia
1403 2036 1464 2058 san

99 2089 145 2123 cti
168 2088 274 2124 Petri.
346 2087 443 2122 Tunc
475 2089 566 2122 intra
602 2091 734 2132 septem
761 2088 836 2123 dies
860 2089 938 2134 plus
965 2099 1067 2134 quam
1094 2089 1210 2124 decem
1239 2089 1345 2123 millia
1371 2088 1482 2123 homi-

101 2165 178 2188 num
195 2153 371 2200 baptisma
384 2156 624 2198 susceperunt,
650 2154 701 2187 ita
724 2157 760 2187 ut
780 2153 997 2198 Theophilus
1024 2155 1186 2199 princeps
1210 2155 1362 2188 civitatis
1387 2154 1481 2188 illius

99 2219 234 2254 domum
259 2230 356 2254 suam
382 2221 415 2252 in
443 2219 620 2253 basilicam
658 2218 779 2253 fecerit
804 2221 1001 2253 consecrari
1029 2224 1063 2254 et
1085 2218 1210 2253 ibidem
1237 2219 1339 2254 Petro
1365 2220 1479 2254 excel-

98 2294 172 2318 sam
205 2283 404 2319 cathedram
435 2284 620 2326 collocari,
677 2289 711 2318 ut
748 2284 791 2318 ah
827 2284 984 2318 omnibus
1022 2284 1198 2319 videretur
1231 2288 1265 2319 et
1290 2284 1479 2318 audiretur.

97 2349 168 2384 Nec
192 2348 284 2383 istud
308 2351 517 2384 contrarium
552 2354 605 2384 est
631 2349 708 2393 his,
759 2360 848 2394 quae
885 2351 1046 2394 superius
1080 2349 1173 2383 dieta
1205 2353 1295 2383 sunt.
1365 2348 1480 2382 Potuit

96 2416 185 2449 enim
208 2414 304 2456 fieri,
337 2413 429 2459 quod
451 2413 575 2448 Petrus
601 2425 664 2459 per
689 2416 928 2459 operationem
954 2413 1053 2448 Pauli
1077 2424 1099 2448 a
1123 2412 1321 2457 Theophilo
1345 2416 1379 2447 et
1405 2416 1479 2446 toto

97 2479 226 2524 populo
251 2478 433 2525 magnifice
458 2479 504 2512 sit
529 2482 734 2523 susceptus,
780 2478 842 2514 sed
867 2477 1052 2513 recedente
1072 2478 1176 2513 Petro
1203 2477 1330 2521 Symon
1356 2487 1479 2523 magus

94 2544 256 2589 populum
291 2545 461 2589 pervertit
492 2546 526 2578 et
558 2546 680 2577 contra
708 2543 846 2577 Petrum
877 2544 1036 2588 graviter
1069 2543 1246 2586 incitavit,
1297 2542 1479 2588 postmodo

162 2690 190 2723 l)
208 2691 329 2717 Recent.
350 2686 653 2724 sempiternalis
673 2686 782 2718 legunt.
