1742 3005
252 96 335 136 908
540 97 636 145 Cap.
660 95 794 132 CCtX.
856 96 913 132 De
943 104 1072 133 sancta
1100 97 1356 147 Kuneguude.

255 209 372 235 semper
390 199 514 230 sugeret,
533 198 585 225 illa
603 198 701 226 voluit
719 207 785 227 esse
805 209 976 235 suppressa,
994 204 1046 228 aut
1064 199 1195 228 incuriae
1212 200 1367 228 hominum
1385 209 1438 228 seu
1461 200 1644 228 revolt-noni

254 251 439 278 temporum,
474 251 537 269 non
562 242 694 270 defectui
719 244 927 279 deputandum
952 245 1106 275 virtutum.
1158 244 1243 272 Unde
1270 243 1360 270 etiam
1378 248 1478 271 tantae
1496 244 1646 279 majestati

254 288 376 321 indigua
394 287 546 315 scribendi
564 288 662 316 minor
679 289 803 316 materia
820 289 894 323 suit,
918 299 1014 325 pauca
1032 295 1150 322 tamen,
1177 298 1253 323 quae
1277 287 1308 315 in
1333 287 1455 322 scriptis
1480 289 1647 324 reperimus

255 333 305 362 vel
323 332 457 361 veridica
477 333 765 367 sanctimonialium,
792 334 846 361 ubi
863 334 916 362 illa
934 343 990 369 pro
1011 334 1128 362 Christo
1147 333 1315 366 militabat,
1341 332 1487 360 relatione
1506 332 1647 366 cognovi·

256 387 335 410 mus,
354 378 403 404 hic
420 377 551 404 inserere
570 377 692 411 dignum
712 379 861 406 duximus.
899 382 970 407 Cum
988 378 1221 414 post'orationis
1239 377 1441 412 frequentiam
1453 377 1531 404 inter
1543 377 1648 404 lectio-

257 424 303 451 nis
322 423 533 451 lassitudinem
551 423 660 450 ancilla
680 423 787 451 Christi
805 424 836 451 iu
853 424 933 452 lecto
952 433 1012 451 non
1030 424 1142 459 plumis
1166 427 1335 456 exstructo,
1359 422 1414 450 sed
1437 421 1536 449 cilicio
1555 425 1649 448 strato

258 469 392 496 membra
412 476 521 503 sopore
540 473 661 500 gravata
680 468 861 502 remisisset,
887 469 990 504 puella
1016 478 1116 502 sacra,
1142 478 1217 502 qnae
1243 468 1281 495 de
1307 476 1389 495 more
1414 466 1461 494 illi
1487 466 1651 498 assidebat,

260 522 360 540 sacros
380 513 500 540 codices
519 513 636 546 legens,
664 523 732 540 cum
757 513 820 541 sere
845 514 885 540 ad
910 513 1043 541 medium
1068 513 1166 540 noctis
1185 512 1345 540 lectionem
1364 513 1554 546 extenderet,
1580 512 1652 539 cali·

260 563 364 590 gantes
383 557 486 585 oculos
506 557 613 586 clausit
631 559 791 592 lumenque
811 568 826 585 e
845 558 983 585 manibus
1003 558 1139 593 elapsum
1158 558 1261 593 paleas
1280 557 1445 592 corripiens
1472 558 1519 585 sui
1535 557 1653 590 fragore

262 603 505 637 circumjacentes
532 612 650 631 sorores
678 603 838 636 excitavit,
872 603 1001 630 clamore
1037 607 1067 629 et
1093 611 1240 630 concussu
1264 602 1344 629 sacto
1371 602 1457 635 virgo
1483 602 1590 630 Christi
1615 602 1654 629 de

263 656 368 675 somno
388 656 530 679 excussa,
549 647 621 674 dum
640 648 838 675 colluctantes
857 647 935 674 inter
954 657 985 674 se
1004 647 1139 675 flammas
1159 648 1236 675 circa
1255 657 1287 675 se
1306 648 1437 682 aspexit„
1453 648 1492 674 ad
1510 647 1653 675 orationis

263 701 343 718 arma
362 701 394 719 se
414 692 563 719 convertit
582 697 611 718 et
631 692 716 724 signo
734 692 829 719 crucis
849 692 1040 719 adustionem
1057 692 1141 720 illam
1159 694 1274 727 absque
1293 692 1375 720 omui
1389 694 1510 719 suarum
1522 692 1655 719 laesione

262 736 393 763 vestium
419 735 538 763 avertit.
573 739 638 763 Tua
664 737 754 769 haec,
781 736 912 769 Christe,
943 744 1051 770 opera,
1082 736 1132 769 qni
1155 738 1396 772 Babylonensem
1420 746 1519 769 regem
1544 737 1574 763 in
1600 745 1655 764 suo

263 780 362 807 surore
381 780 545 808 confudisti
564 785 593 807 et
610 780 794 815 Babylonios
813 781 912 812 ignes,
936 784 969 806 ut
991 779 1078 814 pueri
1104 781 1147 807 tui
1165 781 1330 809 liberentur
1348 781 1455 810 illaesi.
1491 782 1581 808 Aliud
1599 781 1657 808 mi—

264 826 396 852 raculum
413 830 475 852 tam
493 824 674 858 timendum,
694 835 783 859 quam
801 824 971 852 mirandum
988 824 1058 851 huic
1076 824 1190 860 placuit
1209 825 1414 857 subscribere,
1437 824 1466 851 in
1487 834 1545 859 quo
1565 825 1657 852 animi

263 870 346 897 illius
371 869 568 898 constantiam
594 875 624 898 et
646 870 751 903 rigoris
778 869 971 897 severitatem
998 869 1115 897 discere
1138 870 1262 905 poteris.
1298 869 1410 896 Habuit
1428 878 1528 896 secum
1546 870 1658 898 sororis

266 924 337 941 suae
361 914 473 947 filiam,
498 912 611 942 Juttam
634 916 772 948 nomine,
806 924 894 948 quam
921 924 938 941 a
962 913 1068 948 primis
1094 915 1179 942 annis
1207 914 1364 942 educatam
1390 914 1471 941 omni
1498 914 1659 949 disciplina

265 958 462 986 saecularium
480 967 599 992 quoque
616 959 782 986 litterarum
801 958 927 986 scientia
945 958 1135 989 instruxerat.
1171 963 1252 987 Haec
1269 963 1459 986 materteram
1478 967 1539 986 non
1559 959 1659 986 minus

266 1003 420 1036 religionis
439 1014 527 1038 quam
546 1003 717 1031 dilectionis
737 1012 838 1031 amore
863 1003 893 1030 in
911 1004 1094 1031 monasterio
1113 1009 1216 1032 secuta
1235 1008 1265 1031 et
1284 1008 1458 1031 consecrata
1475 1003 1543 1030 fuit.
1578 1007 1661 1030 Hauc

268 1050 299 1075 in
317 1048 457 1076 omnibus
475 1048 565 1082 plene
584 1048 776 1081 instructam,
802 1052 834 1074 ut
861 1049 924 1082 ejus
948 1047 979 1074 in
1006 1049 1210 1083 orationibus,
1236 1049 1351 1082 vigiliis
1370 1059 1404 1077 ac
1421 1048 1541 1084 jejuniis
1559 1057 1661 1083 perse-

267 1093 435 1120 verantiam
454 1097 483 1118 et
503 1101 519 1118 a
539 1092 661 1120 domino
680 1093 858 1128 patientiam
875 1093 1046 1129 perspexit,
1066 1093 1199 1121 omnium
1219 1104 1345 1122 assensuv
1362 1098 1393 1121 et
1411 1098 1516 1126 rogatu
1534 1093 1662 1128 primam

268 1138 300 1164 in
318 1138 386 1172 ipso
406 1137 554 1163 coenobio
574 1146 640 1164 eam
658 1137 845 1164 abbatissam
863 1137 1018 1172 praefecit.
1055 1141 1127 1165 Cum
1151 1139 1237 1173 virgo
1264 1144 1359 1167 mater
1382 1138 1476 1166 filiam
1495 1137 1663 1172 suscipiens

267 1184 350 1217 juxta
377 1182 642 1209 commonitionem
672 1187 805 1210 sanctam
830 1181 1005 1216 jamdudum
1023 1181 1157 1210 habitam
1175 1183 1421 1219 praecedentium
1440 1187 1558 1219 patrum
1576 1192 1663 1218 repe-

268 1232 335 1254 tens
354 1227 488 1261 alloquia
506 1231 609 1254 monet
627 1227 665 1254 ob
686 1227 792 1254 salutis
811 1225 951 1254 affectum
968 1226 1054 1253 utilia
1073 1236 1107 1254 ac
1124 1231 1189 1255 Deo
1207 1228 1318 1263 placita
1346 1238 1436 1263 saepe
1461 1228 1579 1260 dicere,
1602 1227 1663 1254 fre-

269 1276 395 1305 quenter
420 1272 540 1304 andire,
572 1272 677 1299 solitas
712 1272 847 1304 religiosi
879 1271 996 1298 itineris
1022 1271 1088 1299 vias
1116 1281 1177 1300 non
1204 1273 1358 1306 deserere,
1390 1273 1484 1305 magis
1508 1272 1664 1306 magisque

270 1326 403 1344 errorum
430 1317 520 1344 devia
544 1321 573 1344 et
599 1317 722 1350 dyaboli
745 1317 860 1345 calcare
884 1317 1034 1350 figmenta.
1070 1317 1188 1344 Nullam
1214 1317 1275 1344 luci
1300 1327 1335 1345 ac
1359 1317 1509 1350 tenebris,
1542 1317 1664 1345 veritati

271 1367 361 1396 atque
379 1362 554 1395 mendacio,
580 1362 762 1398 turpitudini
780 1367 869 1396 atque
889 1362 1015 1394 egestati
1040 1362 1123 1398 apud
1140 1362 1196 1390 Dei
1214 1370 1320 1390 servos
1339 1362 1427 1389 decet
1445 1371 1511 1390 esse
1531 1371 1664 1389 commu-

270 1406 404 1439 nionem,
430 1406 559 1434 sollicite
578 1417 700 1440 cavere,
725 1416 764 1434 ne
781 1417 860 1435 vana
879 1407 1023 1434 sectando
1049 1407 1200 1435 desineret
1226 1416 1292 1435 esse
1315 1407 1462 1442 templum
1487 1407 1556 1440 Dei,
1579 1407 1663 1434 fieret

268 1451 417 1478 habitatio
437 1449 746 1486 tenebrarumsfieret
765 1453 919 1480 daemonis
938 1457 1181 1485 monumentum,
1207 1451 1321 1480 lumina
1340 1461 1393 1480 sua
1411 1451 1440 1478 in
1460 1452 1515 1479 Dei
1534 1451 1663 1485 defigere

271 1501 436 1531 aspectum,
472 1498 658 1531 Primamque
678 1498 765 1526 docet
783 1498 900 1531 facere,
925 1502 958 1524 ut
982 1497 1112 1525 fructum
1132 1495 1286 1524 doctrinae
1306 1506 1376 1525 suae
1395 1497 1462 1532 ipsa
1480 1497 1510 1524 in
1528 1497 1582 1524 illo
1600 1501 1664 1524 Deo

272 1541 435 1575 adjuvante
461 1543 559 1577 possit
583 1543 728 1573 invenIre.
764 1547 844 1572 Haec
871 1548 900 1571 et
924 1543 1098 1578 hujusmodi
1133 1543 1239 1570 iterum
1272 1546 1361 1576 atque
1394 1542 1503 1569 iterum
1529 1546 1665 1569 materno

273 1586 374 1613 studio
393 1587 420 1613 ei
440 1586 592 1614 inculcans
612 1588 696 1621 quasi
715 1588 745 1615 in
765 1589 904 1616 omnibus
922 1590 982 1623 jam
1001 1588 1166 1623 perfectam
1185 1593 1213 1615 et
1228 1588 1324 1623 ipsam
1341 1587 1511 1619 magistram
1529 1586 1667 1615 venerari

273 1631 381 1666 coepit.
417 1631 472 1658 llla
492 1632 545 1658 ubi
563 1632 593 1659 in
611 1637 725 1660 matura
746 1633 884 1660 libertate
904 1633 1003 1668 posita
1028 1637 1088 1665 est,
1114 1633 1259 1667 paulatim
1285 1642 1301 1659 a
1325 1632 1421 1664 rigore
1448 1640 1501 1659 suo
1527 1632 1665 1665 delicere,

272 1675 427 1703 meliorem
451 1677 579 1710 cultum,
607 1678 763 1706 lautiorem
791 1679 907 1711 cibum,
940 1678 1083 1705 vitiorum
1111 1677 1254 1704 alimenta
1280 1676 1469 1709 desiderare,
1503 1677 1610 1704 ultima
1636 1677 1665 1704 in

273 1721 379 1753 choro,
406 1721 500 1756 prima
529 1722 559 1748 in
578 1723 735 1756 convivio,
761 1723 929 1758 puellarum
956 1722 1068 1750 fabulis
1095 1723 1239 1749 interesse
1265 1722 1342 1749 etin
1362 1722 1502 1749 omnibus
1522 1721 1616 1748 laxius
1634 1730 1667 1747 se

275 1774 361 1797 agere
381 1766 491 1801 coepit.
529 1771 582 1793 Pro
602 1768 773 1802 hujusmodi
801 1767 976 1795 levitatibus
1003 1768 1073 1794 dum
1093 1777 1157 1794 eam
1177 1771 1279 1794 sancta
1297 1766 1352 1793 Dei
1372 1765 1513 1801 privatim
1540 1766 1617 1792 inter
1635 1774 1666 1792 se

276 1809 396 1843 publice
416 1819 515 1838 coram
535 1812 675 1840 omnibns
694 1818 846 1845 argueret,
873 1813 994 1848 saepius
1013 1813 1197 1844 obsecraret,
1223 1812 1407 1846 increparet,
1434 1819 1488 1837 nec
1513 1810 1564 1837 illa
1583 1810 1667 1837 velut

275 1859 452 1881 materterae
479 1856 647 1891 patrocinio
674 1862 723 1884 aut
748 1856 951 1884 familiaritate
976 1865 1054 1883 vane
1081 1856 1192 1883 confisa
1227 1855 1408 1882 emendarat.
1451 1854 1585 1889 Quadam
1618 1855 1667 1881 die

276 1908 341 1925 cuin
363 1900 428 1933 ipsa
448 1909 513 1926 cuni
533 1906 684 1928 conventu
703 1910 817 1928 crucem
838 1903 926 1934 (nam
946 1901 1011 1927 dies
1039 1900 1206 1927 dominicus
1233 1900 1312 1933 erat)
1337 1899 1485 1931 sequitur,
1512 1899 1665 1926 abbatissa

276 1943 386 1975 defuit,
414 1953 503 1976 quam
531 1943 581 1970 illa
602 1945 755 1978 inquirens
775 1950 803 1971 et
823 1946 982 1980 ejulantem
1003 1955 1068 1972 cum
1088 1944 1208 1973 coaevis
1227 1944 1257 1971 in
1276 1943 1412 1971 conclavi
1430 1944 1581 1978 reperiens
1600 1944 1668 1971 zelo

273 1987 395 2022 pietatis
421 1992 533 2014 armata
557 1998 623 2016 cuin
650 1990 744 2016 verbo
771 1989 968 2024 correptionis
994 1989 1098 2017 dextra
1122 1989 1275 2016 maxillam
1301 1990 1363 2023 ejus
1390 1988 1554 2023 percussit,
1591 1999 1667 2023 quae

275 2032 359 2066 quasi
379 2032 509 2063 sigillum
529 2033 682 2067 quoddam
703 2032 828 2060 sormam
848 2033 1010 2065 digitorum
1030 2034 1155 2069 accepit,
1175 2043 1232 2067 qua
1252 2033 1333 2060 omni
1352 2037 1487 2067 tempore
1501 2033 1582 2060 vitae
1597 2042 1668 2060 suae

275 2085 333 2103 non
353 2077 457 2103 carnit.
493 2079 536 2102 ne
556 2085 614 2110 quo
634 2076 773 2104 nimirum
792 2077 877 2107 factos
891 2082 1025 2111 constat,
1054 2078 1122 2112 quia
1148 2087 1207 2106 non
1234 2082 1296 2105 tam
1320 2086 1376 2113 pro
1395 2086 1444 2110 se,
1470 2077 1524 2105 sed
1542 2077 1669 2105 aliorum

275 2121 486 2148 emendatione
509 2121 566 2148 lioc
589 2122 727 2157 pertulit,
761 2127 793 2149 ut
818 2124 904 2157 hujus
930 2123 1009 2151 visio
1036 2123 1104 2150 aliis
1129 2123 1287 2158 proficeret
1314 2127 1343 2150 et
1369 2122 1408 2149 ad
1431 2122 1563 2149 melioris
1588 2121 1669 2149 vitae

275 2171 385 2193 statum
405 2176 421 2193 a
439 2165 522 2193 vitiis
542 2166 603 2194 suis
622 2171 818 2200 retorqueret.
855 2171 941 2195 Forte
967 2172 994 2194 et
1024 2167 1102 2194 illud
1125 2167 1346 2195 detractoribus
1363 2166 1536 2194 fabulosum
1556 2171 1584 2193 et
1603 2166 1671 2193 infi-

275 2211 395 2237 delibus
413 2210 518 2237 videre
537 2211 660 2238 visibile
678 2211 851 2246 putabitur,
877 2213 959 2246 quod
978 2212 1168 2240 sanctitatem
1191 2212 1288 2245 illins,
1316 2222 1405 2245 quam
1430 2210 1524 2244 gratia
1549 2211 1670 2238 humili-

276 2255 346 2282 tatis
365 2255 431 2289 ipsa
452 2255 588 2283 homines
609 2256 701 2283 latere
720 2257 832 2289 voluit,
860 2257 1008 2285 elementa
1028 2257 1199 2290 loquuntur.
1234 2256 1370 2290 Denique
1389 2265 1456 2283 cum
1474 2259 1545 2290 post
1563 2255 1668 2283 lectio-

278 2310 345 2327 nem
364 2299 514 2332 euangelii
533 2309 586 2327 suo
606 2301 744 2328 sollemni
765 2302 855 2329 modo
875 2302 914 2328 ad
934 2302 1027 2329 altare
1047 2302 1247 2330 sacrificatura
1263 2301 1427 2333 accederet,
1447 2301 1550 2327 (lextra
1564 2310 1670 2327 manus

279 2355 349 2373 snae
376 2345 577 2372 chirothecam
604 2345 781 2378 detrahens,
810 2355 876 2373 cum
896 2347 1010 2379 nullus,
1037 2347 1087 2380 qni
1111 2345 1274 2380 reciperet,
1300 2347 1434 2378 adesset,
1462 2355 1477 2373 a
1502 2355 1533 2373 sc
1559 2345 1670 2380 rejecit.

280 2393 376 2425 Onam
396 2390 496 2417 radius
517 2390 590 2416 solis
609 2400 663 2424 per
681 2390 830 2418 svumstrne
849 2391 973 2417 rimulas
992 2392 1105 2418 intrans
1124 2391 1257 2425 suscepit
1282 2395 1312 2417 ct
1337 2390 1452 2418 tamdiu
1471 2391 1557 2424 quasi
1574 2390 1669 2417 famu-

281 2435 370 2461 lando
390 2434 546 2467 sustinuit,
574 2435 670 2462 donec
695 2435 747 2462 illa
774 2440 843 2469 post
870 2435 1049 2463 sacrificium
1075 2436 1195 2463 rediens
1214 2445 1278 2462 eam
1297 2435 1453 2470 reciperet.
1489 2435 1562 2462 Tale
1581 2435 1669 2462 etiam

280 2480 353 2513 qnid
380 2479 409 2506 in
436 2479 517 2506 beati
541 2483 627 2506 veste
654 2480 758 2507 Goaris
785 2480 947 2513 aliquando
973 2480 1077 2507 divina
1101 2480 1213 2507 virtute
1240 2485 1393 2508 ostensum
1426 2479 1520 2508 fnisse
1553 2479 1669 2511 legitur.

282 2525 339 2559 Qui
363 2524 433 2551 dum
459 2534 475 2550 a
503 2524 575 2551 sede
598 2524 701 2551 rustici
727 2525 916 2552 Trevirensis
943 2525 1094 2560 pontilicis
1119 2525 1301 2560 despicitur,
1335 2535 1351 2552 a
1378 2534 1492 2553 sum-ma
1515 2525 1670 2558 majestate

284 2579 335 2603 por
362 2569 481 2603 majoris
508 2569 661 2596 luminaris
686 2569 862 2597 famulatum
886 2571 1058 2598 honoratur.
1095 2569 1234 2597 Omnium
1261 2569 1361 2604 itaque
1388 2579 1482 2604 capax
1501 2573 1562 2596 erat
1582 2568 1669 2594 meri-

283 2619 396 2646 torum,
422 2624 496 2648 qnae
522 2615 651 2648 jndicem
679 2619 852 2642 cunctorum
878 2614 985 2642 meruit
1004 2615 1114 2641 habere
1133 2614 1287 2643 virtutum.
1324 2614 1500 2650 Quindecim
1518 2611 1548 2639 in
1568 2617 1670 2639 sancto

285 2660 441 2692 proposito
461 2659 626 2694 supervixit
647 2668 750 2693 annos,
771 2664 829 2687 tam
849 2659 1026 2687 humilitatis
1045 2659 1137 2692 gratia
1157 2669 1245 2694 cpiam
1264 2667 1318 2694 pro
1336 2657 1488 2690 religionis
1503 2657 1670 2684 reverentia

286 2702 423 2729 omnibus
449 2703 634 2732 admiranda.
670 2704 806 2732 'rnndom
832 2713 886 2740 pro
913 2704 1003 2733 nimia
1030 2703 1211 2732 abstinentia
1231 2703 1365 2732 ciborum
1383 2701 1526 2730 orationis
1545 2706 1575 2729 et
1592 2701 1669 2734 vigi·
