1742 3005
251 134 304 170 ss&
458 132 553 180 Cap.
592 129 655 166 ΧΙ.
723 129 781 166 De
812 134 941 164 saneto
972 126 1124 163 Thoma
1155 124 1426 162 cantuariensi.

253 238 407 282 Septimo
434 236 542 281 igitur
573 243 663 267 anno
698 233 751 266 sui
783 231 899 266 exsilii
926 230 1040 265 redire
1066 229 1266 264 conceditur
1295 233 1327 263 et
1362 238 1383 262 a
1408 228 1539 262 mulctis
1564 237 1636 261 cum

255 304 386 337 honore
404 300 603 343 suscipitur.
630 317 671 323 ν-
696 300 737 333 2.
758 296 825 331 Per
844 295 982 340 aliquos
996 295 1070 329 dies
1091 299 1170 329 ante
1191 296 1266 340 ejus
1287 295 1477 328 martirium
1498 294 1639 338 juvenis

255 368 393 413 quidam
417 365 459 398 de
483 373 631 408 corpore
656 363 774 396 exiens
802 365 835 395 et
858 360 1077 406 postmodum
1110 359 1317 393 miraculose
1342 358 1479 393 rediens
1507 357 1638 402 aJebat.

257 433 349 479 quml
382 440 492 475 usque
525 428 570 462 ad
601 438 795 473 supremum
832 430 1029 460 sanctorum
1064 425 1219 459 ordinem
1254 424 1375 457 ductus
1404 423 1467 456 suit
1492 428 1526 457 et
1550 425 1640 457 inter

256 498 437 545 apostolos
463 494 580 529 sedem
607 493 779 538 quandam
806 502 947 525 vacuam
974 491 1080 525 vidit:
1125 491 1364 535 percunctanti
1390 493 1516 530 autem,
1542 489 1640 533 cujus

257 570 349 601 esset
372 563 459 598 haec
485 560 608 601 sedes,
635 558 781 603 angelus
808 557 1007 602 respondit,
1036 556 1128 601 quod
1153 556 1289 589 cuidam
1314 565 1440 601 magno
1468 554 1641 588 sacerdoti

257 632 447 677 Anglorum
484 625 703 661 servabatur.
776 623 950 657 Sacerdos
999 622 1138 667 quidam
1174 623 1313 655 missam
1349 620 1391 655 de
1426 620 1531 655 beata
1572 622 1635 654 vir-

259 700 339 741 gine
365 691 568 729 celebrabat
593 689 760 735 quotidie,
787 691 844 733 qui
871 688 1135 732 archiepiscopo
1165 691 1361 729 accusatus,
1388 687 1431 721 ab
1459 698 1499 721 eo
1525 696 1643 721 accer—

258 765 344 796 situs
378 763 412 793 et
442 762 617 801 tamquam
651 754 772 798 ydiota
805 757 837 787 et
870 754 999 787 inscius
1033 753 1077 786 ab
1111 752 1225 786 officio
1251 752 1484 796 suspenditur.
1561 752 1642 786 Cum

260 831 372 861 autem
405 824 529 857 beatus
565 820 719 854 Thomas
743 818 891 851 cilicium
917 828 1012 851 suum
1047 828 1148 851 suere
1188 816 1352 859 deberet,
1403 822 1436 851 et
1464 818 1527 851 sub
1554 818 1644 852 lecto

260 897 369 938 ipsum
396 886 651 925 abscondisset,
675 888 710 917 ut
737 883 781 917 ad
805 882 1037 917 consuendum
1064 882 1182 916 horam
1210 887 1371 927 aptaret,
1398 882 1503 917 beata
1529 882 1644 918 Maria

260 955 434 993 sacerdoti
467 951 630 997 apparuit
664 949 803 984 dicens:
852 948 940 983 vade
979 948 1023 982 ad
1057 948 1360 993 archiepiscopum
1398 950 1500 994 eique
1535 948 1644 989 dicas,

262 1022 354 1069 quod
381 1020 463 1061 illa,
492 1017 535 1051 ob
559 1017 658 1061 cujits
684 1026 834 1050 amorem
859 1016 984 1048 missas
1010 1014 1165 1055 dicebas,
1194 1015 1269 1059 ejus
1291 1014 1451 1056 cilicium,
1478 1014 1569 1059 quod
1594 1018 1648 1049 est

262 1092 295 1122 in
319 1088 383 1122 tali
406 1086 498 1126 loco⁷
523 1083 671 1123 consuit,
700 1085 733 1115 et
758 1085 868 1115 setam
891 1080 1046 1121 rubeam,
1075 1080 1116 1113 de
1144 1090 1211 1124 qua
1236 1079 1321 1113 illud
1346 1081 1493 1121 consuit,
1520 1079 1646 1113 ibidem

264 1153 416 1198 ffquuit,
463 1148 527 1183 Illa
552 1149 659 1193 igitur
685 1146 751 1181 sibi
780 1148 895 1189 mittit,
921 1145 1013 1191 quod
1040 1145 1268 1187 interdictmn,
1297 1145 1389 1191 quod
1413 1145 1476 1179 tibi
1503 1146 1647 1187 fecerat,

265 1219 391 1254 debeat
417 1215 590 1250 relaxare.
663 1213 762 1254 Quod
784 1213 842 1247 ille
870 1211 1015 1246 audiens
1043 1214 1077 1245 et
1099 1212 1148 1244 ita
1173 1212 1350 1245 inveniens
1378 1213 1510 1256 stupuit
1535 1214 1569 1246 et
1596 1212 1647 1244 in-

267 1284 447 1319 terdictum
473 1280 635 1314 relaxans
662 1278 878 1313 sacerdotem
903 1277 968 1311 boc
994 1280 1160 1311 secretum
1186 1276 1317 1311 babere
1342 1278 1534 1321 praecepit.
1580 1276 1649 1311 De—-

268 1349 400 1390 tendit,
450 1351 487 1380 ut
513 1347 627 1390 prius,
673 1346 756 1389 jura
782 1343 951 1378 ecclesiae
980 1352 1042 1376 nec
1065 1352 1084 1374 a
1114 1352 1197 1387 rege
1224 1342 1374 1376 flectitur
1395 1344 1429 1376 vi
1455 1343 1508 1377 vel
1534 1352 1649 1388 prece.

268 1417 351 1450 Cum
377 1423 462 1458 ergo
489 1411 685 1444 nullatenus
712 1409 803 1444 necti
828 1412 962 1454 posset,
989 1417 1067 1442 eece
1092 1408 1218 1441 milites
1243 1409 1338 1453 regis
1364 1410 1487 1442 armati
1511 1410 1650 1443 veniunt

267 1485 301 1514 et
328 1479 386 1513 ubi
409 1476 693 1521 archiepiscopus
720 1477 777 1513 sit,
804 1472 1029 1508 vociferando
1054 1474 1241 1518 inquirunt.
1295 1473 1427 1513 Quibus
1449 1474 1509 1509 ille
1533 1484 1652 1508 oecur-

271 1555 348 1579 rens
375 1544 480 1576 dixit:
515 1552 594 1576 ecce
620 1552 709 1587 ego,
748 1540 831 1585 quid
858 1540 991 1574 vultis?
1038 1538 1082 1572 Et
1108 1538 1179 1571 illi:
1205 1541 1380 1581 venimus,
1408 1543 1444 1573 ut
1468 1538 1652 1579 occidaris,

270 1615 304 1645 et
328 1609 421 1643 ultra
446 1609 562 1641 vivere
590 1617 657 1640 non
683 1605 829 1639 valebis.
889 1604 1020 1644 Quibus
1048 1604 1106 1637 ille
1136 1603 1241 1637 dixit:
1284 1616 1351 1650 ego
1379 1616 1441 1649 pro
1468 1604 1540 1639 Deo
1568 1607 1653 1638 mori

271 1678 414 1721 paratus
446 1684 518 1706 sum
558 1676 590 1706 et
622 1682 685 1716 pro
720 1670 924 1705 defensione
951 1671 1113 1715 justitiae
1140 1673 1173 1703 et
1199 1669 1369 1704 ecclesiae
1393 1669 1567 1704 libertate.
1616 1671 1653 1703 Si

271 1743 377 1787 igitur
402 1750 452 1773 me
479 1739 666 1783 quaeritis,
719 1747 760 1771 ex
786 1740 886 1780 parte
911 1735 975 1770 Dei
1011 1736 1256 1779 omnipotentis
1284 1740 1318 1770 et
1344 1735 1407 1769 sub
1435 1735 1655 1770 anathemate

272 1805 455 1851 prohibeo,
481 1815 521 1838 ne
550 1803 668 1837 horum
695 1803 854 1847 cuiquam
875 1802 1094 1846 aliquatenus
1122 1803 1290 1843 noceatis,
1318 1802 1392 1836 lleo
1417 1805 1543 1844 autem,
1570 1801 1655 1837 hea-

273 1878 330 1906 tae
357 1871 494 1906 Mariae
528 1872 562 1903 et
587 1870 715 1902 sanctis
750 1867 908 1901 omnibus
935 1871 968 1901 et
994 1867 1098 1901 beato
1124 1866 1290 1911 Dyonisio
1317 1877 1458 1900 causam
1485 1868 1656 1902 ecclesiae

275 1942 307 1972 et
335 1948 386 1971 me
411 1938 521 1980 ipsum
547 1934 759 1969 commendo.
835 1933 966 1973 Quibus
1001 1932 1102 1966 dictis
1136 1932 1369 1973 venerandum
1398 1936 1502 1977 caput
1527 1933 1657 1978 gladiis

276 2005 455 2048 impiorum
482 2002 678 2044 impetitur,
706 2009 808 2033 sacra
833 2000 958 2043 capitis
985 2008 1114 2032 corona
1139 1997 1370 2042 praeciditur,
1396 1997 1574 2032 cerebrum
1596 2009 1660 2043 per

274 2068 445 2103 ecclesiae
470 2067 701 2110 pavimentum
727 2065 943 2110 dispergitur
969 2067 1003 2098 et
1028 2064 1147 2097 martir
1172 2063 1308 2097 domino
1329 2067 1553 2098 consecratur
1567 2074 1658 2098 anno

273 2134 400 2167 domini
426 2131 608 2165 millesimo
635 2130 820 2165 CLXXIV.
847 2150 891 2155 —
915 2150 959 2154 —
984 2144 1028 2154 —*
1053 2133 1098 2166 3.
1124 2130 1209 2163 Dum
1236 2130 1344 2175 igitur
1366 2129 1483 2163 clerici
1505 2130 1659 2174 requiem

275 2204 449 2232 aeternam
477 2198 667 2241 inciperent
693 2201 725 2230 et
751 2206 813 2240 pro
843 2189 884 2229 eo
911 2196 1051 2228 missam
1077 2199 1224 2240 agerent
1250 2194 1500 2235 defunctorum,
1529 2194 1659 2235 subito,

275 2268 309 2297 ut
337 2265 446 2307 ajunt,
473 2262 676 2307 angelornm
703 2261 800 2293 chori
826 2260 1006 2294 adstantes
1033 2270 1135 2294 voces
1160 2260 1372 2293 cantantium
1397 2260 1660 2304 interrumpunt,

278 2329 428 2361 martiris
463 2327 600 2360 missam
635 2327 823 2370 incipiunt,
874 2324 1063 2359 laetabitur
1083 2326 1200 2370 justus
1227 2326 1259 2358 in
1286 2324 1445 2367 domino,
1478 2326 1663 2359 concinunt.

278 2398 312 2428 et
335 2393 465 2426 caeteri
490 2391 607 2425 cleriei
633 2395 901 2436 prosequuntur.
941 2389 1033 2424 llaec
1051 2394 1104 2425 est
1128 2401 1211 2425 vera
1224 2392 1369 2424 mutatio
1384 2391 1504 2426 dextre
1518 2391 1661 2432 excelsi,

279 2458 354 2491 dum
381 2460 502 2491 cantus
529 2458 699 2490 moeroris
727 2457 872 2490 vertitur
896 2457 929 2489 in
950 2457 1119 2490 canticum
1146 2456 1273 2498 laudis,
1299 2466 1373 2490 cum
1398 2456 1506 2497 illum,
1533 2455 1662 2490 cuide-

281 2524 471 2556 snnctorum
495 2522 666 2567 suffragia
691 2520 941 2555 inchoaverant
975 2523 1165 2565 martirum,
1195 2521 1411 2566 postmodum
1433 2521 1565 2567 hymnis
1588 2521 1663 2554 lau-

280 2587 374 2621 dant.
400 2587 536 2621 Revera
548 2588 672 2620 eximia
684 2586 1127 2631 corripi-ebatursanctitate
1147 2587 1327 2632 praeditus
1347 2590 1380 2621 et
1390 2587 1511 2620 martir
1537 2585 1665 2619 domini

280 2653 469 2697 gloriosus,
498 2663 595 2697 quem
623 2656 718 2686 tanto
746 2653 877 2687 honore
899 2653 1015 2698 angeli
1043 2655 1298 2697 praevenerunt
1316 2655 1662 2685 etsanctorummar-

280 2715 378 2748 tirum
407 2713 512 2747 choro
550 2715 821 2761 adscripsermit.
870 2717 1000 2752 Passus
1035 2722 1087 2751 est
1119 2721 1231 2752 autem
1259 2721 1399 2750 sanctus
1426 2718 1491 2751 iste
1519 2728 1580 2761 pro
1608 2726 1664 2751 ec-
