<?xml version="1.0" encoding="UTF-8"?>
<!DOCTYPE html PUBLIC "-//W3C//DTD XHTML 1.0 Transitional//EN"
    "http://www.w3.org/TR/xhtml1/DTD/xhtml1-transitional.dtd">
<html xmlns="http://www.w3.org/1999/xhtml" xml:lang="en" lang="en">
 <head>
  <title>
</title>
<meta http-equiv="Content-Type" content="text/html;charset=utf-8" />
  <meta name='ocr-system' content='tesseract 3.04.00' />
  <meta name='ocr-capabilities' content='ocr_page ocr_carea ocr_par ocr_line ocrx_word'/>
</head>
<body>
  <div class='ocr_page' id='page_1' title='image "./legendaaureavulg00jacouoft_0651.png"; bbox 0 0 1742 3005; ppageno 0'>
   <div class='ocr_carea' id='block_1_1' title="bbox 139 78 1454 130">
    <p class='ocr_par' dir='ltr' id='par_1_1' title="bbox 139 78 1454 130">
     <span class='ocr_line' id='line_1_1' title="bbox 139 78 1454 130; baseline -0.001 -13"><span class='ocrx_word' id='word_1_1' title='bbox 139 82 234 130; x_wconf 88' lang='lat' dir='ltr'>Cap.</span> <span class='ocrx_word' id='word_1_2' title='bbox 265 79 508 117; x_wconf 75' lang='lat' dir='ltr'>CXXXVIII.</span> <span class='ocrx_word' id='word_1_3' title='bbox 572 79 631 116; x_wconf 87' lang='lat' dir='ltr'>De</span> <span class='ocrx_word' id='word_1_4' title='bbox 662 85 795 115; x_wconf 78' lang='lat' dir='ltr'>sancto</span> <span class='ocrx_word' id='word_1_5' title='bbox 825 78 1001 115; x_wconf 78' lang='lat' dir='ltr'>Jolianne</span> <span class='ocrx_word' id='word_1_6' title='bbox 1033 78 1319 126; x_wconf 78' lang='lat' dir='ltr'>Chrysostom0.</span> <span class='ocrx_word' id='word_1_7' title='bbox 1377 78 1454 117; x_wconf 79' lang='lat'>611</span> 
     </span>
    </p>
   </div>
   <div class='ocr_carea' id='block_1_2' title="bbox 64 182 1461 1400">
    <p class='ocr_par' dir='ltr' id='par_1_2' title="bbox 64 182 1461 1400">
     <span class='ocr_line' id='line_1_2' title="bbox 68 182 1459 229; baseline -0.001 -9"><span class='ocrx_word' id='word_1_8' title='bbox 68 185 125 220; x_wconf 87' lang='lat' dir='ltr'>Ad</span> <span class='ocrx_word' id='word_1_9' title='bbox 151 184 239 219; x_wconf 86' lang='lat' dir='ltr'>hanc</span> <span class='ocrx_word' id='word_1_10' title='bbox 267 194 387 220; x_wconf 82' lang='lat' dir='ltr'>vocem</span> <span class='ocrx_word' id='word_1_11' title='bbox 413 185 573 229; x_wconf 87' lang='lat' dir='ltr'>protinus</span> <span class='ocrx_word' id='word_1_12' title='bbox 599 183 659 217; x_wconf 91' lang='lat' dir='ltr'>illa</span> <span class='ocrx_word' id='word_1_13' title='bbox 685 183 914 229; x_wconf 85' lang='lat' dir='ltr'>malignorum</span> <span class='ocrx_word' id='word_1_14' title='bbox 941 182 1045 218; x_wconf 89' lang='lat' dir='ltr'>turba</span> <span class='ocrx_word' id='word_1_15' title='bbox 1066 183 1243 228; x_wconf 76' lang='lat' dir='ltr'>disparuit</span> <span class='ocrx_word' id='word_1_16' title='bbox 1263 185 1459 229; x_wconf 80' lang='lat' dir='ltr'><strong>spirituum,</strong></span> 
     </span>
     <span class='ocr_line' id='line_1_3' title="bbox 67 248 1459 295; baseline 0 -9"><span class='ocrx_word' id='word_1_17' title='bbox 67 250 224 287; x_wconf 86' lang='lat' dir='ltr'>Judaeus</span> <span class='ocrx_word' id='word_1_18' title='bbox 252 255 366 286; x_wconf 90' lang='lat' dir='ltr'>autem</span> <span class='ocrx_word' id='word_1_19' title='bbox 393 251 550 284; x_wconf 88' lang='lat' dir='ltr'>concitus</span> <span class='ocrx_word' id='word_1_20' title='bbox 577 248 620 283; x_wconf 88' lang='lat' dir='ltr'>ad</span> <span class='ocrx_word' id='word_1_21' title='bbox 648 250 849 294; x_wconf 88' lang='lat' dir='ltr'>episcopum</span> <span class='ocrx_word' id='word_1_22' title='bbox 877 251 971 283; x_wconf 81' lang='lat' dir='ltr'>venit</span> <span class='ocrx_word' id='word_1_23' title='bbox 1005 253 1040 284; x_wconf 89' lang='lat' dir='ltr'>et</span> <span class='ocrx_word' id='word_1_24' title='bbox 1073 250 1105 284; x_wconf 88' lang='lat' dir='ltr'>ei</span> <span class='ocrx_word' id='word_1_25' title='bbox 1132 251 1246 284; x_wconf 90' lang='lat' dir='ltr'>omnia</span> <span class='ocrx_word' id='word_1_26' title='bbox 1272 261 1336 295; x_wconf 88' lang='lat' dir='ltr'>per</span> <span class='ocrx_word' id='word_1_27' title='bbox 1362 251 1459 286; x_wconf 89' lang='lat' dir='ltr'>ordi-</span> 
     </span>
     <span class='ocr_line' id='line_1_4' title="bbox 67 314 1458 360; baseline -0.001 -8"><span class='ocrx_word' id='word_1_28' title='bbox 67 328 143 352; x_wconf 87' lang='lat' dir='ltr'>nem</span> <span class='ocrx_word' id='word_1_29' title='bbox 174 317 363 351; x_wconf 79' lang='lat' dir='ltr'>enarravit.</span> <span class='ocrx_word' id='word_1_30' title='bbox 414 315 513 355; x_wconf 82' lang='lat' dir='ltr'>Quod</span> <span class='ocrx_word' id='word_1_31' title='bbox 546 315 606 350; x_wconf 85' lang='lat' dir='ltr'>ille</span> <span class='ocrx_word' id='word_1_32' title='bbox 639 314 787 349; x_wconf 86' lang='lat' dir='ltr'>audiens</span> <span class='ocrx_word' id='word_1_33' title='bbox 824 315 1046 349; x_wconf 74' lang='lat' dir='ltr'>veliementer</span> <span class='ocrx_word' id='word_1_34' title='bbox 1071 317 1238 360; x_wconf 78' lang='lat' dir='ltr'>ingemuit</span> <span class='ocrx_word' id='word_1_35' title='bbox 1265 320 1300 350; x_wconf 90' lang='lat' dir='ltr'>et</span> <span class='ocrx_word' id='word_1_36' title='bbox 1326 327 1458 352; x_wconf 90' lang='lat' dir='ltr'>omnem</span> 
     </span>
     <span class='ocr_line' id='line_1_5' title="bbox 68 380 1461 426; baseline -0.001 -9"><span class='ocrx_word' id='word_1_37' title='bbox 68 383 246 418; x_wconf 80' lang='lat' dir='ltr'>mulierem</span> <span class='ocrx_word' id='word_1_38' title='bbox 266 392 286 416; x_wconf 91' lang='lat' dir='ltr'>a</span> <span class='ocrx_word' id='word_1_39' title='bbox 306 382 407 416; x_wconf 89' lang='lat' dir='ltr'>domo</span> <span class='ocrx_word' id='word_1_40' title='bbox 426 391 489 415; x_wconf 89' lang='lat' dir='ltr'>sua</span> <span class='ocrx_word' id='word_1_41' title='bbox 505 383 663 426; x_wconf 85' lang='lat' dir='ltr'>protinus</span> <span class='ocrx_word' id='word_1_42' title='bbox 688 382 834 415; x_wconf 87' lang='lat' dir='ltr'>removit</span> <span class='ocrx_word' id='word_1_43' title='bbox 851 385 884 414; x_wconf 88' lang='lat' dir='ltr'>et</span> <span class='ocrx_word' id='word_1_44' title='bbox 900 380 1072 414; x_wconf 78' lang='lat' dir='ltr'>Judaeum</span> <span class='ocrx_word' id='word_1_45' title='bbox 1093 380 1295 424; x_wconf 69' lang='lat' dir='ltr'>baptizavit.</span> <span class='ocrx_word' id='word_1_46' title='bbox 1309 401 1461 408; x_wconf 81' lang='lat'>———</span> 
     </span>
     <span class='ocr_line' id='line_1_6' title="bbox 69 444 1457 493; baseline -0.001 -10"><span class='ocrx_word' id='word_1_47' title='bbox 69 452 120 487; x_wconf 72' lang='grc'>6.</span> <span class='ocrx_word' id='word_1_48' title='bbox 144 448 267 483; x_wconf 77' lang='lat' dir='ltr'>Refert</span> <span class='ocrx_word' id='word_1_49' title='bbox 292 457 430 493; x_wconf 85' lang='lat' dir='ltr'>quoque</span> <span class='ocrx_word' id='word_1_50' title='bbox 458 445 649 491; x_wconf 78' lang='lat' dir='ltr'><strong>Gregorius</strong></span> <span class='ocrx_word' id='word_1_51' title='bbox 678 447 710 478; x_wconf 92' lang='lat' dir='ltr'>in</span> <span class='ocrx_word' id='word_1_52' title='bbox 742 445 834 478; x_wconf 90' lang='lat' dir='ltr'>libro</span> <span class='ocrx_word' id='word_1_53' title='bbox 871 444 1122 489; x_wconf 60' lang='lat' dir='ltr'>dyalogorum,</span> <span class='ocrx_word' id='word_1_54' title='bbox 1160 446 1253 489; x_wconf 88' lang='lat' dir='ltr'>quod</span> <span class='ocrx_word' id='word_1_55' title='bbox 1289 448 1457 491; x_wconf 80' lang='lat' dir='ltr'>quaedam</span> 
     </span>
     <span class='ocr_line' id='line_1_7' title="bbox 67 510 1460 556; baseline -0.003 -7"><span class='ocrx_word' id='word_1_56' title='bbox 67 513 345 548; x_wconf 75' lang='lat' dir='ltr'>sanctimonialis</span> <span class='ocrx_word' id='word_1_57' title='bbox 370 512 506 546; x_wconf 89' lang='lat' dir='ltr'>hortum</span> <span class='ocrx_word' id='word_1_58' title='bbox 533 510 735 555; x_wconf 85' lang='lat' dir='ltr'>ingrediens</span> <span class='ocrx_word' id='word_1_59' title='bbox 765 514 798 543; x_wconf 90' lang='lat' dir='ltr'>et</span> <span class='ocrx_word' id='word_1_60' title='bbox 823 510 994 543; x_wconf 77' lang='lat' dir='ltr'>lactucam</span> <span class='ocrx_word' id='word_1_61' title='bbox 1016 511 1237 554; x_wconf 78' lang='lat' dir='ltr'>conspiciens</span> <span class='ocrx_word' id='word_1_62' title='bbox 1259 514 1460 556; x_wconf 70' lang='lat' dir='ltr'>concupivit</span> 
     </span>
     <span class='ocr_line' id='line_1_8' title="bbox 68 574 1459 624; baseline -0.002 -10"><span class='ocrx_word' id='word_1_63' title='bbox 68 589 213 624; x_wconf 86' lang='lat' dir='ltr'>eamque</span> <span class='ocrx_word' id='word_1_64' title='bbox 239 580 341 623; x_wconf 84' lang='lat' dir='ltr'>signo</span> <span class='ocrx_word' id='word_1_65' title='bbox 369 578 480 610; x_wconf 88' lang='lat' dir='ltr'>crucis</span> <span class='ocrx_word' id='word_1_66' title='bbox 506 576 715 610; x_wconf 90' lang='lat' dir='ltr'>benedicere</span> <span class='ocrx_word' id='word_1_67' title='bbox 741 574 853 608; x_wconf 85' lang='lat' dir='ltr'>oblita</span> <span class='ocrx_word' id='word_1_68' title='bbox 880 576 982 609; x_wconf 76' lang='lat' dir='ltr'>avide</span> <span class='ocrx_word' id='word_1_69' title='bbox 1009 576 1205 617; x_wconf 81' lang='lat' dir='ltr'>momordit,</span> <span class='ocrx_word' id='word_1_70' title='bbox 1235 576 1297 610; x_wconf 88' lang='lat' dir='ltr'>sed</span> <span class='ocrx_word' id='word_1_71' title='bbox 1316 582 1459 622; x_wconf 84' lang='lat' dir='ltr'>arrepta</span> 
     </span>
     <span class='ocr_line' id='line_1_9' title="bbox 67 640 1457 688; baseline -0.001 -9"><span class='ocrx_word' id='word_1_72' title='bbox 67 655 89 679; x_wconf 90' lang='lat' dir='ltr'>a</span> <span class='ocrx_word' id='word_1_73' title='bbox 115 643 263 688; x_wconf 64' lang='lat' dir='ltr'>dyabolo</span> <span class='ocrx_word' id='word_1_74' title='bbox 289 644 448 687; x_wconf 81' lang='lat' dir='ltr'>protinus</span> <span class='ocrx_word' id='word_1_75' title='bbox 475 641 612 676; x_wconf 91' lang='lat' dir='ltr'>cecidit.</span> <span class='ocrx_word' id='word_1_76' title='bbox 664 641 746 674; x_wconf 74' lang='lat' dir='ltr'>(lum</span> <span class='ocrx_word' id='word_1_77' title='bbox 772 645 885 675; x_wconf 88' lang='lat' dir='ltr'>autem</span> <span class='ocrx_word' id='word_1_78' title='bbox 912 641 1037 675; x_wconf 87' lang='lat' dir='ltr'>beatus</span> <span class='ocrx_word' id='word_1_79' title='bbox 1070 640 1279 687; x_wconf 84' lang='lat' dir='ltr'>¹)Equitius</span> <span class='ocrx_word' id='word_1_80' title='bbox 1313 643 1356 677; x_wconf 88' lang='lat' dir='ltr'>ad</span> <span class='ocrx_word' id='word_1_81' title='bbox 1384 654 1457 678; x_wconf 88' lang='lat' dir='ltr'>eam</span> 
     </span>
     <span class='ocr_line' id='line_1_10' title="bbox 65 707 1458 755; baseline -0.001 -11"><span class='ocrx_word' id='word_1_82' title='bbox 65 710 232 751; x_wconf 78' lang='lat' dir='ltr'>venisset,</span> <span class='ocrx_word' id='word_1_83' title='bbox 258 707 431 753; x_wconf 68' lang='lat' dir='ltr'>dyabolus</span> <span class='ocrx_word' id='word_1_84' title='bbox 450 707 601 741; x_wconf 79' lang='lat' dir='ltr'>clamare</span> <span class='ocrx_word' id='word_1_85' title='bbox 619 709 735 751; x_wconf 80' lang='lat' dir='ltr'>coepit</span> <span class='ocrx_word' id='word_1_86' title='bbox 755 717 795 741; x_wconf 87' lang='lat' dir='ltr'>ac</span> <span class='ocrx_word' id='word_1_87' title='bbox 814 707 952 741; x_wconf 85' lang='lat' dir='ltr'>dicere:</span> <span class='ocrx_word' id='word_1_88' title='bbox 975 718 1042 753; x_wconf 84' lang='lat' dir='ltr'>ego</span> <span class='ocrx_word' id='word_1_89' title='bbox 1065 707 1144 752; x_wconf 89' lang='lat' dir='ltr'>quid</span> <span class='ocrx_word' id='word_1_90' title='bbox 1165 707 1259 742; x_wconf 76' lang='lat' dir='ltr'>seci‘?</span> <span class='ocrx_word' id='word_1_91' title='bbox 1285 719 1352 754; x_wconf 87' lang='lat' dir='ltr'>ego</span> <span class='ocrx_word' id='word_1_92' title='bbox 1375 710 1458 755; x_wconf 83' lang='lat' dir='ltr'>quid</span> 
     </span>
     <span class='ocr_line' id='line_1_11' title="bbox 82 773 1457 817; baseline -0.001 -7"><span class='ocrx_word' id='word_1_93' title='bbox 82 775 160 810; x_wconf 67' lang='lat' dir='ltr'>eci?</span> <span class='ocrx_word' id='word_1_94' title='bbox 203 773 378 809; x_wconf 83' lang='lat' dir='ltr'>Sedebam</span> <span class='ocrx_word' id='word_1_95' title='bbox 403 773 459 807; x_wconf 83' lang='lat' dir='ltr'>liic</span> <span class='ocrx_word' id='word_1_96' title='bbox 485 783 590 817; x_wconf 85' lang='lat' dir='ltr'>super</span> <span class='ocrx_word' id='word_1_97' title='bbox 614 773 796 814; x_wconf 79' lang='lat' dir='ltr'>lactucam,</span> <span class='ocrx_word' id='word_1_98' title='bbox 824 773 886 806; x_wconf 84' lang='lat' dir='ltr'>illa</span> <span class='ocrx_word' id='word_1_99' title='bbox 905 775 997 807; x_wconf 73' lang='lat' dir='ltr'>venit</span> <span class='ocrx_word' id='word_1_100' title='bbox 1020 777 1053 807; x_wconf 91' lang='lat' dir='ltr'>et</span> <span class='ocrx_word' id='word_1_101' title='bbox 1078 773 1264 807; x_wconf 79' lang='lat' dir='ltr'>momordit</span> <span class='ocrx_word' id='word_1_102' title='bbox 1290 785 1353 809; x_wconf 90' lang='lat' dir='ltr'>me.</span> <span class='ocrx_word' id='word_1_103' title='bbox 1402 775 1457 809; x_wconf 81' lang='lat' dir='ltr'>Ad</span> 
     </span>
     <span class='ocr_line' id='line_1_12' title="bbox 64 838 1459 885; baseline 0 -11"><span class='ocrx_word' id='word_1_104' title='bbox 64 841 245 885; x_wconf 86' lang='lat' dir='ltr'>imperium</span> <span class='ocrx_word' id='word_1_105' title='bbox 264 844 378 874; x_wconf 87' lang='lat' dir='ltr'>autem</span> <span class='ocrx_word' id='word_1_106' title='bbox 398 838 568 884; x_wconf 75' lang='lat' dir='ltr'>praedicti</span> <span class='ocrx_word' id='word_1_107' title='bbox 595 840 660 872; x_wconf 73' lang='lat' dir='ltr'>viri</span> <span class='ocrx_word' id='word_1_108' title='bbox 679 849 757 873; x_wconf 83' lang='lat' dir='ltr'>mox</span> <span class='ocrx_word' id='word_1_109' title='bbox 778 838 821 872; x_wconf 91' lang='lat' dir='ltr'>de</span> <span class='ocrx_word' id='word_1_110' title='bbox 842 849 883 873; x_wconf 88' lang='lat' dir='ltr'>ea</span> <span class='ocrx_word' id='word_1_111' title='bbox 900 840 1017 873; x_wconf 75' lang='lat' dir='ltr'>exivit.</span> <span class='ocrx_word' id='word_1_112' title='bbox 1037 859 1082 864; x_wconf 79' lang='lat'>—</span> <span class='ocrx_word' id='word_1_113' title='bbox 1097 860 1141 865; x_wconf 89' lang='lat'>—-</span> <span class='ocrx_word' id='word_1_114' title='bbox 1160 857 1202 864; x_wconf 91' lang='lat'><strong>—</strong></span> <span class='ocrx_word' id='word_1_115' title='bbox 1239 842 1281 876; x_wconf 60' lang='grc' dir='ltr'>ἲ.</span> <span class='ocrx_word' id='word_1_116' title='bbox 1308 840 1459 885; x_wconf 78' lang='lat' dir='ltr'>Legitur</span> 
     </span>
     <span class='ocr_line' id='line_1_13' title="bbox 64 903 1455 950; baseline -0.001 -11"><span class='ocrx_word' id='word_1_117' title='bbox 64 907 98 939; x_wconf 91' lang='lat' dir='ltr'>in</span> <span class='ocrx_word' id='word_1_118' title='bbox 127 905 286 950; x_wconf 63' lang='lat' dir='ltr'>hystoria</span> <span class='ocrx_word' id='word_1_119' title='bbox 313 906 554 940; x_wconf 86' lang='lat' dir='ltr'>ecclesiastica</span> <span class='ocrx_word' id='word_1_120' title='bbox 580 904 670 938; x_wconf 89' lang='lat' dir='ltr'>libro</span> <span class='ocrx_word' id='word_1_121' title='bbox 696 903 778 945; x_wconf 78' lang='lat' dir='ltr'>XL,</span> <span class='ocrx_word' id='word_1_122' title='bbox 814 903 908 949; x_wconf 88' lang='lat' dir='ltr'>quod</span> <span class='ocrx_word' id='word_1_123' title='bbox 942 905 1093 949; x_wconf 79' lang='lat' dir='ltr'>gentiles</span> <span class='ocrx_word' id='word_1_124' title='bbox 1120 915 1183 949; x_wconf 90' lang='lat' dir='ltr'>per</span> <span class='ocrx_word' id='word_1_125' title='bbox 1206 904 1455 939; x_wconf 80' lang='lat' dir='ltr'>Alexandriam</span> 
     </span>
     <span class='ocr_line' id='line_1_14' title="bbox 65 969 1455 1016; baseline 0 -11"><span class='ocrx_word' id='word_1_126' title='bbox 65 981 162 1005; x_wconf 84' lang='lat' dir='ltr'>arina</span> <span class='ocrx_word' id='word_1_127' title='bbox 187 970 332 1016; x_wconf 82' lang='lat' dir='ltr'>Serapis</span> <span class='ocrx_word' id='word_1_128' title='bbox 360 973 395 1005; x_wconf 86' lang='lat' dir='ltr'>in</span> <span class='ocrx_word' id='word_1_129' title='bbox 422 970 614 1016; x_wconf 86' lang='lat' dir='ltr'>parietibus</span> <span class='ocrx_word' id='word_1_130' title='bbox 642 969 893 1013; x_wconf 80' lang='lat' dir='ltr'>depinxerant,</span> <span class='ocrx_word' id='word_1_131' title='bbox 928 969 1157 1004; x_wconf 88' lang='lat' dir='ltr'>Theodosius</span> <span class='ocrx_word' id='word_1_132' title='bbox 1184 981 1268 1005; x_wconf 79' lang='lat' dir='ltr'>vero</span> <span class='ocrx_word' id='word_1_133' title='bbox 1296 971 1367 1005; x_wconf 90' lang='lat' dir='ltr'>illis</span> <span class='ocrx_word' id='word_1_134' title='bbox 1393 970 1455 1006; x_wconf 91' lang='lat' dir='ltr'>de-</span> 
     </span>
     <span class='ocr_line' id='line_1_15' title="bbox 64 1034 1457 1082; baseline 0.001 -12"><span class='ocrx_word' id='word_1_135' title='bbox 64 1036 145 1071; x_wconf 83' lang='lat' dir='ltr'>letis</span> <span class='ocrx_word' id='word_1_136' title='bbox 171 1038 308 1082; x_wconf 86' lang='lat' dir='ltr'>signum</span> <span class='ocrx_word' id='word_1_137' title='bbox 336 1038 448 1071; x_wconf 86' lang='lat' dir='ltr'>crucis</span> <span class='ocrx_word' id='word_1_138' title='bbox 475 1036 617 1081; x_wconf 82' lang='lat' dir='ltr'>depingi</span> <span class='ocrx_word' id='word_1_139' title='bbox 643 1034 832 1069; x_wconf 76' lang='lat' dir='ltr'>mandavit.</span> <span class='ocrx_word' id='word_1_140' title='bbox 884 1036 958 1075; x_wconf 87' lang='lat' dir='ltr'>Quo</span> <span class='ocrx_word' id='word_1_141' title='bbox 993 1038 1068 1070; x_wconf 85' lang='lat' dir='ltr'>viso</span> <span class='ocrx_word' id='word_1_142' title='bbox 1100 1037 1251 1082; x_wconf 81' lang='lat' dir='ltr'>gentiles</span> <span class='ocrx_word' id='word_1_143' title='bbox 1278 1041 1312 1071; x_wconf 84' lang='lat' dir='ltr'>et</span> <span class='ocrx_word' id='word_1_144' title='bbox 1337 1047 1457 1071; x_wconf 89' lang='lat' dir='ltr'>sacer-</span> 
     </span>
     <span class='ocr_line' id='line_1_16' title="bbox 65 1096 1454 1147; baseline 0 -11"><span class='ocrx_word' id='word_1_145' title='bbox 65 1102 166 1136; x_wconf 85' lang='lat' dir='ltr'>dotes</span> <span class='ocrx_word' id='word_1_146' title='bbox 189 1102 370 1147; x_wconf 68' lang='lat' dir='ltr'>5dolorum</span> <span class='ocrx_word' id='word_1_147' title='bbox 395 1101 567 1147; x_wconf 87' lang='lat' dir='ltr'>baptizati</span> <span class='ocrx_word' id='word_1_148' title='bbox 593 1106 673 1136; x_wconf 91' lang='lat' dir='ltr'>sunt</span> <span class='ocrx_word' id='word_1_149' title='bbox 700 1101 877 1143; x_wconf 89' lang='lat' dir='ltr'>dicentes,</span> <span class='ocrx_word' id='word_1_150' title='bbox 913 1101 1077 1135; x_wconf 90' lang='lat' dir='ltr'>traditum</span> <span class='ocrx_word' id='word_1_151' title='bbox 1108 1113 1188 1136; x_wconf 88' lang='lat' dir='ltr'>esse</span> <span class='ocrx_word' id='word_1_152' title='bbox 1217 1103 1262 1136; x_wconf 87' lang='lat' dir='ltr'>ab</span> <span class='ocrx_word' id='word_1_153' title='bbox 1288 1096 1454 1147; x_wconf 87' lang='lat' dir='ltr'>antiquis,</span> 
     </span>
     <span class='ocr_line' id='line_1_17' title="bbox 64 1166 1454 1213; baseline 0 -11"><span class='ocrx_word' id='word_1_154' title='bbox 64 1167 157 1213; x_wconf 87' lang='lat' dir='ltr'>quod</span> <span class='ocrx_word' id='word_1_155' title='bbox 185 1177 246 1210; x_wconf 85' lang='lat' dir='ltr'>ea,</span> <span class='ocrx_word' id='word_1_156' title='bbox 281 1178 370 1213; x_wconf 87' lang='lat' dir='ltr'>quae</span> <span class='ocrx_word' id='word_1_157' title='bbox 395 1167 580 1209; x_wconf 86' lang='lat' dir='ltr'>colebant,</span> <span class='ocrx_word' id='word_1_158' title='bbox 615 1171 772 1209; x_wconf 86' lang='lat' dir='ltr'>starent,</span> <span class='ocrx_word' id='word_1_159' title='bbox 807 1166 920 1201; x_wconf 91' lang='lat' dir='ltr'>donec</span> <span class='ocrx_word' id='word_1_160' title='bbox 951 1168 1087 1201; x_wconf 75' lang='lat' dir='ltr'>veniret</span> <span class='ocrx_word' id='word_1_161' title='bbox 1112 1169 1248 1213; x_wconf 82' lang='lat' dir='ltr'>signum</span> <span class='ocrx_word' id='word_1_162' title='bbox 1276 1167 1385 1210; x_wconf 85' lang='lat' dir='ltr'>illud,</span> <span class='ocrx_word' id='word_1_163' title='bbox 1419 1170 1454 1202; x_wconf 93' lang='lat' dir='ltr'>in</span> 
     </span>
     <span class='ocr_line' id='line_1_18' title="bbox 64 1232 1453 1279; baseline 0.001 -12"><span class='ocrx_word' id='word_1_164' title='bbox 64 1244 132 1279; x_wconf 87' lang='lat' dir='ltr'>quo</span> <span class='ocrx_word' id='word_1_165' title='bbox 168 1236 223 1268; x_wconf 87' lang='lat' dir='ltr'>est</span> <span class='ocrx_word' id='word_1_166' title='bbox 252 1234 338 1268; x_wconf 83' lang='lat' dir='ltr'>vita.</span> <span class='ocrx_word' id='word_1_167' title='bbox 387 1232 564 1273; x_wconf 82' lang='lat' dir='ltr'>Quaedam</span> <span class='ocrx_word' id='word_1_168' title='bbox 600 1236 681 1266; x_wconf 89' lang='lat' dir='ltr'>tunc</span> <span class='ocrx_word' id='word_1_169' title='bbox 706 1232 810 1266; x_wconf 88' lang='lat' dir='ltr'>litera</span> <span class='ocrx_word' id='word_1_170' title='bbox 836 1232 928 1277; x_wconf 87' lang='lat' dir='ltr'>apud</span> <span class='ocrx_word' id='word_1_171' title='bbox 958 1232 1063 1275; x_wconf 92' lang='lat' dir='ltr'>illos,</span> <span class='ocrx_word' id='word_1_172' title='bbox 1101 1244 1201 1278; x_wconf 85' lang='lat' dir='ltr'>quam</span> <span class='ocrx_word' id='word_1_173' title='bbox 1230 1244 1364 1268; x_wconf 77' lang='lat' dir='ltr'>sarram</span> <span class='ocrx_word' id='word_1_174' title='bbox 1391 1243 1453 1268; x_wconf 88' lang='lat' dir='ltr'>vo-</span> 
     </span>
     <span class='ocr_line' id='line_1_19' title="bbox 65 1298 1453 1344; baseline 0 -11"><span class='ocrx_word' id='word_1_175' title='bbox 65 1298 211 1342; x_wconf 85' lang='lat' dir='ltr'>cabant,</span> <span class='ocrx_word' id='word_1_176' title='bbox 246 1298 403 1334; x_wconf 87' lang='lat' dir='ltr'>habebat</span> <span class='ocrx_word' id='word_1_177' title='bbox 428 1298 571 1333; x_wconf 80' lang='lat' dir='ltr'>sormam</span> <span class='ocrx_word' id='word_1_178' title='bbox 602 1298 736 1340; x_wconf 88' lang='lat' dir='ltr'>crucis,</span> <span class='ocrx_word' id='word_1_179' title='bbox 773 1308 874 1342; x_wconf 88' lang='lat' dir='ltr'>quam</span> <span class='ocrx_word' id='word_1_180' title='bbox 911 1298 1077 1333; x_wconf 86' lang='lat' dir='ltr'>dicebant</span> <span class='ocrx_word' id='word_1_181' title='bbox 1102 1300 1328 1344; x_wconf 88' lang='lat' dir='ltr'>interpretari</span> <span class='ocrx_word' id='word_1_182' title='bbox 1350 1301 1453 1334; x_wconf 82' lang='lat' dir='ltr'>vitain</span> 
     </span>
     <span class='ocr_line' id='line_1_20' title="bbox 65 1364 226 1400; baseline -0.006 0"><span class='ocrx_word' id='word_1_183' title='bbox 65 1364 226 1400; x_wconf 80' lang='lat' dir='ltr'>suturam.</span> 
     </span>
    </p>
   </div>
   <div class='ocr_carea' id='block_1_3' title="bbox 448 1686 1071 1750">
    <p class='ocr_par' dir='ltr' id='par_1_3' title="bbox 448 1686 1071 1750">
     <span class='ocr_line' id='line_1_21' title="bbox 448 1686 1071 1750; baseline 0.002 -2"><span class='ocrx_word' id='word_1_184' title='bbox 448 1687 573 1748; x_wconf 74' lang='lat' dir='ltr'>cAP.</span> <span class='ocrx_word' id='word_1_185' title='bbox 609 1686 881 1748; x_wconf 77' lang='lat' dir='ltr'>cxxxvlii.</span> <span class='ocrx_word' id='word_1_186' title='bbox 927 1686 1071 1750; x_wconf 83' lang='lat'>(131.)</span> 
     </span>
    </p>
   </div>
   <div class='ocr_carea' id='block_1_4' title="bbox 158 1787 1351 1848">
    <p class='ocr_par' dir='ltr' id='par_1_4' title="bbox 158 1787 1351 1848">
     <span class='ocr_line' id='line_1_22' title="bbox 158 1787 1351 1848; baseline -0.003 -16"><span class='ocrx_word' id='word_1_187' title='bbox 158 1788 258 1832; x_wconf 78' lang='lat' dir='ltr'>De</span> <span class='ocrx_word' id='word_1_188' title='bbox 286 1787 516 1848; x_wconf 21' lang='lat' dir='ltr'>,saneto</span> <span class='ocrx_word' id='word_1_189' title='bbox 548 1788 856 1835; x_wconf 65' lang='lat' dir='ltr'>‚Iohanne</span> <span class='ocrx_word' id='word_1_190' title='bbox 887 1787 1351 1844; x_wconf 68' lang='lat' dir='ltr'>chrysostomo.</span> 
     </span>
    </p>
   </div>
   <div class='ocr_carea' id='block_1_5' title="bbox 63 1895 1453 2593">
    <p class='ocr_par' dir='ltr' id='par_1_5' title="bbox 63 1895 1453 2593">
     <span class='ocr_line' id='line_1_23' title="bbox 149 1895 1451 1943; baseline -0.001 -12"><span class='ocrx_word' id='word_1_191' title='bbox 149 1895 330 1932; x_wconf 82' lang='lat' dir='ltr'>Johannes</span> <span class='ocrx_word' id='word_1_192' title='bbox 366 1899 575 1943; x_wconf 80' lang='lat' dir='ltr'>cognomine</span> <span class='ocrx_word' id='word_1_193' title='bbox 607 1897 876 1943; x_wconf 67' lang='lat' dir='ltr'>Chrysostomus</span> <span class='ocrx_word' id='word_1_194' title='bbox 911 1897 1125 1932; x_wconf 77' lang='lat' dir='ltr'>Antioeenus</span> <span class='ocrx_word' id='word_1_195' title='bbox 1172 1897 1262 1931; x_wconf 82' lang='lat' dir='ltr'>filius</span> <span class='ocrx_word' id='word_1_196' title='bbox 1302 1897 1451 1932; x_wconf 84' lang='lat' dir='ltr'>Secundi</span> 
     </span>
     <span class='ocr_line' id='line_1_24' title="bbox 63 1961 1452 2009; baseline 0.001 -14"><span class='ocrx_word' id='word_1_197' title='bbox 63 1965 98 1995; x_wconf 87' lang='lat' dir='ltr'>et</span> <span class='ocrx_word' id='word_1_198' title='bbox 134 1961 362 2004; x_wconf 80' lang='lat' dir='ltr'>²)Antliurae</span> <span class='ocrx_word' id='word_1_199' title='bbox 397 1962 565 1997; x_wconf 89' lang='lat' dir='ltr'>nobilium</span> <span class='ocrx_word' id='word_1_200' title='bbox 600 1963 675 1997; x_wconf 84' lang='lat' dir='ltr'>suit.</span> <span class='ocrx_word' id='word_1_201' title='bbox 725 1963 833 2008; x_wconf 90' lang='lat' dir='ltr'>Cujus</span> <span class='ocrx_word' id='word_1_202' title='bbox 869 1965 963 2006; x_wconf 86' lang='lat' dir='ltr'>vita,</span> <span class='ocrx_word' id='word_1_203' title='bbox 997 1974 1130 2009; x_wconf 78' lang='lat' dir='ltr'>genus,</span> <span class='ocrx_word' id='word_1_204' title='bbox 1162 1965 1384 1997; x_wconf 88' lang='lat' dir='ltr'>conversatio</span> <span class='ocrx_word' id='word_1_205' title='bbox 1417 1967 1452 1996; x_wconf 88' lang='lat' dir='ltr'>et</span> 
     </span>
     <span class='ocr_line' id='line_1_25' title="bbox 63 2027 1452 2075; baseline 0 -14"><span class='ocrx_word' id='word_1_206' title='bbox 63 2027 264 2071; x_wconf 88' lang='lat' dir='ltr'>persecutio</span> <span class='ocrx_word' id='word_1_207' title='bbox 288 2028 323 2060; x_wconf 89' lang='lat' dir='ltr'>in</span> <span class='ocrx_word' id='word_1_208' title='bbox 343 2027 502 2072; x_wconf 71' lang='lat' dir='ltr'>hystoria</span> <span class='ocrx_word' id='word_1_209' title='bbox 525 2030 706 2072; x_wconf 86' lang='lat' dir='ltr'>tripartita</span> <span class='ocrx_word' id='word_1_210' title='bbox 731 2028 870 2075; x_wconf 83' lang='lat' dir='ltr'>plenius</span> <span class='ocrx_word' id='word_1_211' title='bbox 896 2027 1107 2062; x_wconf 77' lang='lat' dir='ltr'>declaratur.</span> <span class='ocrx_word' id='word_1_212' title='bbox 1159 2028 1223 2067; x_wconf 83' lang='lat' dir='ltr'>Qui</span> <span class='ocrx_word' id='word_1_213' title='bbox 1242 2038 1315 2061; x_wconf 90' lang='lat' dir='ltr'>cum</span> <span class='ocrx_word' id='word_1_214' title='bbox 1335 2028 1452 2072; x_wconf 87' lang='lat' dir='ltr'>philo-</span> 
     </span>
     <span class='ocr_line' id='line_1_26' title="bbox 64 2090 1450 2136; baseline -0.001 -10"><span class='ocrx_word' id='word_1_215' title='bbox 64 2090 214 2136; x_wconf 86' lang='lat' dir='ltr'>sophiae</span> <span class='ocrx_word' id='word_1_216' title='bbox 239 2090 390 2124; x_wconf 90' lang='lat' dir='ltr'>studium</span> <span class='ocrx_word' id='word_1_217' title='bbox 416 2091 662 2136; x_wconf 86' lang='lat' dir='ltr'>impendisset,</span> <span class='ocrx_word' id='word_1_218' title='bbox 689 2092 827 2126; x_wconf 81' lang='lat' dir='ltr'>tandein</span> <span class='ocrx_word' id='word_1_219' title='bbox 855 2091 946 2125; x_wconf 88' lang='lat' dir='ltr'>hanc</span> <span class='ocrx_word' id='word_1_220' title='bbox 972 2092 1140 2126; x_wconf 88' lang='lat' dir='ltr'>deserens</span> <span class='ocrx_word' id='word_1_221' title='bbox 1168 2092 1296 2125; x_wconf 84' lang='lat' dir='ltr'>divinis</span> <span class='ocrx_word' id='word_1_222' title='bbox 1324 2092 1450 2125; x_wconf 86' lang='lat' dir='ltr'>lectio-</span> 
     </span>
     <span class='ocr_line' id='line_1_27' title="bbox 64 2155 1451 2201; baseline -0.001 -10"><span class='ocrx_word' id='word_1_223' title='bbox 64 2156 167 2191; x_wconf 91' lang='lat' dir='ltr'>nibus</span> <span class='ocrx_word' id='word_1_224' title='bbox 192 2155 426 2190; x_wconf 85' lang='lat' dir='ltr'>incumbebat.</span> <span class='ocrx_word' id='word_1_225' title='bbox 475 2156 540 2196; x_wconf 82' lang='lat' dir='ltr'>Qui</span> <span class='ocrx_word' id='word_1_226' title='bbox 566 2156 744 2200; x_wconf 83' lang='lat' dir='ltr'>presbiter</span> <span class='ocrx_word' id='word_1_227' title='bbox 767 2156 948 2190; x_wconf 87' lang='lat' dir='ltr'>ordinatus</span> <span class='ocrx_word' id='word_1_228' title='bbox 973 2161 1121 2201; x_wconf 84' lang='lat' dir='ltr'>propter</span> <span class='ocrx_word' id='word_1_229' title='bbox 1143 2157 1250 2191; x_wconf 87' lang='lat' dir='ltr'>zelum</span> <span class='ocrx_word' id='word_1_230' title='bbox 1276 2158 1451 2191; x_wconf 83' lang='lat' dir='ltr'>eastitatis</span> 
     </span>
     <span class='ocr_line' id='line_1_28' title="bbox 63 2220 1453 2267; baseline -0.001 -10"><span class='ocrx_word' id='word_1_231' title='bbox 63 2222 226 2257; x_wconf 85' lang='lat' dir='ltr'>severior</span> <span class='ocrx_word' id='word_1_232' title='bbox 252 2220 450 2255; x_wconf 87' lang='lat' dir='ltr'>habebatur</span> <span class='ocrx_word' id='word_1_233' title='bbox 483 2225 517 2256; x_wconf 88' lang='lat' dir='ltr'>et</span> <span class='ocrx_word' id='word_1_234' title='bbox 552 2221 684 2256; x_wconf 76' lang='lat' dir='ltr'>fervori</span> <span class='ocrx_word' id='word_1_235' title='bbox 716 2223 829 2267; x_wconf 90' lang='lat' dir='ltr'>magis</span> <span class='ocrx_word' id='word_1_236' title='bbox 864 2232 962 2266; x_wconf 83' lang='lat' dir='ltr'>quam</span> <span class='ocrx_word' id='word_1_237' title='bbox 991 2222 1248 2257; x_wconf 87' lang='lat' dir='ltr'>mansuetudini</span> <span class='ocrx_word' id='word_1_238' title='bbox 1274 2223 1453 2258; x_wconf 82' lang='lat' dir='ltr'>serviebat</span> 
     </span>
     <span class='ocr_line' id='line_1_29' title="bbox 65 2286 1451 2333; baseline -0.001 -11"><span class='ocrx_word' id='word_1_239' title='bbox 65 2291 101 2322; x_wconf 89' lang='lat' dir='ltr'>et</span> <span class='ocrx_word' id='word_1_240' title='bbox 124 2290 270 2331; x_wconf 85' lang='lat' dir='ltr'>propter</span> <span class='ocrx_word' id='word_1_241' title='bbox 293 2287 386 2320; x_wconf 86' lang='lat' dir='ltr'>vitae</span> <span class='ocrx_word' id='word_1_242' title='bbox 411 2286 654 2321; x_wconf 86' lang='lat' dir='ltr'>rectitudinem</span> <span class='ocrx_word' id='word_1_243' title='bbox 682 2288 841 2321; x_wconf 82' lang='lat' dir='ltr'>incautus</span> <span class='ocrx_word' id='word_1_244' title='bbox 870 2287 914 2321; x_wconf 87' lang='lat' dir='ltr'>ad</span> <span class='ocrx_word' id='word_1_245' title='bbox 942 2286 1058 2321; x_wconf 82' lang='lat' dir='ltr'>sutura</span> <span class='ocrx_word' id='word_1_246' title='bbox 1084 2289 1289 2333; x_wconf 88' lang='lat' dir='ltr'>prospicere</span> <span class='ocrx_word' id='word_1_247' title='bbox 1315 2289 1451 2322; x_wconf 89' lang='lat' dir='ltr'>nescie-</span> 
     </span>
     <span class='ocr_line' id='line_1_30' title="bbox 64 2351 1452 2398; baseline -0.001 -11"><span class='ocrx_word' id='word_1_248' title='bbox 64 2352 137 2387; x_wconf 84' lang='lat' dir='ltr'>bat.</span> <span class='ocrx_word' id='word_1_249' title='bbox 184 2351 223 2386; x_wconf 92' lang='lat' dir='ltr'>In</span> <span class='ocrx_word' id='word_1_250' title='bbox 249 2351 534 2387; x_wconf 80' lang='lat' dir='ltr'>confabulatione</span> <span class='ocrx_word' id='word_1_251' title='bbox 558 2362 732 2398; x_wconf 81' lang='lat' dir='ltr'>arrogans</span> <span class='ocrx_word' id='word_1_252' title='bbox 758 2362 779 2386; x_wconf 91' lang='lat' dir='ltr'>a</span> <span class='ocrx_word' id='word_1_253' title='bbox 804 2352 1040 2387; x_wconf 80' lang='lat' dir='ltr'>nescientibus</span> <span class='ocrx_word' id='word_1_254' title='bbox 1073 2354 1283 2397; x_wconf 83' lang='lat' dir='ltr'>putabatur,</span> <span class='ocrx_word' id='word_1_255' title='bbox 1322 2355 1354 2386; x_wconf 91' lang='lat' dir='ltr'>in</span> <span class='ocrx_word' id='word_1_256' title='bbox 1388 2352 1452 2385; x_wconf 84' lang='lat' dir='ltr'>do-</span> 
     </span>
     <span class='ocr_line' id='line_1_31' title="bbox 67 2417 1452 2463; baseline -0.001 -10"><span class='ocrx_word' id='word_1_257' title='bbox 67 2417 178 2453; x_wconf 87' lang='lat' dir='ltr'>cendo</span> <span class='ocrx_word' id='word_1_258' title='bbox 209 2421 285 2452; x_wconf 83' lang='lat' dir='ltr'>erat</span> <span class='ocrx_word' id='word_1_259' title='bbox 309 2420 532 2462; x_wconf 86' lang='lat' dir='ltr'>praecipuuS‚</span> <span class='ocrx_word' id='word_1_260' title='bbox 559 2419 593 2451; x_wconf 89' lang='lat' dir='ltr'>in</span> <span class='ocrx_word' id='word_1_261' title='bbox 612 2417 817 2462; x_wconf 88' lang='lat' dir='ltr'>exponendo</span> <span class='ocrx_word' id='word_1_262' title='bbox 839 2419 1021 2463; x_wconf 84' lang='lat' dir='ltr'>egregius,</span> <span class='ocrx_word' id='word_1_263' title='bbox 1048 2419 1090 2452; x_wconf 86' lang='lat' dir='ltr'>ad</span> <span class='ocrx_word' id='word_1_264' title='bbox 1109 2429 1220 2453; x_wconf 87' lang='lat' dir='ltr'>mores</span> <span class='ocrx_word' id='word_1_265' title='bbox 1238 2417 1452 2453; x_wconf 83' lang='lat' dir='ltr'>coercendos</span> 
     </span>
     <span class='ocr_line' id='line_1_32' title="bbox 66 2482 1452 2530; baseline 0 -13"><span class='ocrx_word' id='word_1_266' title='bbox 66 2484 227 2529; x_wconf 78' lang='lat' dir='ltr'>optImus.</span> <span class='ocrx_word' id='word_1_267' title='bbox 276 2482 517 2529; x_wconf 85' lang='lat' dir='ltr'>Regnantibus</span> <span class='ocrx_word' id='word_1_268' title='bbox 542 2482 828 2529; x_wconf 81' lang='lat' dir='ltr'>igitiu···Arcadio</span> <span class='ocrx_word' id='word_1_269' title='bbox 859 2486 894 2516; x_wconf 87' lang='lat' dir='ltr'>et</span> <span class='ocrx_word' id='word_1_270' title='bbox 918 2482 1070 2517; x_wconf 89' lang='lat' dir='ltr'>Honorio</span> <span class='ocrx_word' id='word_1_271' title='bbox 1097 2484 1291 2530; x_wconf 79' lang='lat' dir='ltr'>Augustis,</span> <span class='ocrx_word' id='word_1_272' title='bbox 1324 2487 1359 2518; x_wconf 83' lang='lat' dir='ltr'>et</span> <span class='ocrx_word' id='word_1_273' title='bbox 1381 2483 1452 2517; x_wconf 88' lang='lat' dir='ltr'>Da-</span> 
     </span>
     <span class='ocr_line' id='line_1_33' title="bbox 68 2547 1452 2593; baseline -0.001 -10"><span class='ocrx_word' id='word_1_274' title='bbox 68 2558 164 2583; x_wconf 89' lang='lat' dir='ltr'>maso</span> <span class='ocrx_word' id='word_1_275' title='bbox 196 2549 230 2582; x_wconf 89' lang='lat' dir='ltr'>in</span> <span class='ocrx_word' id='word_1_276' title='bbox 253 2547 409 2582; x_wconf 87' lang='lat' dir='ltr'>Romana</span> <span class='ocrx_word' id='word_1_277' title='bbox 434 2547 520 2583; x_wconf 85' lang='lat' dir='ltr'>sede</span> <span class='ocrx_word' id='word_1_278' title='bbox 546 2548 772 2593; x_wconf 87' lang='lat' dir='ltr'>praesidente</span> <span class='ocrx_word' id='word_1_279' title='bbox 806 2547 920 2582; x_wconf 85' lang='lat' dir='ltr'>sactus</span> <span class='ocrx_word' id='word_1_280' title='bbox 956 2552 1010 2582; x_wconf 90' lang='lat' dir='ltr'>est</span> <span class='ocrx_word' id='word_1_281' title='bbox 1034 2551 1235 2593; x_wconf 82' lang='lat' dir='ltr'>episcopus.</span> <span class='ocrx_word' id='word_1_282' title='bbox 1285 2549 1348 2589; x_wconf 86' lang='lat' dir='ltr'>Qui</span> <span class='ocrx_word' id='word_1_283' title='bbox 1376 2548 1452 2582; x_wconf 86' lang='lat' dir='ltr'>dum</span> 
     </span>
    </p>
   </div>
   <div class='ocr_carea' id='block_1_6' title="bbox 138 2692 1171 2781">
    <p class='ocr_par' dir='ltr' id='par_1_6' title="bbox 138 2692 1171 2781">
     <span class='ocr_line' id='line_1_34' title="bbox 138 2692 1171 2727; baseline -0.001 -7"><span class='ocrx_word' id='word_1_284' title='bbox 138 2695 164 2727; x_wconf 86' lang='lat'>1)</span> <span class='ocrx_word' id='word_1_285' title='bbox 184 2693 243 2721; x_wconf 78' lang='lat' dir='ltr'>Alii</span> <span class='ocrx_word' id='word_1_286' title='bbox 261 2694 379 2727; x_wconf 75' lang='lat' dir='ltr'>legunt:</span> <span class='ocrx_word' id='word_1_287' title='bbox 399 2696 420 2719; x_wconf 66' lang='lat'>11</span> <span class='ocrx_word' id='word_1_288' title='bbox 430 2704 446 2726; x_wconf 84' lang='lat' dir='ltr'>q</span> <span class='ocrx_word' id='word_1_289' title='bbox 457 2703 473 2719; x_wconf 84' lang='lat' dir='ltr'>u</span> <span class='ocrx_word' id='word_1_290' title='bbox 486 2692 491 2719; x_wconf 74' lang='lat' dir='ltr'>i</span> <span class='ocrx_word' id='word_1_291' title='bbox 504 2702 543 2718; x_wconf 71' lang='lat' dir='ltr'>nn</span> <span class='ocrx_word' id='word_1_292' title='bbox 556 2702 577 2719; x_wconf 85' lang='lat' dir='ltr'>s.</span> <span class='ocrx_word' id='word_1_293' title='bbox 682 2693 710 2725; x_wconf 75' lang='lat'>2)</span> <span class='ocrx_word' id='word_1_294' title='bbox 731 2695 850 2718; x_wconf 62' lang='lat' dir='ltr'>neceni.</span> <span class='ocrx_word' id='word_1_295' title='bbox 871 2694 1041 2719; x_wconf 73' lang='lat' dir='ltr'>Naturae</span> <span class='ocrx_word' id='word_1_296' title='bbox 1061 2692 1171 2723; x_wconf 67' lang='lat' dir='ltr'>legunt.</span> 
     </span>
     <span class='ocr_line' id='line_1_35' title="bbox 1053 2746 1140 2781; baseline -0.023 -3"><span class='ocrx_word' id='word_1_297' title='bbox 1053 2747 1098 2781; x_wconf 62' lang='grc'>39</span> <span class='ocrx_word' id='word_1_298' title='bbox 1123 2746 1140 2764; x_wconf 74' lang='grc'><em>*</em></span> 
     </span>
    </p>
   </div>
  </div>
 </body>
</html>
