1742 3005
237 97 317 135 216
496 99 591 147 Cap.
623 96 685 133 Ll.
746 96 804 132 De
834 97 1121 134 annuntiatione
1152 97 1353 134 dominica.

238 211 355 235 sorum
381 200 502 234 florum
528 200 614 232 intra
637 199 794 233 suavitas
822 198 1016 243 redolebat,
1046 203 1081 235 et
1101 210 1181 235 ece-e
1209 199 1278 234 duo
1301 200 1457 245 speciosi
1479 199 1628 245 juvenes

242 268 274 301 ei
302 268 550 310 apparuerunt,
576 265 635 310 qui
661 265 773 309 ipsum
798 275 910 310 usque
935 264 980 298 ad
1005 265 1177 310 quandam
1202 266 1376 300 civitatem
1401 265 1629 309 speciosissi-

243 341 330 365 mam
367 341 409 365 ex
445 340 530 364 auro
568 333 603 364 et
638 330 784 376 gemmis
822 329 1032 365 mirabiliter
1064 330 1262 364 rutilantem
1293 330 1551 375 perduxerunt,
1587 329 1631 364 de

241 397 341 442 cujus
368 399 470 440 porta
493 394 583 429 odor
598 394 769 429 mirabilis
790 395 985 437 emanabat,
1013 396 1071 441 qui
1096 395 1190 429 illum
1210 395 1298 430 adeo
1321 397 1512 438 recreavit,
1538 395 1631 441 quod

240 461 370 497 nullum
397 461 553 496 dolorem
592 461 648 495 vel
683 461 854 496 foetorem
890 461 1048 495 sensisse
1081 461 1285 503 videbatur,
1330 460 1558 506 dixeruntque
1587 462 1631 504 ei,

242 527 336 573 quod
363 527 423 561 illa
459 528 582 561 civitas
618 526 805 572 paradisus
843 530 948 561 esset.
1004 526 1043 560 In
1069 537 1170 572 quem
1204 536 1278 560 eum
1309 525 1476 561 Nicolaus
1503 527 1634 561 intrare

241 593 359 634 vellet,
386 592 547 627 dixerunt
573 594 605 628 ei
629 591 800 637 praedicti
822 592 983 637 JuveneS,
1009 591 1101 637 quod
1126 593 1237 637 primo
1263 592 1309 626 ad
1336 602 1420 626 suos
1444 591 1576 626 rediret
1602 595 1636 626 et

242 669 306 703 per
330 658 420 699 loca,
448 669 513 703 per
538 669 627 704 quae
652 662 814 700 venerat,
842 669 917 693 eum
944 657 1059 692 redire
1087 662 1277 702 oporteret,
1304 657 1492 692 daemones
1520 662 1634 692 tamen

244 735 319 757 eum
347 734 416 758 non
440 723 641 766 laederent,
684 723 748 757 sed
783 734 823 757 eo
849 725 925 757 viso
950 724 1064 757 territi
1097 723 1260 768 sugerent
1286 728 1320 757 et
1344 722 1437 768 quod
1462 727 1543 767 post
1569 724 1632 756 tri-

242 790 341 833 ginta
379 788 454 822 dies
488 790 522 821 in
558 798 646 832 pace
682 789 880 833 quiesceret
919 792 951 821 et
986 792 1067 821 tunc
1102 788 1196 821 illam
1232 790 1404 822 cixitatem
1439 789 1525 821 civis
1552 799 1632 832 per-

242 858 366 897 petuus
382 854 552 887 introiret.
581 852 681 888 Tunc
693 853 860 887 Nicolaus
886 852 968 887 inde
993 853 1188 887 ascendens
1218 854 1299 898 ¹)in
1326 852 1417 894 loco,
1445 863 1508 897 per
1533 863 1631 897 quem

243 918 422 960 aseendit,
462 929 500 953 se
528 920 724 953 restitutum
748 920 881 953 invenit.
907 922 941 953 et
971 920 1086 953 omnia
1121 918 1301 960 omnihus,
1342 927 1431 963 quae
1456 918 1523 951 sibi
1549 929 1631 952 con-

244 985 415 1029 tigerant,
453 994 599 1019 narrans
625 989 704 1030 post
728 986 875 1031 triginta
902 984 978 1019 dies
1007 986 1039 1018 in
1066 984 1205 1019 domino
1232 984 1383 1020 feliciter
1406 985 1587 1029 requievit.

723 1372 848 1435 GAP.
883 1371 953 1434 n.
993 1370 1146 1438 (5⁰).

436 1475 536 1518 De
566 1471 1064 1517 annuntiatione
1095 1470 1432 1517 dominica.

330 1583 366 1616 l.
406 1580 631 1614 Annuntialio
668 1580 841 1614 dominica
872 1579 1017 1621 dicitur,
1063 1580 1146 1624 quia
1182 1580 1215 1612 iu
1250 1579 1311 1613 tali
1339 1579 1396 1613 die
1429 1579 1472 1612 ab
1506 1578 1634 1624 angelo

243 1644 412 1679 adventus
439 1644 499 1678 filii
523 1646 588 1680 Dei
621 1647 654 1680 iu
683 1656 820 1681 carnem
847 1645 912 1679 suit
943 1646 1187 1687 annuntiatus,
1223 1655 1413 1690 congruum
1441 1645 1529 1678 enim
1559 1644 1635 1685 suit,

244 1715 279 1743 ut
306 1711 578 1746 incarnationem
604 1711 834 1756 praecederet
866 1710 1029 1756 angelica
1055 1711 1290 1752 annuntiatio⁷
1331 1710 1461 1755 triplici
1488 1710 1634 1743 ratione.

243 1775 358 1809 Primo
384 1778 519 1811 ratione
546 1777 680 1811 ordinis
707 1775 940 1818 comiotandi,
976 1780 1013 1809 ut
1038 1776 1176 1810 seilicet
1207 1775 1294 1809 ordo
1320 1775 1553 1820 reparationis
1580 1784 1635 1808 re-

243 1841 435 1885 sponderet
458 1842 571 1876 ordini
597 1843 922 1887 praevar-icationis.
971 1840 1069 1875 Unde
1087 1842 1178 1874 sicut
1204 1840 1373 1885 dyabolus
1398 1841 1543 1874 tentavit
1563 1850 1636 1873 mu-

244 1907 362 1941 lierem
379 1935 386 1943 ,
413 1911 451 1941 ut
477 1918 550 1941 eam
576 1908 797 1952 pertraheret
821 1906 865 1941 ad
893 1906 1143 1940 dubitationem
1170 1909 1204 1939 et
1228 1916 1291 1950 per
1313 1894 1637 1939 dubitationemad

244 1982 452 2007 consensum
480 1977 513 2007 et
539 1984 601 2017 per
628 1983 835 2007 consensum
867 1971 910 2006 ad
938 1971 1089 2016 lapsum,
1122 1973 1172 2005 sic
1200 1970 1348 2015 angelus
1373 1971 1542 2004 nuntiavit
1568 1970 1637 2003 vir-

246 2039 331 2083 gini.
360 2043 397 2072 ut
421 2038 612 2072 nuntiando
640 2039 811 2072 excitaret
836 2037 879 2071 ad
910 2037 1010 2071 iidem
1039 2041 1073 2071 ct
1097 2048 1160 2081 per
1185 2037 1286 2070 iidem
1312 2036 1355 2071 ad
1382 2045 1588 2070 consensum
1606 2038 1640 2069 et

247 2116 308 2149 per
345 2115 551 2138 consensum
578 2103 621 2138 ad
657 2103 923 2148 concipiendum
950 2103 1014 2137 Dei
1050 2102 1166 2136 tilium.
1228 2101 1390 2136 Secundo
1418 2102 1553 2135 ratione
1575 2101 1638 2133 mi-

244 2171 380 2203 nisterii
407 2169 578 2215 angelici,
615 2171 697 2215 quia
731 2170 819 2202 enim
847 2169 995 2214 angelus
1031 2172 1084 2203 est
1112 2168 1176 2202 Dei
1204 2169 1362 2202 minister
1398 2171 1432 2201 et
1459 2176 1580 2200 servus
1607 2169 1641 2199 et

246 2235 348 2269 beata
363 2236 461 2280 virgo
482 2235 594 2269 electa
609 2239 694 2276 erat,
723 2239 759 2268 ut
775 2234 947 2268 essetllei
966 2237 1086 2275 mater,
1116 2237 1149 2267 et
1162 2243 1354 2277 congruum
1373 2236 1427 2266 est
1449 2232 1638 2264 ministrum

248 2301 407 2334 dominae
442 2299 622 2336 t'ainulari.
657 2301 867 2333 conveniens
894 2300 980 2340 suit,
1024 2303 1061 2332 ut
1097 2298 1221 2333 beatae
1258 2299 1384 2343 xirgini
1423 2297 1640 2331 annuntiatio

246 2378 309 2411 per
329 2365 489 2411 angelum
517 2365 625 2399 lieret.
676 2364 798 2399 Tertio
824 2366 959 2399 ratione
986 2364 1106 2409 lapsus
1134 2364 1285 2409 angelici
1313 2362 1509 2408 reparandi.
1538 2361 1642 2400 2Quia

247 2433 334 2465 enim
363 2432 558 2465 incarnatio
585 2442 651 2464 non
689 2435 816 2465 tautum
844 2430 998 2465 faciebat
1031 2430 1075 2463 ad
1104 2431 1359 2474 reparationem
1398 2428 1538 2462 liuniani
1563 2426 1639 2470 lap-

247 2509 326 2534 sus.
354 2496 415 2530 sed
447 2498 548 2531 etiam
575 2496 619 2530 ad
646 2498 902 2541 reparationem
932 2497 1052 2530 ruinae
1078 2495 1282 2540 angelicae,
1322 2493 1401 2528 ideo
1428 2492 1545 2538 angeli
1573 2501 1639 2540 non

245 2562 439 2597 ‹lt-buerunt
465 2561 616 2597 excludi.
646 2561 744 2597 Unde
761 2563 851 2597 sicut
876 2572 980 2596 sexus
1007 2561 1161 2595 nuilieris
1189 2571 1255 2595 uon
1285 2559 1482 2595 excluditur
1507 2565 1526 2589 a
1554 2566 1637 2601 cog-

319 2706 341 2737 i)
363 2707 481 2734 ner-ent.
502 2706 627 2733 malunt:
650 2715 718 2740 sup
733 2716 766 2731 ra
787 2709 945 2741 putenm
966 2713 1004 2732 se
1025 2707 1112 2732 rest.
1133 2707 1188 2730 etc.
