1742 3005
258 83 343 124 916
398 85 500 137 Cap.
518 84 690 122 CCXIII.
736 85 795 122 De
820 90 950 121 sancto
973 84 1168 121 Ludovico
1194 97 1282 134 rege
1308 85 1556 122 Francorum.

260 192 431 225 ingeniosus
450 195 479 217 et
496 191 606 217 bonam
625 190 748 217 sortitus
767 189 896 217 animam
915 196 1005 222 super
1029 192 1207 215 coaetaneos
1233 196 1303 215 suos
1322 188 1449 223 profecit
1467 188 1557 216 valde
1578 187 1640 214 lau-

260 235 401 262 dabiliter
426 235 457 261 in
481 235 626 268 utrisque.
661 236 748 268 Cujus
776 233 926 261 sanctitati
952 232 1142 264 congaudens
1169 232 1219 266 pia
1252 236 1346 259 mater
1378 233 1489 266 pluries
1521 233 1641 260 dicebat

260 279 373 305 eidem:
392 278 461 312 plus
479 280 608 312 vellem,
627 279 671 306 fili
690 279 856 311 carissime,
883 282 911 305 te
930 282 1056 304 mortem
1076 277 1227 304 incurrere
1245 276 1457 311 temporalem,
1481 287 1570 310 quam
1588 286 1642 312 pet

259 318 384 356 aliquod
401 329 558 358 peccatum
576 323 702 351 mortale
720 328 749 351 te
768 328 851 350 tuum
870 322 1022 350 offendere
1042 326 1214 350 creatorem.
1251 320 1339 356 Quod
1361 321 1488 348 verbum
1513 322 1643 349 devotus

259 367 340 395 filins
358 368 389 395 in
408 368 507 395 animo
527 368 570 396 sic
587 368 733 401 firmavit,
761 368 842 401 quod
868 367 972 394 divina
998 368 1159 395 comitante
1178 365 1271 398 gratia
1295 375 1311 392 a
1329 364 1412 392 vitiis
1432 365 1586 393 abstinens
1604 366 1643 392 ad

259 413 378 440 culmen
395 413 540 441 virtutum
557 413 733 448 pervenisse
752 414 789 439 ab
810 412 949 440 omuibus
968 417 1149 440 censeretur.
1184 410 1299 438 Dehinc
1317 410 1421 437 divina
1443 410 1643 444 providentia,

259 466 298 484 ne
315 462 377 484 tam
395 458 498 486 nobile
516 467 639 490 regnum
657 458 750 490 regali
768 458 957 485 successione
977 462 1104 489 careret,
1129 464 1251 483 uxorem
1271 455 1369 488 duxit,
1389 455 1427 482 de
1445 465 1502 488 qua
1522 463 1644 489 suscep-

259 506 320 529 tam
339 503 476 530 sobolem
495 512 670 535 generosam
688 503 736 530 vir
753 508 874 530 sanctus
892 512 1008 530 smnmo
1035 511 1126 537 opere
1145 500 1259 528 studuit
1286 500 1429 532 educare,
1455 500 1567 527 docens
1593 508 1645 527 eos

257 555 349 582 super
374 548 474 575 omnia
497 548 602 576 timere
627 551 722 575 Deum
749 552 778 575 et
805 548 842 574 ab
861 548 942 574 omui
961 552 1084 582 peccato
1102 545 1210 579 jugiter
1227 544 1387 572 abstinere.
1424 547 1506 572 Serta
1526 553 1645 578 quoque

260 591 299 618 de
316 592 392 620 rosis
411 601 464 620 seu
484 593 559 620 alios
579 593 712 628 capellos
731 601 783 620 eos
802 597 922 627 portare
941 592 1034 620 sextis
1059 591 1143 618 seriis
1161 591 1343 626 prohibebat
1363 594 1487 625 propter
1505 598 1646 616 coronam

260 635 396 669 spineam
414 637 469 663 tali
487 637 536 664 die
554 637 728 672 impositam
747 637 839 672 capiti
857 637 1028 665 salvatoris.
1065 640 1133 671 Ipse
1151 644 1224 663 vero
1237 635 1377 670 exemplo
1393 635 1523 670 apostoli
1538 644 1645 669 corpus

259 688 346 706 suum
372 681 520 713 castigans
546 686 576 709 et
600 683 631 708 in
657 682 832 709 servitutem
858 682 996 714 redigens
1022 681 1217 713 castigatione
1249 680 1410 715 multiplici
1440 690 1495 708 suo
1527 680 1647 715 spiritui

259 725 372 752 servire
391 727 534 758 cogebat,
559 726 654 753 inulto
679 730 814 760 tempore
842 726 972 753 cilicium
999 726 1038 752 ad
1057 736 1174 753 carnem
1193 725 1358 760 applicans.
1395 726 1551 760 Jejunabat
1571 734 1646 758 quo-

257 779 316 802 que
336 770 417 797 omni
436 774 572 805 tempore
592 771 684 798 sextis
704 769 788 797 seriis
807 774 836 797 et
854 770 983 797 maxime
1002 771 1034 797 in
1052 770 1185 797 adventu
1197 775 1226 796 et
1241 769 1476 803 quadragesima,
1494 770 1645 803 inquibus

257 824 274 841 a
292 813 427 849 piscibus
447 819 477 842 et
501 815 650 843 fructibus
677 815 866 848 abstinebat,
893 815 1065 847 laboribus,
1092 814 1222 847 vigiliis,
1249 814 1437 842 orationibus
1463 820 1492 842 et
1511 815 1578 842 aliis
1598 825 1645 843 se-

257 859 345 886 cretis
371 860 563 887 abstinentiis
590 865 619 887 et
645 860 815 894 disciplinis
841 860 948 894 jugiter
973 869 1006 887 se
1032 860 1180 892 affligens.
1225 858 1367 894 Quolibet
1395 859 1486 886 etiam
1518 861 1646 887 sabbato

256 909 454 931 consueverat
472 905 502 931 in
522 905 588 932 loco
608 905 809 932 secretissimo
829 905 1017 938 quorundam
1037 913 1202 939 pauperum
1221 903 1352 939 propriis
1371 903 1509 931 manibus
1525 905 1646 931 abluere

255 948 350 983 pedes
370 953 399 975 et
419 948 529 975 deinde
548 954 662 981 tergere
681 959 715 976 ao
734 949 887 977 humiliter
905 949 1050 982 osculari,
1078 949 1216 977 similiter
1242 953 1271 976 et
1290 957 1394 976 manus
1407 969 1414 981 ,
1440 948 1565 976 cuilibet
1583 958 1645 976 cer-

256 997 317 1020 tam
336 1001 482 1020 summam
501 994 646 1028 pecuniae
665 994 837 1021 tribuendo.
873 994 985 1021 l’luries
1006 995 1096 1022 etiam
1116 997 1194 1021 CXX
1213 993 1414 1029 pauperibus,
1440 993 1492 1026 qui
1517 993 1547 1020 in
1566 994 1647 1020 curia

256 1047 309 1065 sua
329 1038 410 1064 omni
428 1038 477 1065 die
496 1038 706 1065 reficiebantur
725 1039 862 1071 abunde,
887 1043 916 1066 et
942 1039 1055 1071 vigiliis
1083 1039 1280 1066 sollemnibus
1307 1048 1341 1065 ac
1360 1038 1540 1072 quibusdam
1559 1039 1648 1066 certis

256 1083 365 1109 diebus
390 1093 444 1118 per
467 1093 578 1110 annum
605 1086 646 1110 CC
670 1083 868 1118 pauperibus,
903 1087 1062 1117 antequam
1086 1084 1151 1119 ipse
1188 1083 1374 1115 comederet,
1405 1093 1495 1109 mauu
1526 1083 1649 1118 propria

255 1127 369 1153 fercula
387 1127 581 1156 ministravit.
616 1129 742 1162 Semper
760 1128 839 1154 enim
858 1128 889 1154 in
908 1129 1035 1163 prandio
1055 1134 1083 1155 et
1104 1137 1196 1155 coena
1221 1136 1316 1162 prope
1337 1136 1369 1154 se
1388 1132 1448 1154 tres
1469 1137 1555 1155 senes
1574 1139 1648 1163 pau·

257 1181 344 1204 peres
363 1172 572 1200 recumbentes
591 1173 738 1205 habebat,
765 1173 874 1206 quibus
900 1173 938 1199 de
964 1173 1041 1201 cibis
1068 1173 1127 1201 sibi
1153 1172 1301 1207 appositis
1321 1172 1478 1199 caritative
1496 1173 1648 1199 ministra-

258 1217 327 1249 bat,
355 1217 504 1244 Christum
530 1227 695 1252 pauperem
720 1217 750 1244 in
778 1218 839 1245 suis
866 1218 1050 1253 pauperibus
1077 1217 1265 1249 venerando,
1295 1216 1333 1242 de
1363 1226 1488 1250 quor-um
1510 1218 1648 1256 *reliquiis

258 1261 416 1288 comedere
442 1270 503 1289 non
527 1263 679 1290 horrebat.
715 1262 849 1289 Scarleto
876 1263 967 1289 etiam
991 1273 1044 1290 seu
1069 1263 1198 1289 bruneto
1225 1265 1276 1287 aut
1299 1261 1391 1288 viridi
1415 1262 1465 1289 vel
1486 1262 1543 1289 alia
1562 1267 1648 1290 veste

258 1315 407 1342 pomposa
430 1307 475 1334 uti
499 1307 622 1334 nolebat
648 1316 703 1333 nec
729 1307 861 1342 pellibus
880 1307 971 1335 variis
992 1313 1041 1334 aut
1061 1307 1185 1334 nimium
1204 1305 1383 1338 sumtuosis,
1410 1307 1538 1333 maxime
1564 1311 1648 1341 post-

258 1361 347 1384 quam
372 1352 409 1379 de
437 1352 574 1386 partibus
600 1351 806 1379 transmarinis
830 1352 920 1379 rediit
946 1352 1042 1387 prima
1066 1351 1144 1380 vice.
1180 1350 1395 1377 DilatatIOnem
1420 1359 1493 1377 vero
1512 1351 1584 1378 fidei
1602 1361 1648 1378 ar-

258 1396 342 1423 denti
365 1396 517 1424 desiderio
544 1396 702 1431 cupiebat,
734 1397 815 1423 unde
849 1402 1002 1430 tamquam
1035 1406 1125 1424 verus
1159 1400 1273 1422 amator
1298 1394 1371 1422 fidoi
1396 1399 1425 1422 et
1451 1396 1565 1423 zelator
1588 1399 1648 1424 tres

257 1439 364 1469 fratres
391 1450 461 1469 suos
488 1441 708 1468 commilitones
734 1451 768 1468 ac
800 1443 927 1476 majores
954 1441 1036 1474 regni
1062 1442 1190 1469 barones
1218 1446 1248 1468 et
1271 1440 1383 1468 milites
1410 1449 1510 1467 secum
1537 1440 1649 1468 ducens

259 1495 327 1513 cum
347 1487 479 1513 exercitu
497 1487 627 1514 maximo
647 1486 793 1521 applicuit
813 1487 842 1513 in
860 1490 1045 1521 Aegyptum,
1072 1486 1124 1513 ubi
1143 1486 1237 1514 multa
1256 1485 1288 1512 in
1307 1494 1339 1513 se
1358 1489 1387 1512 et
1406 1485 1466 1513 suis
1486 1485 1564 1512 mala
1581 1495 1650 1520 per-

256 1540 364 1565 pessus
392 1531 501 1558 dehinc
525 1531 562 1557 ab
586 1531 725 1558 hostibus
752 1536 857 1566 captus
877 1536 905 1558 et
926 1531 1036 1559 carceri
1054 1531 1243 1566 mancipatus
1262 1529 1382 1558 modico
1402 1530 1523 1557 tandem
1543 1531 1649 1565 pretio,

257 1575 339 1608 quod
357 1575 494 1602 mirabile
514 1581 573 1608 est,
600 1576 752 1603 redemtus
778 1576 835 1603 suit
863 1581 892 1604 et
917 1577 1072 1604 liberatus.
1109 1577 1242 1604 Eductus
1268 1576 1369 1609 itaque
1396 1575 1434 1601 de
1461 1584 1578 1602 carcere
1597 1583 1651 1610 per

257 1618 389 1653 (11111111116
421 1628 515 1647 annos
549 1620 579 1647 in
611 1621 694 1654 Syria
724 1621 867 1649 remansit
897 1622 1008 1649 inultos
1036 1624 1199 1649 Saracenos
1227 1621 1267 1649 ad
1295 1621 1387 1648 fidem
1411 1625 1590 1647 convertens
1616 1628 1650 1646 ac

256 1665 394 1699 captivos
421 1665 600 1692 christianos
626 1665 793 1698 redimenS,
828 1675 955 1699 quorum
987 1674 1113 1701 corpora
1144 1666 1321 1701 plerumque
1354 1664 1485 1700 propriis
1510 1664 1649 1691 manibus

256 1709 434 1744 sepeliebat.
469 1709 527 1737 Ubi
553 1715 663 1743 quanta
690 1719 745 1745 pro
772 1710 831 1737 lide,
861 1710 969 1738 Christi
988 1711 1018 1737 111
1037 1712 1092 1737 hac
1111 1711 1350 1746 peregrinatione
1370 1719 1405 1736 ac
1423 1709 1513 1736 etiam
1532 1709 1563 1736 in
1581 1709 1649 1741 alia,

255 1764 343 1787 quam
364 1754 497 1782 secundo
518 1754 738 1788 transfretavit,
766 1755 924 1788 sustinuit,
952 1756 1011 1783 nisi
1037 1756 1089 1789 qui
1113 1755 1198 1783 ass'uit
1222 1760 1273 1782 aut
1301 1756 1412 1788 majora
1431 1753 1584 1781 volumina
1604 1754 1649 1780 in—

256 1799 371 1834 spexit,
390 1808 478 1826 nemo
498 1799 683 1827 sufficienter
700 1804 800 1827 mente
820 1800 990 1835 perpendit.
1028 1804 1110 1836 Quae
1138 1801 1207 1833 quia
1233 1800 1264 1826 in
1289 1799 1438 1826 historiali
1463 1799 1540 1826 circa
1559 1798 1650 1825 finem

257 1844 329 1870 satis
356 1843 465 1870 diil‘use
490 1848 592 1870 narrat
616 1843 807 1876 Vincentius,
841 1844 894 1871 ubi
922 1853 980 1871 non
1006 1845 1044 1871 de
1070 1845 1181 1871 auditis
1209 1844 1318 1875 rvlntu,
1352 1843 1407 1870 sed
1433 1851 1488 1870 suo
1513 1848 1649 1877 tempore

256 1887 348 1920 gestis
368 1888 459 1914 sidem
478 1887 568 1920 facit,
594 1888 754 1915 brevitatis
780 1887 872 1919 gratia
891 1887 1091 1916 dimittuntur.
1128 1887 1322 1915 Postmodum
1341 1895 1413 1913 vero
1433 1886 1534 1913 audita
1553 1892 1649 1914 morte

255 1932 375 1964 reginae
394 1933 497 1959 matris
517 1941 588 1959 suae
608 1932 754 1958 baronum
774 1941 893 1959 suorum
914 1932 1040 1959 consilio
1069 1933 1166 1959 redire
1191 1932 1221 1958 in
1248 1931 1400 1958 Franciam
1426 1931 1594 1964 acquievit,
1621 1937 1650 1959 et

256 1976 427 2004 dmn‘esset
445 1976 476 2002 in
494 1976 583 2009 mari,
603 1977 690 2003 navis
708 1977 805 2011 ipsum
827 1975 966 2003 deserens
985 1976 1056 2003 bina
1077 1977 1259 2012 impulsione
1278 1976 1317 2002 ad
1335 1985 1439 2010 rupem
1458 1980 1518 2003 tam
1532 1975 1650 2004 sortiter

256 2026 301 2048 est
321 2021 440 2053 collisa,
467 2021 549 2053 quod
575 2031 590 2047 a
610 2021 707 2047 naulis
727 2025 756 2047 et
775 2021 842 2047 aliis
863 2020 994 2055 peritura
1014 2022 1194 2050 crederetur.
1230 2024 1327 2047 Tanta
1346 2020 1436 2052 igitur
1453 2021 1650 2049 concussione

255 2065 407 2100 perterriti
426 2064 614 2098 sacerdotes,
643 2065 743 2091 clerici
770 2069 799 2091 et
825 2065 877 2091 alii
903 2070 1039 2092 sanctum
1066 2075 1165 2098 regem
1191 2066 1371 2092 invenerunt
1397 2068 1530 2091 oin-intem
1550 2073 1649 2091 coram

256 2118 339 2137 sacro
359 2118 483 2144 corpore
503 2112 574 2136 Jesu
594 2109 701 2136 Christi
721 2114 750 2136 et
768 2109 826 2136 suit
845 2107 947 2136 eorum
967 2105 1099 2137 oninium
1118 2110 1201 2137 firma
1220 2109 1314 2142 sides,
1342 2109 1424 2142 quod
1449 2112 1512 2144 ejus
1535 2111 1648 2138 meritis

256 2160 285 2181 et
303 2154 444 2189 precibus
464 2162 517 2181 eos
537 2153 728 2187 omnipotens
748 2157 828 2182 Deus
847 2164 864 2181 a
883 2155 987 2182 mortis
1014 2154 1149 2190 periculo
1175 2154 1343 2182 liberasset.
1380 2157 1530 2182 Reversus
1551 2155 1650 2189 itaque

256 2200 287 2226 iu
305 2200 457 2226 Franciam
477 2208 543 2225 cum
562 2197 710 2225 ineffabili
730 2199 838 2231 gaudio
858 2200 895 2225 ab
916 2199 1056 2227 omnibus
1076 2204 1121 2226 est
1140 2205 1280 2235 receptus
1299 2209 1333 2226 ac
1352 2204 1461 2227 extunc
1480 2200 1517 2226 de
1537 2200 1649 2228 virtute

256 2245 286 2271 in
306 2243 448 2270 virtutem
475 2243 635 2278 proficiens
655 2243 693 2270 ad
713 2243 917 2271 omnimodam
944 2244 1026 2271 vitae
1045 2243 1261 2279 perfectionem
1281 2245 1430 2279 pervenit.
1466 2247 1551 2271 Tunc
1570 2245 1650 2272 enim

257 2289 357 2324 coepit
378 2287 503 2314 inundare
522 2287 688 2321 hospitales
709 2287 814 2315 domos
835 2298 1017 2323 pauperum,
1042 2289 1249 2321 roligiosorum
1275 2289 1434 2317 aedificare
1458 2289 1649 2322 monasteria,

256 2334 386 2360 claustra
406 2331 596 2364 dormitoria,
615 2332 773 2365 ecelesias,
793 2333 857 2359 loca
878 2337 907 2359 vt
926 2333 983 2360 alia
1003 2333 1139 2360 aedilicia
1159 2339 1339 2368 opportuna.
1379 2333 1493 2365 Caenis,
1513 2334 1650 2366 beguinis

259 2379 381 2405 filiabus
399 2378 453 2404 Dei
472 2377 534 2403 sere
555 2376 583 2402 iu
604 2376 683 2403 11111111
703 2377 826 2405 civitate
847 2378 927 2410 regui
947 2388 1012 2405 cum
1033 2379 1125 2405 certis
1152 2377 1325 2405 elemosinis
1349 2378 1387 2405 de
1411 2378 1485 2405 locis
1505 2383 1533 2405 et
1553 2379 1649 2406 domi-

258 2424 315 2449 bus
335 2422 394 2449 sibi
419 2421 660 2457 competvntibus
686 2423 828 2456 1110111111.
867 2423 950 2449 I'lura
978 2423 1066 2449 etiam
1093 2423 1274 2450 monasteria
1299 2423 1486 2450 diversorum
1512 2424 1650 2451 ordinum

256 2468 293 2493 ab
314 2467 381 2501 ipso
400 2466 525 2494 fundata
546 2476 582 2493 ex
603 2471 665 2493 toto
685 2467 798 2500 magnis
819 2467 944 2494 dmuwss
971 2468 1133 2500 reditibus,
1161 2468 1238 2494 iuter
1264 2477 1339 2502 quae
1363 2467 1516 2494 abbatiam
1541 2469 1649 2500 regalis

258 2511 368 2537 montis
389 2511 594 2539 cisterciensis
615 2511 730 2539 ordinis
750 2512 905 2544 magnifice
924 2511 1065 2539 fundavit
1084 2517 1113 2539 vt
1132 2512 1262 2541 doh-nit.
1297 2516 1331 2539 111
1350 2522 1408 2545 qua
1433 2512 1543 2545 semel,
1569 2513 1649 2545 quod

258 2555 396 2582 mirabile
415 2560 460 2582 est
480 2556 577 2589 (lictu,
605 2557 722 2584 cuidam
748 2557 894 2583 monacho
922 2557 1042 2591 leproso
1069 2557 1097 2583 iu
1124 2557 1256 2590 quodam
1275 2557 1403 2591 praudi0
1422 2557 1507 2584 flexis
1525 2557 1650 2588 genibus.

258 2599 358 2626 cibum
385 2604 415 2626 et
444 2605 548 2635 potum
573 2600 603 2627 in
631 2611 664 2628 os
690 2602 753 2634 ejus
780 2601 968 2628 inuniuvmlo
994 2602 1148 2628 luimititvr
1172 2601 1367 2633 ministravit,
1403 2602 1514 2628 abbate
1546 2605 1574 2627 et
1599 2603 1650 2634 11111

259 2642 381 2669 aderaut
402 2643 430 2670 in
452 2645 596 2678 lacrymas
617 2645 900 2681 prurmupvntibus,
921 2656 991 2680 praa?
1012 2647 1133 2673 horrore
1154 2647 1203 2673 vix
1222 2646 1327 2673 videre
1345 2645 1528 2672 valentibus.
1564 2649 1650 2672 l'rae-

258 2687 346 2721 cipua
367 2688 457 2715 etiam
477 2689 641 2717 devotione
660 2695 778 2718 sanctas
799 2691 999 2718 venerabatur
1017 2690 1159 2724 reliquias
1188 2695 1216 2718 et
1243 2691 1297 2718 Dei
1323 2689 1435 2717 cultum
1458 2693 1487 2716 et
1506 2690 1650 2718 honorem
