1742 3005
426 102 519 152 Cap.
553 102 669 140 CXX.
735 104 791 140 De
824 108 954 139 sancto
987 100 1195 140 BernardO.
1425 99 1503 138 5:37

115 205 260 250 pulsans
278 207 540 254 surgereJubet
562 212 595 242 et
607 207 669 242 Dei
687 207 808 242 audire
832 206 1050 243 sententlam.
1098 204 1161 241 Ille
1177 208 1290 240 autem
1307 205 1504 242 tremebun-

119 270 184 306 dus
202 273 356 306 surrexit
376 276 410 308 et
429 272 598 318 quidquid
617 274 668 307 vir
686 277 826 308 sanctus
843 270 1094 318 praecipiebat,
1117 273 1274 317 protinus
1291 271 1504 316 adimplevit.

118 336 201 372 Cum
221 347 364 384 reguum
382 337 589 374 Germaniae
609 350 671 383 pro
692 338 840 384 quadam
858 348 985 384 magna
1003 336 1163 371 sedanda
1181 336 1358 373 discordia
1383 347 1506 371 servus

117 402 182 438 Dei
199 405 378 448 intrasset,
409 405 696 450 archiepiscopus
729 402 1057 449 ¹)Moguntinensis
1087 402 1320 436 venerabilem
1335 401 1506 448 quendam

119 467 281 503 clericum
306 469 444 505 obviam
471 473 502 506 ei
526 472 631 505 misit.
682 469 745 503 Cui
773 467 851 502 dum
878 467 1026 502 clericus
1060 477 1099 501 se
1133 466 1200 500 sibl
1234 466 1370 501 obviam
1397 478 1417 502 a
1442 479 1505 503 suo

119 533 257 570 domino
290 537 431 570 missum
465 535 576 570 fuisse
609 534 761 575 diceret,
798 535 850 567 vir
883 532 945 567 Dei
984 531 1183 577 respondit:
1220 532 1310 567 alius
1345 533 1506 568 dominus

119 601 214 634 misit
246 604 292 635 te.
347 600 498 635 Miratus
541 600 601 636 ilie
643 610 683 636 se
722 601 862 635 nonnisi
906 608 927 633 a
966 607 1029 632 suo
1065 597 1204 633 domino
1237 598 1506 644 archiepiscopo

118 666 257 700 missum
282 665 395 700 fuisse
419 665 630 703 affirmabat.
677 665 830 701 Econtra
854 675 976 700 servus
1003 664 1134 700 Christi
1167 664 1323 700 dicebat:
1357 665 1505 708 falleris,

119 729 180 774 fili,
208 730 364 774 falleris;
385 732 498 777 major
518 731 676 767 dominus
692 736 757 774 est,
779 733 837 777 qui
856 732 949 765 misit
964 735 1010 772 te,
1039 730 1209 765 Christus.
1241 731 1339 771 Quod
1357 731 1506 767 clericus

117 796 322 844 intelligens
347 799 416 832 ait:
451 802 572 843 putas,
608 798 701 843 quod
736 796 924 832 monachus
960 797 1059 831 velim
1096 795 1204 831 lieri?
1251 796 1355 832 Absit
1386 796 1453 832 hoc
1486 807 1507 832 a

117 863 188 897 me!
215 873 284 897 non
312 866 466 910 cogitavi
493 874 555 899 nec
580 863 763 898 adscendit
789 873 896 907 super
921 872 981 897 cor
1008 873 1128 897 meum.
1180 862 1268 902 Quid
1296 862 1423 907 plura?
1469 862 1506 897 ln

118 927 240 963 eodem
274 930 400 965 itinere
435 930 579 965 saeculo
612 929 776 964 valefecit
808 933 842 964 et
873 938 894 962 a
928 929 1001 962 viro
1043 927 1105 963 Dei
1140 927 1295 962 habitum
1339 931 1506 974 suscepit.

118 993 201 1028 Cum
245 995 416 1040 quendam
455 996 597 1031 militem
635 994 737 1030 valde
777 993 927 1028 nobilem
968 993 1011 1028 ad
1056 993 1211 1029 ordinem
1246 996 1442 1039 recepisset
1474 999 1508 1030 et

119 1061 227 1094 virum
261 1061 325 1096 Dei
358 1060 508 1106 quodam
540 1066 696 1107 tempore
739 1064 967 1106 sequeretur,
1020 1061 1231 1106 gravissima
1273 1062 1390 1106 coepit
1429 1065 1506 1096 ten-

116 1127 249 1162 tatione
273 1126 417 1171 pulsari.
468 1127 549 1163 Cum
584 1131 697 1162 autem
734 1138 808 1162 eum
845 1125 985 1172 quidam
1013 1125 1055 1160 de
1082 1125 1250 1160 fratribus
1277 1129 1345 1160 tam
1369 1128 1505 1162 tristem

116 1191 271 1235 videret,
313 1202 453 1228 causam
496 1198 614 1229 tantae
657 1195 824 1228 tristitiae
865 1193 1059 1237 requisivit.
1110 1191 1172 1226 Cui
1207 1192 1267 1227 ille
1305 1192 1506 1238 respondit:

117 1259 213 1302 scio,
246 1259 376 1304 inquit,
410 1261 508 1302 scio,
536 1259 636 1305 'quod
662 1270 835 1305 nunquam
863 1258 1012 1303 amplius
1042 1258 1154 1293 laetus
1179 1269 1251 1293 ero.
1302 1258 1402 1298 Quod
1430 1270 1505 1294 ver-

117 1325 196 1358 bum
212 1334 286 1358 cum
308 1324 422 1359 dictus
438 1324 548 1360 frater
567 1325 611 1360 ad
630 1335 766 1360 servum
787 1325 850 1360 Dei
874 1324 1065 1366 retulisset,
1093 1324 1151 1359 ille
1181 1335 1242 1369 pro
1270 1335 1311 1359 eo
1340 1327 1506 1359 attentius

117 1391 234 1424 oravit
249 1391 435 1435 statimque
456 1390 514 1425 illc
534 1391 652 1433 frater,
671 1392 729 1436 qni
747 1395 814 1425 tarn
833 1392 1153 1437 gravitertentatus
1167 1392 1402 1425 ettamtristis
1418 1395 1506 1433 erat,

117 1459 250 1489 tantum
278 1458 428 1491 caeteris
455 1458 619 1502 apparuit
639 1456 829 1502 jucundior
854 1460 888 1491 et
914 1455 1080 1498 hilarior,
1114 1460 1276 1501 qnantum
1304 1459 1400 1501 prius
1426 1466 1507 1491 cae-

118 1522 204 1556 teris
230 1522 378 1556 tristior.
428 1521 510 1556 Cum
536 1527 649 1558 autem
676 1524 708 1558 ei
734 1522 847 1556 dictus
875 1522 983 1556 frater
1010 1521 1151 1557 verbum
1178 1523 1388 1564 moestitiae,
1416 1523 1508 1568 quod

119 1587 256 1622 locutus
282 1586 415 1630 fuerat,
452 1588 688 1623 amicabiliter
723 1590 1000 1633 improperaret,
1038 1587 1097 1622 ille
1133 1587 1314 1632 respondit
1340 1591 1373 1622 et
1399 1587 1507 1622 dixit:

124 1655 157 1696 ²)
169 1654 235 1688 etsi
260 1657 340 1688 tunc
365 1653 450 1696 dixi,
478 1664 660 1699 numquam
686 1654 835 1698 amplius
860 1653 974 1687 laetus
1000 1663 1073 1696 ero,
1100 1652 1163 1688 sed
1190 1663 1277 1687 nunc
1304 1652 1394 1694 dico,
1421 1663 1506 1687 nun-

121 1729 222 1764 quam
257 1719 406 1764 amplius
435 1721 547 1754 tristis
579 1730 651 1755 ero.
702 1720 784 1754 Cum
818 1722 960 1753 sanctus
993 1718 1190 1753 Malachlus
1220 1720 1408 1763 episcopus
1440 1716 1507 1762 lly-

121 1784 276 1827 berniae,
303 1785 403 1830 cujus
431 1786 534 1819 vitam
559 1785 696 1830 plenam
724 1784 909 1819 virtutibus
937 1785 1012 1829 ipse
1040 1785 1239 1830 descripsit,
1269 1783 1313 1818 ad
1334 1783 1508 1817 Christum

123 1849 275 1884 feliciter
308 1851 343 1884 in
380 1852 594 1886 monasterio
629 1861 692 1885 suo
727 1852 917 1897 migrasset
953 1855 987 1885 et
1023 1852 1075 1885 vir
1101 1850 1163 1885 Dei
1200 1861 1262 1895 pro
1290 1860 1331 1884 eo
1358 1849 1509 1883 hostiam

120 1914 309 1950 salutarem
338 1916 501 1960 offerret,
537 1917 685 1963 gloriam
723 1917 799 1962 eJus
825 1915 899 1951 Deo
928 1916 1106 1951 revelante
1130 1917 1297 1962 cognovit
1329 1919 1363 1950 et
1388 1914 1509 1950 codem

123 1981 315 2024 inspirante
343 1986 424 2026 post
452 1984 724 2017 communionem
750 1981 894 2016 sormam
922 1983 1093 2016 orationis
1128 1983 1273 2016 mutavit
1305 1981 1400 2016 laeta
1426 1990 1512 2015 voce

123 2045 177 2078 sio
206 2044 347 2079 dicens:
372 2045 480 2088 Deus,
507 2048 565 2091 qui
589 2047 729 2082 beatum
756 2046 968 2081 Malachium
995 2050 1191 2080 sauctorum
1216 2050 1353 2080 tuorum
1378 2046 1511 2079 meritis

124 2110 349 2154 coaequasti,
375 2109 512 2151 tribue,
541 2120 769 2155 quaesumus,
799 2114 855 2152 ut,
882 2113 938 2155 qui
967 2112 1147 2155 pretiosae
1173 2111 1293 2143 mortis
1322 2113 1398 2155 ejus
1422 2109 1514 2144 festa

125 2175 284 2220 agimus,
310 2175 404 2209 vitae
430 2185 567 2221 quoque
589 2176 760 2211 imitemur
780 2175 950 2220 exempla.
1001 2175 1064 2210 Cui
1093 2173 1170 2208 dum
1195 2179 1316 2209 cantor
1341 2176 1512 2216 innueret,

126 2240 219 2286 quod
246 2243 399 2283 erraret,
432 2241 497 2274 ait:
530 2251 597 2276 non
624 2251 721 2285 erro,
757 2240 821 2276 sed
855 2243 957 2283 novi,
994 2239 1087 2286 quod
1114 2239 1207 2277 dico.
1254 2240 1387 2276 Deinde
1413 2251 1512 2276 acce-

127 2305 213 2339 dens
247 2314 350 2339 sacra
386 2306 463 2350 eJus
490 2307 644 2353 vestigia
668 2307 857 2342 osculatur.
908 2306 990 2341 Cum
1017 2306 1167 2340 instante
1195 2306 1468 2352 quadragesima
1494 2316 1515 2339 a

127 2370 243 2404 multis
278 2369 403 2405 suisset
435 2371 610 2406 tironibus
646 2374 827 2414 visitatus,
867 2371 1007 2417 rogavit
1034 2381 1116 2413 eos,
1149 2375 1187 2406 ut
1220 2373 1255 2405 in
1288 2371 1358 2405 illis
1392 2370 1514 2406 saltem

127 2437 239 2470 saeris
275 2433 399 2470 diebus
434 2446 454 2470 a
488 2438 561 2472 suis
597 2437 809 2472 vanitatibus
846 2441 880 2472 et
914 2437 1070 2470 lasciviis
1102 2436 1331 2471 abstinerent.
1383 2434 1515 2476 Quibus

125 2500 220 2536 nullo
245 2500 347 2535 modo
375 2501 683 2547 acquiescentibus
705 2503 814 2547 miussit
840 2503 882 2535 iis
905 2502 1086 2546 propinari
1106 2502 1219 2536 vinum
1238 2501 1378 2537 dicens:
1404 2500 1515 2537 bibite

126 2566 287 2612 poculum
322 2568 524 2601 animarum.
584 2552 668 2607 Quo*
704 2567 829 2602 hausto
873 2565 988 2600 subito
1024 2567 1142 2601 mutati
1178 2566 1345 2602 recedunt
1386 2571 1420 2601 et
1457 2568 1513 2613 qni

195 2665 223 2697 1)
243 2664 295 2691 Ed.
314 2668 357 2692 l'r.
377 2673 431 2698 pro
452 2674 478 2691 v.
500 2667 609 2697 Mogn
622 2663 823 2691 utinensis
844 2663 915 2696 legit
936 2663 1100 2696 quidam.
1205 2666 1233 2697 2)
1252 2664 1366 2691 Verba:
1387 2662 1466 2691 etsi
1485 2677 1512 2683 —

129 2708 145 2734 ιῑ
158 2708 212 2735 ixi
233 2708 343 2736 omittit
362 2708 415 2735 td.
436 2712 477 2735 l'r.
