1742 3005
246 122 325 161 7015
385 125 479 171 (ap.
515 119 645 155 (tux.
714 120 770 154 De
803 117 940 153 sanctis
971 117 1138 165 Symone
1169 124 1204 154 et
1234 117 1332 155 Juda
1363 118 1558 168 apostolis.

244 233 308 261 tem
338 225 480 267 recepit.
506 242 548 247 -
573 242 616 248 -—
643 240 687 245 -—
728 223 770 257 2.
803 220 914 255 Judas
944 224 1056 255 autem
1083 224 1209 265 postea
1238 223 1271 255 in
1305 222 1562 267 Mesopotamia
1598 224 1631 254 et

245 292 353 325 Ponto
389 287 626 332 praedicavit,
661 285 788 331 Syrnon
814 296 897 321 vero
934 287 967 319 in
1000 285 1175 331 Aegypto,
1222 285 1354 320 Deinde
1385 288 1420 320 in
1452 286 1629 322 Persidem

246 355 345 389 ambo
375 356 542 387 venerunt
570 356 601 386 et
629 351 756 386 ibidem
781 350 867 385 dues
895 361 1039 397 magos,
1077 351 1213 386 Zaroen
1248 356 1282 387 et
1306 351 1509 396 Arpliaxat‚
1544 362 1631 397 quos

244 419 445 455 Matthaeus
483 418 525 452 de
559 417 750 462 Aethiopia
788 416 993 463 fugaverat,
1039 418 1260 452 invenerunt.
1309 416 1408 451 Tunc
1432 417 1630 459 Baradacli‚

245 487 313 519 dux
341 486 437 530 regis
462 483 692 528 Babyloniae,
719 487 840 517 contra
864 482 967 517 lndos
996 483 1039 517 ad
1067 482 1235 527 proelium
1258 483 1478 527 profecturus
1503 482 1632 516 nullum

244 562 265 585 a
298 550 372 585 Diis
407 551 480 584 suis
506 551 618 594 potuit
644 548 776 584 babere
802 559 1020 594 responsum.
1068 548 1262 594 Pergentes
1295 553 1409 582 autem
1442 547 1486 582 ad
1519 548 1633 581 sanum

245 618 425 661 proximae
469 616 620 649 civitatis
663 614 790 649 ibidem
834 614 1030 649 babuerunt
1077 624 1303 659 responsum,
1354 614 1445 659 quod
1491 616 1634 658 propter

246 681 449 726 apostolos,
483 682 542 725 qui
577 684 762 722 venerunt,
800 680 855 714 Dii
889 680 1103 724 respondere
1138 690 1204 713 non
1232 684 1388 724 possent.
1439 679 1540 713 'l'nne
1565 677 1634 712 dux

247 758 309 782 eos
345 746 472 790 inquiri
507 746 591 779 fecit
623 751 657 779 et
690 746 870 787 inventos,
907 748 1044 790 quinam
1080 749 1200 779 essent
1234 745 1286 780 vel
1324 756 1391 790 qua
1426 744 1467 779 de
1501 754 1538 779 re
1573 754 1632 778 ve-

248 815 400 853 nissent,
435 812 626 855 inquisivit.
677 810 741 850 Qui
778 810 1047 855 responderunt:
1089 812 1119 843 si
1153 820 1264 856 genus
1290 811 1450 855 quaeris,
1488 809 1634 844 hebraei

248 887 379 918 sumus,
408 878 437 910 si
466 876 711 918 conditionem,
740 886 861 910 servos
889 875 1018 910 Christi
1044 885 1107 909 nos
1135 886 1213 910 esse
1239 876 1399 917 fatemur,
1425 876 1455 909 si
1479 884 1634 916 causam,

248 944 373 978 salutis
399 946 538 976 restrae
555 951 662 975 causa
684 941 750 976 huo
769 943 934 976 venimus
986 941 1118 981 Quibus
1140 941 1208 975 dux
1230 941 1428 986 respondit:
1458 950 1531 974 euin
1551 939 1634 975 felix

249 1019 410 1045 reversus
441 1008 560 1049 suero,
596 1006 734 1041 audiam
762 1017 834 1041 vos.
886 1006 946 1041 Cui
973 1007 1142 1051 apostoli:
1178 1007 1279 1041 modo
1308 1008 1420 1052 magis
1446 1016 1634 1051 congruum

249 1079 323 1115 est,
356 1078 391 1107 te
419 1083 634 1118 cognoscere
661 1073 774 1114 illum,
810 1073 909 1118 eujus
943 1083 1011 1117 ope
1038 1074 1177 1107 vincere
1204 1074 1341 1117 possis,
1381 1073 1433 1107 vel
1459 1076 1553 1107 certe
1580 1081 1635 1106 re-

250 1140 361 1174 belles
388 1140 634 1183 pat-atissimos
665 1139 830 1172 invenire.
881 1138 1013 1177 Quibus
1042 1138 1127 1171 dux:
1162 1139 1235 1173 Diis
1264 1140 1392 1172 nostris
1419 1140 1635 1182 potentiores

252 1216 312 1239 vos
344 1203 465 1245 video,
498 1202 597 1237 tinem
623 1204 708 1238 belli
742 1203 864 1246 nobis,
899 1215 1007 1250 rogo,
1042 1203 1246 1248 praedicite.
1297 1203 1359 1238 Cui
1390 1203 1563 1248 apostoli:
1600 1206 1637 1237 ut
1685 1217 1688 1219 ¹

251 1272 345 1306 Deos
379 1275 459 1303 tuos
495 1269 680 1304 mendaces
715 1280 795 1304 esse
830 1279 1049 1315 cognoscas,
1085 1269 1248 1314 jubemus
1285 1269 1366 1303 illos
1398 1269 1444 1303 ad
1475 1271 1637 1314 quaesita

250 1338 333 1371 dare
361 1346 552 1380 responsa,
594 1340 649 1378 ut,
687 1335 764 1369 dum
801 1335 977 1380 dixerint,
1013 1345 1101 1381 quae
1136 1336 1320 1380 ignorant,
1357 1335 1541 1379 probemus
1575 1345 1636 1370 eos

250 1414 313 1449 per
348 1403 463 1438 omnia
499 1411 579 1436 esse
612 1402 786 1437 mentitos.
837 1401 938 1435 Tune
974 1401 1187 1446 phantastici
1223 1400 1357 1446 grande
1384 1400 1510 1435 bellum
1537 1399 1635 1435 dixe-

251 1473 329 1503 runt
355 1468 503 1502 futurum
531 1472 565 1502 et
592 1467 730 1501 multum
761 1467 925 1512 populum
953 1467 1030 1501 hine
1057 1466 1139 1502 inde
1165 1467 1300 1512 proelio
1321 1468 1499 1502 ruiturum.
1537 1465 1635 1500 Tunc

251 1535 403 1580 apostoli
431 1535 546 1568 ridere
576 1537 778 1578 coeperunt.
827 1533 920 1567 Dicit
946 1534 987 1567 iis
1017 1533 1104 1567 dux:
1140 1544 1192 1567 me
1217 1534 1318 1567 timor
1347 1534 1487 1574 invasit,
1516 1535 1550 1566 et
1574 1541 1636 1565 vos

253 1600 404 1635 ridetis?
454 1600 516 1633 Cui
542 1599 716 1642 apostoli:
754 1599 825 1633 noli
851 1600 992 1642 timere,
1027 1601 1107 1644 quia
1134 1609 1200 1643 pax
1226 1598 1293 1632 bue
1319 1599 1498 1633 nobiscum
1526 1598 1635 1631 intra-

252 1669 315 1708 vit,
351 1670 384 1699 et
420 1675 497 1699 cras
534 1663 623 1697 hora
655 1663 724 1697 diei
758 1666 863 1698 tertia
888 1665 998 1710 legati
1023 1665 1183 1699 Indorum
1210 1665 1254 1699 ad
1277 1669 1311 1699 te
1337 1666 1476 1699 venient
1500 1667 1533 1698 et
1555 1666 1637 1697 tuae

252 1744 288 1767 se
337 1733 501 1776 potestati
547 1740 619 1763 eum
664 1738 750 1773 pace
789 1729 989 1773 subjicient.
1041 1730 1140 1765 Tune
1176 1730 1359 1775 pontifices
1394 1732 1499 1764 risum
1535 1729 1637 1763 etiam

251 1799 454 1832 levaverunt
480 1800 514 1830 et
539 1795 616 1828 duci
644 1794 821 1828 dixerunt:
847 1793 890 1827 ad
918 1794 983 1828 hoe
1010 1796 1068 1828 isti
1096 1799 1130 1829 te
1156 1806 1315 1829 securum
1340 1795 1488 1829 reddere
1507 1794 1634 1833 volunt,

251 1867 305 1905 ut,
340 1862 417 1895 (lum
451 1863 610 1895 incautus
645 1861 772 1902 fueris,
808 1859 851 1893 ab
890 1860 1105 1895 adversariis
1132 1862 1324 1905 occuperis,
1375 1860 1436 1893 Cui
1462 1859 1635 1903 apostoli:

252 1939 317 1962 non
347 1926 495 1960 diximus
521 1926 604 1968 tibi,
633 1929 799 1970 exspecta
826 1937 925 1959 unum
955 1937 1125 1967 mensem,
1152 1925 1214 1961 sed
1241 1936 1341 1959 unum
1369 1925 1471 1966 diem,
1499 1929 1533 1958 et
1558 1934 1635 1957 eras

253 1996 284 2027 in
311 2003 396 2037 pace
424 1994 536 2026 victor
551 1993 712 2025 exsisles.
764 1990 863 2024 Tinic
883 1991 950 2024 dux
971 1996 1137 2037 utrosque
1158 1991 1326 2025 custodiri
1347 1991 1441 2032 fecit,
1468 1994 1503 2024 ut
1523 2000 1563 2025 ex
1586 1991 1635 2023 rei

252 2060 344 2093 exitu
386 2067 529 2091 veraces
567 2056 823 2090 honorarentur
849 2061 890 2091 ,οῐ
923 2057 1107 2091 mendaces
1143 2068 1205 2102 pro
1241 2058 1381 2091 crimine
1421 2057 1635 2101 punirentin·.

252 2124 333 2158 Cum
368 2134 453 2168 ergo
490 2124 522 2155 in
548 2123 757 2163 crastinum,
791 2122 885 2167 quod
910 2123 1062 2167 apostoli
1091 2123 1360 2168 praedixerant,
1397 2123 1572 2157 evenisset
1603 2124 1637 2156 et

252 2191 318 2224 dux
344 2188 531 2223 incendere
557 2188 727 2221 voluisset
765 2188 965 2232 pontifices,
1001 2189 1253 2234 prohibuerunt
1283 2188 1455 2232 apostoli,
1492 2198 1534 2222 ne
1571 2187 1636 2221 boc

252 2257 369 2290 lieret,
415 2264 488 2287 enm
525 2254 592 2297 ipsi
628 2264 695 2287 non
730 2255 887 2289 viventes
925 2255 1106 2296 occidere,
1152 2254 1215 2288 sed
1263 2259 1416 2287 mortuos
1461 2254 1635 2288 vivilieare

250 2321 346 2355 missi
375 2324 504 2355 essent.
553 2318 651 2353 Tunc
678 2319 746 2353 dux
774 2320 875 2354 valde
901 2322 1066 2362 miratus,
1102 2320 1195 2366 quod
1231 2330 1291 2355 eos
1325 2319 1434 2354 occidi
1462 2330 1529 2353 non
1555 2329 1635 2364 per-

251 2388 425 2420 mitterent
450 2389 483 2419 et
509 2386 591 2429 qnia
616 2384 657 2419 de
684 2384 785 2418 bonis
811 2385 947 2419 illorum
974 2386 1107 2432 aliquid
1141 2387 1296 2430 recipere
1323 2385 1474 2426 nollent,
1502 2394 1563 2419 eos
1590 2383 1634 2417 ad

252 2462 367 2497 regem
395 2450 493 2484 duxit
512 2450 652 2485 dicens:
683 2452 753 2493 isti,
780 2461 854 2493 rex,
882 2455 962 2485 sunt
987 2452 1041 2486 Dii
1071 2452 1220 2487 latentes
1248 2452 1280 2485 in
1308 2450 1427 2497 effigie
1451 2450 1632 2484 hominum.

250 2517 403 2561 Cumque
433 2515 502 2549 sibi
533 2517 648 2549 omnia
682 2516 928 2560 praesentibus
964 2518 1154 2562 praedietis
1180 2517 1293 2562 magis
1319 2519 1518 2555 narrasset,
1555 2513 1632 2547 zelo

250 2581 402 2615 invidiae
427 2582 520 2626 magi
544 2583 704 2615 commoti
731 2581 892 2617 dixerunt
919 2593 980 2618 eos
1005 2584 1178 2629 malignos
1204 2593 1283 2617 esse
1302 2586 1336 2616 et
1352 2585 1472 2616 contra
1489 2588 1631 2624 regnum

250 2645 426 2679 subtiliter
453 2647 623 2689 cogitare.
660 2646 756 2681 Dixit
782 2648 824 2681 iis
851 2648 938 2684 dux:
973 2650 1004 2684 si
1029 2649 1187 2689 andem,
1223 2657 1295 2683 eum
1323 2647 1366 2681 iis
1396 2643 1630 2689 ¹)c0nssigite.

318 2722 343 2754 1)
365 2721 414 2750 Ed.
435 2725 477 2748 l'r.
497 2723 709 2756 confligere
729 2724 824 2752 offert.
