1742 3005
249 102 342 151 Cap.
374 101 523 140 CXLV.
586 103 645 140 De
676 109 809 140 sancto
840 103 1026 141 Michaele
1059 104 1300 155 archangele.
1387 104 1495 144 649,

89 204 216 239 ibidem
234 206 416 240 missarum
433 206 645 250 sollemniis,
674 218 747 242 cum
767 217 899 242 sacram
922 211 1191 244 communIonem
1212 210 1343 257 singuli
1367 220 1469 247 acee-

89 271 236 315 pissent,
263 281 382 307 omnes
408 271 451 305 ad
477 274 622 317 propria
646 283 720 307 cum
746 274 910 308 immenso
937 274 1068 320 gaudio
1099 274 1298 319 redierunt,
1333 278 1472 321 episco-

89 345 153 380 pus
188 340 302 371 autem
337 337 466 372 ibidem
501 338 706 373 sacerdotes
743 343 776 373 et
809 339 956 373 clericos
999 339 1199 385 delegavit,
1242 342 1300 387 qui
1338 343 1474 387 jugiter

88 400 239 436 divinum
272 402 423 438 officium
462 403 693 438 celebrarent.
743 403 777 437 In
816 403 936 438 eadem
971 405 1137 448 spelunca
1168 416 1261 451 aqua
1296 406 1414 441 lucida
1439 411 1473 442 et

89 467 226 501 nimium
253 467 365 503 dulcis
391 474 547 512 emanat,
580 479 649 514 qua
682 472 763 512 post
795 469 1068 502 communionem
1094 470 1247 514 populus
1273 475 1413 515 potatur
1439 476 1474 507 et

88 532 249 568 diversae
275 534 514 579 aegritudines
539 537 716 567 sanantur.
767 532 867 566 Tunc
893 542 1044 568 summus
1079 534 1238 578 pontifex
1263 534 1318 569 his
1343 536 1472 570 auditis

90 597 178 632 hunc
214 597 302 633 diem
338 600 372 632 in
400 597 567 632 honorem
602 599 717 632 sancti
741 596 927 632 Michaelis
961 602 995 633 et
1020 600 1168 633 omnium
1194 599 1374 635 beatorum
1400 603 1474 646 spi-

90 664 214 697 rituum
241 673 303 707 per
326 667 434 698 totum
467 662 586 698 orbem
612 663 859 698 universaliter
884 665 1005 698 statuit
1036 664 1293 700 celebrandum.
1343 666 1475 707 Quarto

90 728 177 763 haee
209 728 427 764 sollemnitas
462 728 589 763 dicitnr
623 730 789 764 memoria
821 730 933 764 sanc-ti
959 729 1167 765 Michaelis:
1203 732 1238 765 in
1266 741 1334 777 qua
1359 736 1475 767 tamen

89 793 325 830 sollemnitate
359 796 506 829 omnium
542 795 746 841 angelorum
773 796 969 829 memoriam
997 797 1133 841 agimus
1160 800 1195 832 et
1221 808 1340 832 omnes
1365 808 1475 843 genc-

90 859 212 894 raliter
244 859 469 896 honoramus.
517 860 625 896 Decet
660 870 807 906 namque
843 870 907 894 nos
934 860 1056 895 iisdem
1083 861 1221 896 laudem
1249 867 1283 897 et
1307 862 1474 897 honorem

90 925 289 970 impendere
325 925 507 970 multiplici
540 928 688 960 ratione.
737 925 807 970 Ipsi
833 926 922 960 enim
950 930 1029 960 sunt
1055 927 1221 962 custodes
1246 929 1379 970 nostri,
1411 930 1475 962 mi<

90 992 298 1026 nisti-atores
322 993 453 1034 nostri,
491 991 619 1026 fratres
644 995 678 1026 et
707 992 869 1026 concives
896 992 1029 1034 nostri,
1064 994 1253 1027 animarum
1280 997 1476 1027 nostrarum

90 1058 280 1101 portitores
306 1058 341 1091 in
360 1057 507 1100 coelum,
529 1058 724 1091 orationum
750 1060 946 1091 nostrarum
973 1057 1066 1102 apud
1091 1058 1199 1093 Deum
1228 1063 1474 1104 repraesenta-

89 1126 198 1165 tores,
227 1124 324 1168 regis
349 1124 484 1158 aeterni
509 1122 720 1157 nobilissimi
746 1122 874 1157 milites
901 1127 936 1157 et
958 1123 1201 1159 tribulatorum
1220 1125 1475 1159 consolatores.

91 1188 204 1223 Primo
238 1188 346 1234 igitur
378 1188 544 1224 debemus
582 1199 643 1224 eos
676 1188 874 1230 honorare,
913 1190 996 1233 quia
1039 1194 1119 1223 sunt
1152 1190 1316 1224 custodes
1352 1191 1475 1224 nostri.

92 1253 244 1288 Cuilibet
274 1255 362 1288 enim
388 1254 518 1289 homini
545 1255 670 1289 dantur
698 1254 766 1288 duo
793 1254 925 1299 angeli,
951 1264 1038 1289 unus
1064 1255 1175 1290 malus
1197 1255 1241 1290 ad
1260 1257 1476 1297 exercitium,

90 1320 182 1355 alter
205 1320 317 1355 bonus
345 1319 390 1354 ad
417 1320 694 1355 custodiendum.
743 1319 915 1355 Custodia
942 1322 1029 1355 enim
1054 1320 1137 1355 boni
1156 1321 1274 1367 angeli
1292 1321 1479 1366 deputatur

92 1385 222 1420 homini
237 1387 321 1421 etin
339 1387 522 1421 nativitate
543 1387 624 1420 etin
640 1390 739 1421 utero
758 1389 792 1420 et
817 1386 933 1419 statim
960 1390 1040 1430 post
1065 1388 1282 1422 nativitatem
1310 1398 1353 1422 ex
1377 1391 1477 1422 utero

94 1455 129 1486 et
159 1461 297 1496 semper
329 1455 383 1486 est
418 1461 493 1484 cuni
526 1452 602 1496 ipso
633 1452 706 1497 Jam
741 1451 875 1486 adulto.
922 1450 961 1485 In
996 1451 1060 1486 hoc
1096 1454 1185 1487 enim
1217 1452 1350 1498 triplici
1384 1457 1478 1487 statu

93 1517 296 1552 necessaria
329 1520 384 1551 est
413 1515 543 1550 homini
580 1517 741 1552 custodia
773 1517 954 1563 angelica:
998 1528 1074 1552 nam
1110 1518 1187 1552 dum
1223 1518 1391 1562 parvulus
1425 1523 1479 1553 est

93 1581 206 1617 adbuc
229 1583 263 1616 in
289 1585 412 1626 utero,
446 1586 563 1627 potest
599 1584 735 1618 interim
769 1587 803 1618 et
827 1581 1003 1625 damnari;
1038 1583 1115 1618 dum
1142 1588 1195 1619 est
1220 1588 1320 1618 extra
1344 1588 1477 1618 uterum

94 1651 176 1683 ante
201 1646 356 1682 adultam
382 1652 551 1690 aetatem,
586 1652 704 1693 potest
740 1659 761 1683 a
792 1648 1003 1694 baptismate
1030 1649 1212 1694 impediri,
1249 1649 1327 1683 dum
1359 1653 1414 1683 est
1444 1651 1477 1683 in

93 1713 214 1748 adulta
240 1717 376 1756 aetate,
411 1717 530 1758 potest
557 1714 600 1748 ad
628 1714 771 1749 diversa
797 1718 942 1760 peccata
968 1714 1136 1759 pertrahi.
1184 1714 1363 1759 DJabolus
1389 1716 1478 1750 enim

94 1782 127 1813 in
156 1779 294 1813 homine
327 1778 447 1813 adulto
481 1781 647 1814 rationem
674 1780 809 1815 seducit
833 1791 895 1825 per
925 1782 1092 1823 astutiaS,
1124 1780 1335 1815 voluntatem
1368 1780 1480 1815 allicit

94 1855 157 1890 per
181 1844 390 1887 blanditias,
418 1846 578 1879 virtutem
604 1847 769 1891 opprimit
791 1857 854 1891 per
874 1847 1083 1880 violentiam.
1131 1845 1213 1881 Ideo
1234 1856 1380 1881 necesse
1401 1845 1478 1888 suit,

94 1914 131 1944 ut
153 1909 265 1944 bonus
290 1910 437 1956 angelus
464 1910 575 1946 eidem
593 1911 637 1945 ad
655 1911 848 1946 custodiam
872 1911 1070 1957 deputetur,
1097 1916 1134 1946 ut
1152 1911 1321 1947 hominem
1342 1911 1481 1946 erudiat

95 1978 131 2008 et
154 1973 286 2019 dirigat
311 1978 432 2009 contra
456 1976 650 2020 fallaciam,
686 1976 890 2012 exhortetur
926 1982 960 2012 et
986 1979 1105 2012 incitet
1137 1977 1180 2011 ad
1207 1977 1332 2012 honum
1357 1981 1480 2012 contra

96 2037 287 2073 blanditias
321 2042 356 2073 et
388 2039 556 2075 defendat
590 2041 633 2075 ab
658 2043 891 2085 oppressione
918 2046 1040 2075 contra
1064 2042 1278 2078 violentiam.
1324 2042 1479 2076 Effectus

95 2107 210 2138 autem
235 2102 418 2148 angelicae
442 2104 624 2139 custodiae
650 2107 682 2138 in
699 2105 837 2139 homine
858 2105 1135 2149 quadrupliciter
1155 2108 1331 2151 assignari
1350 2110 1478 2150 potest.

96 2169 230 2204 Primus
256 2171 329 2210 est,
362 2171 399 2202 ut
431 2167 593 2212 proficiat
617 2170 731 2203 anima
754 2170 788 2202 in
813 2169 940 2203 bonum
965 2171 1123 2214 gratiae,
1156 2175 1191 2205 et
1215 2170 1282 2204 hoc
1307 2170 1390 2204 facit
1414 2180 1476 2204 an-

96 2234 200 2281 gelus
225 2235 259 2268 in
284 2234 399 2268 anima.
424 2233 536 2268 tribus
561 2234 692 2269 modis:
716 2235 827 2279 primo
854 2245 953 2268 omne
980 2235 1256 2280 impedimentum
1281 2235 1324 2270 ad
1351 2235 1478 2270 bonum

98 2298 327 2341 removendo;
363 2297 429 2333 hoc
461 2301 635 2345 signatum
667 2303 721 2334 est
753 2298 864 2334 Exod.
899 2299 980 2342 XII,
1021 2300 1082 2334 ubi
1122 2301 1270 2347 angelus
1305 2303 1480 2346 percussit

97 2364 333 2410 primogenita
358 2363 533 2410 Aegypti3
561 2364 714 2399 secundo
740 2366 916 2411 pigritiam
943 2365 1148 2409 excitando,
1183 2366 1276 2412 quod
1303 2368 1478 2411 signatum

97 2433 152 2465 est
184 2428 332 2463 Zachar.
364 2427 427 2471 IV,
463 2429 522 2463 ubi
558 2429 701 2464 dicitur:
742 2430 890 2476 angelus
928 2430 1058 2464 domini
1089 2433 1256 2466 excitavit
1291 2442 1343 2466 me
1374 2432 1479 2476 quasi

97 2495 288 2537 hominem,
313 2495 372 2540 qui
398 2495 570 2529 excitatur
594 2504 615 2528 a
641 2504 779 2536 somno;
805 2496 909 2529 tei-tle
934 2496 967 2528 in
988 2497 1044 2530 via
1063 2497 1301 2540 poenitentiae
1321 2495 1477 2531 ducendo

97 2564 131 2596 et
155 2558 378 2602 reducendo,
410 2559 504 2605 qnod
529 2559 758 2606 significatum
788 2564 840 2594 est
865 2559 958 2596 Tol).
985 2560 1022 2595 V.
1069 2562 1102 2594 in
1133 2561 1282 2607 angelo,
1318 2563 1377 2607 qui
1403 2572 1477 2597 eum

99 2624 196 2659 duxit
230 2628 264 2660 et
298 2624 446 2660 reduxit.
497 2625 675 2660 Secundus
713 2629 786 2667 est,
821 2629 856 2659 nt
889 2636 954 2660 non
988 2626 1091 2660 cadat
1125 2628 1158 2660 in
1184 2627 1306 2661 malum
1339 2627 1474 2672 culpae,

99 2693 133 2724 et
157 2688 221 2724 hoe
248 2680 339 2726 fac-it·
357 2691 502 2737 angelus
532 2691 640 2725 tribus
669 2690 796 2725 modis:
831 2693 939 2735 primo
969 2691 1186 2736 impediendo
1220 2697 1395 2738 peceatum
1423 2695 1477 2729 {u—
