1742 3005
432 121 528 170 Cap.
560 119 644 156 Xll.
703 119 762 156 De
793 125 922 155 sancto
954 117 1149 156 silvestro.
1431 120 1480 157 73

98 223 256 259 aedificet
287 225 378 258 intra
410 233 526 258 muros
561 223 709 268 aliquus
743 224 906 257 civitatis.
956 222 1112 268 Septima
1137 225 1172 256 ut
1198 220 1242 256 ad
1267 221 1481 257 aedificatio-

97 300 173 325 nem
200 290 424 325 ecclesiarum
451 289 605 324 decimae
630 290 893 334 possessionum
918 288 1088 334 regalium
1103 287 1312 324 tribuantur.
1349 288 1483 324 Octava

97 357 289 401 imperator
319 355 363 390 ad
397 355 579 391 ecclesiam
616 356 726 389 sanc-ti
758 354 853 390 Petri
881 356 974 389 venit
1009 358 1043 389 et
1068 353 1110 388 dc
1135 356 1207 388 suis
1231 354 1342 399 culpis
1369 365 1406 390 se
1430 355 1483 389 la-

98 420 333 457 mentabiliter
356 423 552 464 accusavit,
578 421 795 467 postmodum
822 424 963 465 arrepto
988 419 1129 454 bidente
1156 419 1200 453 ad
1227 419 1483 455 fundamentum

99 486 268 522 ecclesiae
301 487 471 522 basilicae
503 485 770 521 construendum
802 489 931 520 terram
963 487 1094 530 primus
1131 487 1268 530 aperuit
1292 490 1326 520 et
1352 486 1483 522 duode-

100 553 164 586 cim
187 552 356 597 cophinos
382 554 418 586 in
444 554 516 586 suis
543 551 697 596 scapulis
723 551 819 585 foras
846 552 960 596 eJecit.
992 570 1038 575 —
1068 571 1113 576 —
1144 554 1187 588 3.
1215 550 1307 586 Haec
1332 551 1389 585 ubi
1416 552 1483 587 He—

100 617 191 660 lena,
218 622 328 652 mater
352 617 570 653 Constantini
592 617 745 662 Augusti
769 619 804 650 in
827 616 1000 652 Bethania
1025 618 1219 651 consistens
1245 616 1398 660 audivit⁷
1422 628 1485 662 per

100 683 235 717 litteras
258 682 379 717 laudat
403 682 520 725 filium,
548 681 641 727 qnod
666 682 949 717 abrenuntiasset
974 682 1170 716 simulacris
1195 682 1395 727 ydolorum,
1423 684 1484 718 sed

101 748 186 784 dure
219 750 397 794 increpat,
448 747 540 793 quod
573 748 695 783 relicto
730 748 802 783 Deo
842 748 1054 784 Judaeorum
1084 748 1281 782 crucifixum
1316 748 1485 784 hominem

101 814 207 849 Deum
233 814 336 849 colat.
409 813 584 848 Rescribit
606 818 720 848 autem
744 815 943 861 Augustus,
995 819 1032 848 ut
1056 813 1268 850 Judaeorum
1296 815 1486 861 magistros

102 890 216 915 secum
242 879 392 914 adducat
416 883 450 915 et
474 881 550 925 ipse
578 878 796 915 Christianos
823 880 984 915 doctores
1010 879 1197 925 proferret,
1223 884 1260 914 ut
1283 882 1333 914 sic
1361 884 1394 915 et
1414 881 1486 915 dis-

102 948 280 991 putatione
305 951 422 980 mutua
446 949 618 990 appareat
642 945 727 980 fides
756 956 849 980 vera.
899 945 1054 980 Adduxit
1078 947 1186 992 igitur
1210 949 1331 979 sancta
1358 945 1488 981 Helena

102 1015 235 1046 centum
261 1013 450 1058 sexaginta
476 1022 575 1046 unum
600 1010 820 1045 doctissimos
844 1011 1069 1055 Judaeorum,
1095 1014 1185 1047 inter
1204 1022 1291 1057 quos
1308 1011 1487 1046 duodecim

102 1081 223 1120 erant,
273 1079 332 1123 qui
356 1079 532 1123 sapientia
558 1081 592 1112 et
619 1076 820 1122 eloquentia
843 1088 928 1123 prae
957 1080 1108 1113 caeteris
1133 1077 1333 1112 rutilabant.
1406 1079 1488 1112 Cum

104 1144 211 1188 igitur
244 1142 416 1179 Silvester
448 1154 523 1178 cum
557 1143 693 1177 clericis
725 1145 797 1178 suis
825 1148 859 1178 et
886 1144 1056 1189 praedicti
1080 1143 1207 1179 Judaei
1239 1143 1282 1177 ad
1307 1142 1488 1188 disputan-

103 1208 182 1243 dum
206 1218 322 1244 coram
353 1211 563 1254 imperatore
591 1209 729 1243 insimul
754 1211 1023 1252 convenissent,
1059 1209 1100 1244 de
1126 1211 1294 1243 communi
1319 1218 1490 1243 consensu

106 1273 193 1309 duos
221 1274 360 1320 judices
392 1275 542 1322 gentiles
577 1276 855 1320 sapientissimos
881 1280 915 1310 et
943 1275 1113 1320 probatos
1138 1276 1275 1309 nomine
1303 1275 1432 1309 Craton
1457 1279 1489 1309 et

106 1338 334 1385 Zenophilum
373 1344 589 1382 statuerunt,
642 1339 685 1374 ad
723 1351 810 1385 quos
845 1343 1034 1385 pertineret
1059 1342 1232 1374 sententia
1256 1339 1488 1375 dicendorum.

107 1405 173 1446 Qui
196 1406 278 1441 licet
304 1406 454 1452 gentiles
479 1410 576 1441 erant
592 1434 600 1448 ‚
647 1411 762 1440 tamen
782 1407 970 1450 Justissimi
998 1409 1031 1440 et
1056 1405 1197 1448 fideles,
1240 1405 1372 1450 talique
1402 1407 1492 1440 inter

108 1482 168 1506 cos
196 1474 370 1507 sententia
393 1476 447 1507 est
472 1471 662 1513 firmatum,
695 1475 732 1504 ut
756 1482 821 1505 uno
847 1475 960 1506 stante
986 1476 1019 1506 et
1044 1471 1207 1516 loquente
1232 1470 1321 1504 alius
1346 1481 1413 1504 non
1439 1471 1492 1504 lo-

108 1541 244 1582 quatur.
313 1536 484 1582 Incipiens
517 1547 604 1582 ergo
639 1537 769 1581 primus
795 1536 837 1570 de
862 1536 931 1570 illis
949 1535 1136 1570 »duodecim
1162 1537 1299 1569 nomine
1320 1535 1493 1570 Abiathar

107 1604 177 1636 ait:
228 1612 302 1637 cum
327 1603 384 1637 isti
409 1606 482 1636 tres
506 1602 600 1637 Deos
628 1601 764 1642 dicant,
816 1605 950 1646 patrem
976 1605 1010 1636 et
1033 1602 1137 1635 tilium
1165 1605 1199 1636 et
1225 1602 1383 1645 spiritum
1411 1612 1492 1636 san-

107 1673 216 1711 ctum,
243 1668 462 1703 manifestum
489 1671 565 1710 est,
593 1678 654 1702 eos
680 1671 800 1701 contra
826 1667 938 1713 legem
965 1678 1094 1713 agere,
1122 1677 1211 1712 qnae
1238 1666 1336 1701 dicit:
1364 1667 1489 1703 videte.

109 1735 192 1779 quia
215 1744 282 1780 ego
314 1744 388 1768 sum
421 1733 517 1767 solus
541 1738 575 1768 ot
599 1744 667 1767 non
693 1737 745 1768 est
770 1733 859 1767 alius
885 1734 978 1768 Deus
1003 1737 1145 1778 praeter
1169 1743 1231 1767 me.
1281 1733 1437 1778 Denique
1464 1736 1493 1768 si

108 1799 236 1842 dicunt,
265 1798 439 1834 Christum
463 1799 570 1834 Deum
596 1810 686 1841 esse7
715 1800 797 1844 quia
823 1799 929 1833 multa
956 1799 1038 1833 fecit
1057 1792 1173 1845 signa*²
1201 1799 1371 1832 innostra
1390 1801 1493 1833 etiam

108 1865 187 1910 lege
219 1864 357 1900 fuerunt
388 1865 504 1907 multi,
551 1867 609 1911 qui
642 1865 809 1899 miracula
840 1865 989 1910 plurima
1023 1864 1180 1899 fecerunt
1209 1869 1243 1899 et
1268 1869 1383 1899 tamen
1408 1876 1496 1899 nun-

110 1941 211 1976 quam
245 1941 287 1966 ex
315 1930 380 1965 hoc
417 1930 560 1966 deitatis
597 1941 719 1966 nomen
752 1931 819 1965 sihi
845 1941 1015 1975 usurpare
1042 1932 1119 1964 ausi
1154 1935 1253 1973 sunt,
1300 1932 1390 1964 sicut
1415 1932 1493 1969 iste,

110 2007 209 2041 quem
236 1998 293 2031 isti
319 1996 478 2032 adorant.
535 1997 590 2032 Ad
617 2008 716 2043 quein
743 1997 934 2031 Silvester:
983 2007 1047 2031 nos
1074 2007 1174 2030 unum
1199 1996 1306 2031 Deum
1335 1996 1494 2037 colimus,

111 2062 172 2097 sed
197 2073 264 2096 non
289 2063 322 2096 in
347 2066 446 2097 tanta
471 2062 658 2098 solitudine
682 2073 757 2097 eum
783 2062 927 2097 dicimus
943 2092 951 2106 ,
999 2067 1036 2097 ut
1059 2062 1223 2108 gaudium
1251 2062 1311 2096 filii
1338 2072 1407 2096 non
1432 2061 1496 2096 ha-

112 2129 220 2164 beret.
269 2127 321 2163 Ex
348 2129 472 2163 vestris
499 2133 612 2180 autem
639 2128 738 2162 libris
765 2128 865 2162 vobis
891 2130 1079 2163 trinitatem
1104 2138 1332 2173 personarum
1354 2127 1496 2162 demon-

113 2199 227 2230 strare
255 2194 419 2229 valemus.
468 2194 554 2228 Nam
582 2198 715 2239 patrem
741 2194 906 2234 dicimus,
945 2194 986 2230 de
1014 2205 1082 2239 quo
1108 2193 1283 2239 propheta
1307 2194 1374 2227 ait:
1422 2195 1497 2239 ipse

114 2261 288 2294 invocavit
312 2270 364 2295 me
387 2263 489 2305 pater
505 2270 617 2299 „meus
643 2271 680 2295 es
707 2264 744 2294 tu
770 2264 856 2303 etc.,
906 2260 1032 2303 filium,
1085 2260 1126 2295 de
1154 2271 1221 2306 quo
1247 2260 1359 2294 idem:
1409 2260 1497 2293 tilius

113 2335 208 2359 meus
235 2335 272 2359 es
296 2329 353 2367 tu,
383 2336 450 2371 ego
479 2325 582 2360 hodie
608 2327 714 2372 genui
740 2331 795 2368 to,
830 2327 989 2371 spiritum
1014 2329 1192 2367 sanctum,
1227 2325 1269 2360 de
1295 2336 1362 2369 quo
1391 2323 1498 2358 idem:

114 2391 240 2434 spiritu
265 2391 336 2423 oris
360 2391 437 2434 ejus
462 2392 570 2424 omnis
607 2393 714 2426 virtus
741 2402 869 2426 eorum.
939 2391 976 2425 In
1004 2390 1070 2425 hoc
1097 2392 1222 2431 etiam,
1273 2388 1365 2433 quod
1391 2388 1500 2421 dixit:

116 2457 283 2489 faciamus
310 2454 479 2489 hominem
504 2455 549 2489 ad
572 2458 766 2502 ymaginem
791 2461 825 2491 et
849 2455 1108 2490 similitudinem
1135 2459 1311 2496 nostram,
1337 2448 1339 2451 ”
1359 2453 1501 2488 eviden-

115 2526 168 2556 ter
200 2525 234 2555 et
267 2530 494 2565 personarum
533 2520 767 2564 pluralitatem
804 2526 837 2556 et
861 2521 1053 2555 divinitatis
1081 2521 1244 2555 unitatem
1274 2519 1499 2555 demonstrat.

114 2587 213 2622 Licet
240 2590 352 2620 autem
379 2587 448 2619 sint
471 2590 543 2620 tres
568 2596 763 2630 personae,
803 2597 889 2620 unus
916 2591 1030 2621 tamen
1054 2586 1148 2620 Deus
1174 2590 1239 2628 est,
1266 2584 1358 2631 quod
1384 2595 1500 2620 exem-

115 2652 174 2696 plo
199 2651 328 2686 visibili
354 2652 575 2697 aliquatenus
601 2651 839 2686 demonstrare
865 2651 1030 2686 valemus.
1102 2651 1146 2686 Et
1169 2652 1344 2696 accipiens
1370 2661 1503 2696 purpu-

115 2727 187 2751 ram
212 2719 445 2763 imperatoris,
471 2721 544 2752 tres
569 2716 616 2751 ibi
640 2717 751 2762 plicas
779 2717 860 2752 fecit
885 2716 1023 2752 dicens:
1048 2726 1127 2752 ecce
1154 2716 1268 2752 videte
1289 2720 1361 2752 tres
1377 2715 1501 2761 plicas,
