1742 3005
268 89 365 138 Cap.
397 87 607 125 LXXXlV.
668 88 727 125 De
758 93 888 124 sancta
917 85 1065 123 Mariua
1094 85 1250 134 virgine.
1371 81 1450 122 353

478 245 603 308 cAP.
638 245 861 307 LXXXIV.
909 246 1040 309 (79.)

263 346 364 391 De
394 346 618 391 saneta
653 343 949 390 ¹)lv1arina
978 343 1254 400 virgine.

151 440 291 477 Mariua
317 445 417 490 virgo
443 445 545 479 unica
571 447 647 478 erat
671 444 764 488 patri
788 453 874 476 suo:
910 452 984 475 cum
1012 446 1126 475 autem
1153 446 1254 486 pater
1280 439 1451 486 quoddam

49 509 310 542 ‘monasterium
334 510 518 550 intrasset,
546 510 691 542 mutavit
713 507 869 541 habitum
895 506 988 541 filiae
1014 516 1122 547 suae,
1150 510 1187 540 ut
1215 516 1283 540 non
1310 505 1451 547 semina,

63 572 126 606 sed
152 573 326 608 masculus
352 573 548 614 videretur,
583 573 803 618 rogavitque.
827 571 990 606 abbatem
1028 575 1061 606 et
1099 571 1249 612 fratres,
1285 575 1322 604 ut
1347 570 1453 604 filium

64 648 164 672 suum
187 639 324 672 unicum
347 640 567 683 reciperent3
603 637 728 682 quibus
756 637 833 682 ejus
861 637 1024 681 precibus
1055 637 1289 672 annuentibus
1316 638 1351 671 in
1377 648 1451 670 ino-

62 702 208 737 nachum
243 706 297 737 est
338 708 501 748 receptus
542 708 576 738 ct
610 703 720 737 frater
752 702 912 737 Marinus
947 702 990 737 ab
1035 703 1195 737 omnibus
1240 703 1450 748 appellatus.

62 767 188 812 Coepit
220 772 335 803 autem
362 768 463 803 valde
492 769 662 815 religiose
690 770 805 803 vivere
834 773 869 803 et
904 767 1005 803 valde
1030 768 1199 802 obediens
1227 778 1317 803 esse.
1369 770 1451 804 Cum

59 837 175 868 autem
199 838 296 869 esset
321 835 446 880 viginti
473 839 603 879 septem
630 844 797 868 annorum
824 838 857 868 et
883 838 984 878 pater
1017 834 1094 878 ejus
1119 844 1158 868 se
1183 839 1293 869 morte
1321 845 1451 880 appro-

60 899 230 944 pinquare
255 901 420 941 sentiret,
459 898 564 933 filiam
599 909 696 934 suain
725 901 864 933 vocavit
890 903 923 933 et
949 900 1059 942 ipsam
1087 900 1121 932 in
1149 900 1241 932 bono
1268 903 1452 945 proposito

59 964 266 998 confirmans
301 966 501 1009 praecepit,
535 976 578 999 ne
612 964 801 1009 aliquando
839 964 943 997 alicui
979 963 1170 1005 revelaret,
1211 965 1302 1009 quod
1329 966 1453 1000 mulier

61 1033 167 1064 esset.
214 1028 291 1064 Ibat
325 1032 434 1076 igitur
470 1030 673 1075 frequenter
706 1040 779 1064 eum
807 1030 965 1074 plaustro
993 1033 1026 1062 et
1052 1029 1164 1063 bobus
1193 1034 1227 1064 et
1254 1030 1352 1076 ligna
1376 1043 1449 1067 mo-

59 1097 215 1130 nasterio
242 1095 445 1131 deserebat:
484 1099 716 1131 consueverat
743 1100 857 1130 autem
884 1095 1057 1139 hospitari
1083 1096 1116 1128 in
1143 1094 1244 1129 domo
1269 1098 1450 1141 eujusdam

62 1161 144 1202 viri,
171 1161 271 1205 eujus
296 1159 368 1195 filia
393 1172 467 1196 cum
495 1162 537 1196 de
565 1161 714 1207 quodam
740 1162 847 1195 milite
872 1161 1107 1204 concepisset,
1135 1161 1353 1208 interrogata
1371 1164 1450 1199 Ma-

60 1226 170 1259 rinum
202 1226 408 1261 monachum
434 1238 473 1262 se
497 1228 650 1261 violasse
677 1229 840 1261 asseruit.
889 1226 1131 1272 Interrogatus
1154 1231 1267 1261 autem
1292 1228 1451 1264 Marinus

59 1302 121 1325 cur
146 1296 279 1327 tantum
316 1292 486 1339 flagitium
521 1298 782 1337 perpetrasset,
818 1302 857 1326 se
892 1302 1060 1335 peccasse
1094 1292 1223 1326 fatetur
1256 1297 1291 1327 et
1316 1296 1451 1330 veniam
1487 1341 1490 1343 Α

59 1361 238 1400 precatum
272 1360 388 1391 statim
414 1358 456 1393 de
481 1359 694 1400 monasterio
722 1359 854 1402 eJectus
880 1357 924 1391 ad
948 1359 1074 1392 ostium
1099 1360 1302 1393 monasterii
1326 1363 1454 1395 mansit

59 1427 94 1456 et
133 1422 248 1457 tribus
292 1425 392 1457 annis
436 1423 564 1458 ibidem
603 1433 811 1467 permanens
848 1422 987 1457 bucella
1028 1426 1129 1468 panis
1173 1427 1448 1461 sustentabatur.

60 1488 280 1523 Postmodum
314 1489 405 1524 lilius
439 1489 636 1524 ablactatus
669 1488 792 1522 abbati
822 1490 968 1522 mittitur
1000 1493 1033 1523 et
1066 1489 1205 1524 Marino
1249 1490 1450 1527 educandus

59 1554 210 1588 traditur
246 1558 280 1589 et
314 1565 389 1589 euin
424 1565 465 1589 eo
502 1553 632 1588 ibidem
665 1565 729 1599 per
762 1554 850 1588 duos
889 1564 999 1589 annos
1036 1559 1278 1590 commoratur.
1328 1556 1452 1593 Omnia

58 1623 172 1654 autem
196 1630 272 1654 eum
296 1621 447 1655 maxima
470 1621 642 1665 patientia
665 1620 861 1664 recipiebat
898 1624 931 1655 et
962 1621 995 1653 in
1026 1620 1184 1654 omnibus
1210 1623 1347 1667 gratias
1376 1624 1450 1659 Deo

59 1685 249 1720 referebat.
299 1685 457 1720 Tandem
490 1686 568 1730 ejus
608 1685 812 1719 humilitatis
845 1689 879 1720 et
922 1687 1114 1730 patientiae
1149 1686 1277 1721 fratres
1318 1691 1451 1724 miserti

59 1761 135 1785 euin
168 1751 204 1785 in
238 1752 485 1785 monasterium
519 1752 692 1795 recipiunt
729 1755 762 1785 et
795 1761 956 1797 quaeque
993 1751 1113 1786 officia
1145 1752 1271 1787 viliora
1302 1754 1371 1788 sibi
1397 1757 1451 1789 in-

55 1817 225 1862 jungunt,
261 1817 339 1862 ipse
363 1820 477 1851 autem
502 1817 618 1851 omnia
643 1816 805 1851 hilariter
830 1818 1048 1862 suscipiebat
1073 1822 1106 1852 et
1130 1823 1254 1853 cuncta
1277 1822 1452 1865 patienter

60 1885 95 1915 et
119 1881 245 1917 devote
270 1881 410 1928 agebat.
461 1881 620 1917 Tandem
649 1884 684 1917 in
707 1883 810 1917 bonis
841 1883 1008 1928 operibus
1034 1885 1139 1918 vitam
1164 1884 1295 1921 ducens
1320 1888 1452 1931 migra-

61 1949 108 1981 vit
133 1947 179 1981 ad
204 1947 400 1982 dominum:
437 1958 510 1982 cum
546 1952 661 1983 autem
689 1959 815 1993 eorpus
842 1950 918 1995 eJus
947 1949 1122 1992 lavarent,
1157 1954 1191 1984 et
1223 1952 1259 1985 in
1285 1952 1345 1986 vili
1371 1952 1451 1987 loco

59 2012 213 2057 sepelire
247 2012 495 2057 disponerent,
531 2014 762 2058 respicientes
802 2015 979 2049 mulierem
1016 2017 1127 2059 ipsum
1164 2026 1243 2050 esse
1277 2017 1450 2052 viderunt.

59 2077 256 2122 Stupefac-ti
283 2077 507 2121 suntfomnes
533 2082 567 2112 ct
599 2080 797 2121 perterriti,
834 2089 874 2113 se
907 2081 941 2113 in
974 2079 1039 2114 Dei
1076 2080 1238 2114 famulam
1267 2081 1450 2124 plurimum

61 2143 255 2189 deliquisse
283 2143 454 2178 fatentur:
492 2147 634 2177 currunt
669 2154 789 2178 ornnes
825 2144 870 2178 ad
903 2147 971 2177 tani
999 2144 1132 2190 grande
1157 2146 1392 2189 spectaculum
1419 2152 1454 2182 et

60 2210 195 2244 veniam
239 2208 420 2254 postulant
462 2210 684 2254 ignorantiae
728 2214 764 2250 et
808 2209 936 2243 delicti.
986 2209 1121 2255 Corpus
1167 2212 1274 2256 igitur
1308 2213 1385 2257 ejus
1417 2215 1450 2247 in

23 2258 26 2261 Δ
62 2273 215 2308 ecelesia.
239 2268 431 2308 honorilice
452 2278 666 2318 posuerunt,
701 2274 762 2309 illa
787 2279 922 2310 autem,
961 2285 1049 2320 quae
1080 2275 1242 2310 famulam
1270 2277 1333 2311 Dei
1361 2279 1449 2312 insa-

62 2342 237 2380 inaverat,
275 2348 295 2372 a
327 2338 494 2373 daemone
530 2340 697 2384 arripitur
731 2344 764 2374 et
796 2341 911 2375 scelus
946 2351 1042 2374 suum
1072 2340 1240 2376 confitens
1268 2342 1368 2376 etad
1395 2353 1452 2377 se-

61 2404 238 2449 pulchrum
284 2404 431 2448 virginis
479 2406 622 2438 veniens
670 2404 848 2440 liberatur.
900 2405 952 2439 Ad
999 2406 1098 2451 eujus
1136 2406 1300 2440 tumulum
1331 2408 1452 2452 populi

1 2478 6 2484 ’
61 2470 214 2515 undique
251 2468 425 2504 confluunt
461 2471 495 2502 et
528 2468 633 2502 multa
664 2471 830 2505 miracula
870 2470 918 2504 ibi
955 2469 1048 2504 fiunt.
1101 2469 1197 2504 Obiit
1229 2475 1341 2508 autem
1374 2471 1453 2509 XIV

62 2535 226 2570 calendas
254 2535 271 2570 J
277 2535 347 2569 ulii.

128 2634 156 2666 1)
174 2633 227 2661 Ed.
245 2637 290 2663 Pr.
308 2633 420 2667 ubique
443 2634 547 2660 retinet
570 2632 745 2665 scripturam
765 2634 819 2658 Ma
831 2632 886 2659 ria
906 2633 990 2660 loco:
1011 2633 1104 2660 Mari
1118 2643 1159 2660 na
1171 2644 1195 2661 e.

1129 2743 1174 2778 23
