1742 3005
256 98 339 138 58ss
395 100 493 150 Cap.
527 100 697 137 CXXXI.
752 99 811 135 De
841 99 1036 136 nativitate
1068 100 1200 137 heatae
1232 99 1379 137 Mariae
1406 99 1572 150 virginis.

255 203 356 237 libris
382 201 595 243 habuerunt,
622 211 710 246 quos
737 200 830 234 domi
855 200 1049 243 habebant,
1076 207 1239 246 quantum
1265 206 1448 247 poterant,
1473 201 1643 246 perdoce—

255 267 349 301 bant.
388 265 547 301 Joachim
573 270 687 300 autem
713 267 850 310 accepit
883 275 1027 298 uxorem
1052 267 1189 300 nomine
1214 268 1367 310 Annam,
1398 278 1489 313 quae
1521 266 1645 301 habuit

255 341 409 365 sororem
436 331 576 369 nomine
599 329 818 365 Hismeriam.
866 329 958 364 Haec
985 334 1098 365 autem
1126 330 1298 365 Hismeria
1322 334 1443 376 genuit
1457 331 1643 366 Elizabeth

257 400 291 431 et
323 394 443 438 Elind,
489 394 674 429 Eiizabeth
715 395 910 430 Johannem
951 395 1151 440 baptistam.
1216 396 1267 431 De
1308 395 1411 431 Etiud
1451 401 1552 431 natus
1589 400 1643 432 est

257 460 466 506 ¹)Eminen,
503 460 544 496 de
576 460 719 495 Eminen
753 465 854 495 natus
888 465 942 495 est
974 465 1116 495 sanctus
1151 462 1357 505 Servatius,
1390 461 1490 506 eujus
1515 471 1642 505 corpus

253 531 307 562 est
332 529 366 561 in
393 527 523 572 oppido
550 526 711 571 Trajecti
737 536 842 571 super
859 526 996 562 Mosam
1013 528 1048 561 in
1071 526 1495 572 episcopatuLeodiensi.
1543 526 1645 561 Anna

252 598 366 628 autem
402 597 475 627 tres
501 594 595 627 viros
622 592 790 626 habuisse
823 591 968 634 dieitur,
1004 592 1139 627 scilicet
1169 592 1346 635 Joacffim,
1383 591 1573 636 Gleopham
1610 596 1644 626 et

252 659 402 693 Salome.
451 658 501 693 De
526 659 636 703 primo
661 662 776 692 autem
803 659 897 700 viro,
923 658 1056 692 scilieet
1077 657 1257 700 Joaohim,
1292 668 1393 692 unam
1421 658 1544 700 tiliam,
1573 659 1642 691 sci-

251 725 335 758 licet
360 723 529 765 Mariam,
568 728 711 757 matrem
743 723 873 757 domini
905 725 1047 769 genuit,
1083 733 1184 767 quam
1217 722 1351 768 Joseph
1384 725 1504 768 nuptui
1532 722 1641 765 dedit,

251 799 340 835 quae
367 787 542 823 Christum
570 788 742 822 (lominum
769 789 892 833 genuit
911 792 945 822 et
970 789 1118 832 peperit.
1165 787 1307 822 Mortuo
1325 789 1483 824 Joaehim
1505 790 1643 833 aceepit

251 854 461 900 cleopham,
494 854 637 889 fratrem
668 852 824 898 Joseph,
869 857 903 888 et
933 854 1056 899 genuit
1082 863 1124 887 ex
1158 863 1199 887 eo
1233 853 1337 887 aliam
1371 854 1496 897 tiliam,
1540 865 1641 900 quam

250 920 411 955 similiter
429 919 578 955 Mariam
604 920 755 961 vocavit,
783 921 817 952 et
843 918 982 963 Alpheo
1008 917 1228 963 postmodum
1254 919 1289 952 in
1313 920 1498 965 conjugem
1523 922 1642 955 socia-

251 989 309 1023 vit.
358 985 453 1020 Haeo
485 989 599 1019 autem
634 984 752 1019 Maria
784 994 827 1018 ex
851 984 988 1028 Alpheo
1023 985 1097 1019 viro
1124 995 1187 1018 suo
1215 989 1365 1030 quatuor
1390 985 1481 1020 tilios
1506 988 1640 1032 genuit,

249 1053 384 1087 scilieet
405 1050 571 1086 Jaeohum
597 1052 783 1092 minorem,
809 1049 943 1094 Joseph
966 1053 1118 1096 J‘ustum‚
1154 1051 1213 1095 qni
1238 1054 1271 1085 et
1294 1050 1492 1094 Barsabas,
1526 1051 1639 1085 Simo-

249 1129 325 1153 nem
351 1121 385 1151 et
407 1115 546 1153 Judam.
593 1114 734 1149 Mortuo
761 1115 914 1149 secundo
952 1117 1026 1150 viro
1052 1116 1175 1150 Annae
1211 1118 1350 1150 tertium
1380 1119 1535 1162 aceepit,
1569 1119 1638 1152 sei-

248 1183 330 1216 licet
363 1181 524 1222 Salome,
563 1191 604 1216 ex
637 1191 704 1225 quo
740 1180 843 1214 aliam
875 1181 980 1214 filiam
1012 1182 1152 1227 genuit,
1195 1191 1296 1226 quam
1337 1193 1457 1216 rursus
1489 1182 1638 1217 Mariam

248 1249 388 1284 vocavit
419 1251 454 1282 et
482 1245 670 1281 Zebedaeo
706 1247 740 1279 in
774 1247 961 1292 conjugem
989 1247 1148 1285 tradidit.
1196 1247 1289 1282 Haec
1316 1251 1429 1283 autem
1455 1247 1569 1282 Maria
1596 1259 1637 1283 ex

250 1313 437 1349 Zebedaeo
463 1314 538 1347 viro
563 1323 626 1347 suo
656 1312 744 1347 duos
770 1312 862 1346 filios
892 1313 1033 1358 genuit,
1065 1312 1199 1347 scilicet
1220 1313 1389 1348 ,Iacobum
1414 1315 1577 1360 majorem
1605 1319 1639 1349 et

246 1379 441 1416 Johannem
471 1379 738 1425 evangelistam.
773 1377 870 1413 Unde
897 1382 930 1413 et
955 1377 997 1413 de
1022 1377 1088 1412 hoe
1115 1383 1254 1413 exstant
1279 1389 1421 1413 versus:

425 1448 527 1483 Anna
554 1447 645 1481 solet
672 1446 741 1490 dici
767 1450 838 1480 tres
865 1446 1069 1489 concepisse
1094 1444 1243 1486 Marias,

428 1505 521 1544 Quas
547 1513 702 1549 genuere
738 1503 804 1537 viri
834 1501 1011 1544 Joachim,
1047 1501 1222 1546 Cleophas
1249 1500 1469 1547 Salomeque.

425 1560 495 1593 Has
522 1559 652 1594 duxere
681 1560 746 1594 viri
771 1557 923 1603 Joseph,
950 1557 1108 1603 Alpheus
1125 1587 1132 1601 ,
1159 1557 1380 1592 Zebedaeus.

425 1615 539 1649 Prima
565 1617 655 1658 parit
683 1615 878 1657 Christum,
904 1615 1071 1650 Jacobum
1099 1614 1251 1649 secunda
1274 1615 1453 1656 minorem,

424 1668 467 1704 Et
491 1670 623 1714 Joseph
646 1672 777 1715 justum
807 1673 945 1715 peperit
971 1682 1044 1704 cum
1072 1670 1220 1715 Syrnone
1245 1671 1383 1712 sudam,

425 1725 550 1760 Tertia
574 1727 740 1770 majorem
765 1726 931 1761 Jacobum
959 1727 1203 1771 volucremque
1228 1726 1434 1763 Johannem.

246 1793 315 1828 Sed
348 1793 469 1826 mirum
505 1791 662 1833 videtur,
708 1791 880 1837 quomodo
928 1791 1034 1825 beata
1072 1791 1188 1824 Maria
1224 1793 1338 1835 potnit
1374 1802 1452 1826 esse
1482 1796 1634 1836 cognata

245 1858 428 1892 Elizabeth
447 1886 454 1899 ,
482 1862 518 1890 ut
543 1858 704 1901 superins
731 1857 857 1891 dictum
883 1861 947 1891 est.
998 1858 1143 1890 Constat
1171 1857 1259 1890 enim
1284 1855 1466 1890 Eiizabeth
1492 1867 1632 1890 uxorem

244 1925 354 1958 fuisse
382 1923 594 1964 Zachariae,
625 1924 681 1968 qni
711 1927 786 1957 erat
813 1923 855 1957 de
879 1922 973 1956 tribu
996 1923 1102 1964 Levi,
1131 1926 1165 1956 et
1189 1922 1376 1956 secundum
1405 1921 1518 1967 legem
1554 1923 1630 1966 qui-

243 1989 328 2024 libet
362 1989 404 2023 ‹le
440 1998 503 2022 sua
533 1988 625 2022 tribu
663 1993 696 2022 et
730 1988 861 2022 familia
895 1988 1024 2022 (lucere
1056 1987 1207 2021 debebat
1243 1997 1407 2028 uxorem,
1455 1991 1488 2020 et
1522 1983 1631 2031 ipsam

243 2055 285 2089 de
313 2053 450 2087 iiliabus
477 2053 595 2087 Aaron
620 2054 734 2087 Lucas
765 2054 872 2088 fnisse
897 2057 1058 2087 testatur.
1107 2052 1209 2086 Anna
1233 2056 1345 2085 autem
1367 2052 1630 2086 suitsecnndum

242 2120 483 2164 Hieronymum
522 2119 564 2154 (10
599 2118 824 2161 Bethlehem,
865 2105 954 2164 (piae
990 2122 1065 2153 orat
1091 2117 1134 2152 ‹le
1160 2117 1251 2151 tribu
1277 2117 1386 2160 Juda,
1421 2118 1482 2152 sed
1516 2119 1630 2153 scien-

242 2186 341 2227 dmn,
383 2183 477 2230 quod
511 2189 544 2218 et
575 2186 652 2229 ipse
687 2185 805 2219 Aaron
838 2189 872 2220 et
903 2184 1033 2230 Jojada
1064 2194 1214 2218 summus
1251 2183 1419 2217 sacerdos
1456 2183 1556 2217 ambo
1589 2183 1630 2219 de

240 2251 333 2285 tribu
369 2249 459 2285 Jnda
491 2250 663 2285 duxerunt
696 2261 842 2293 uxores,
883 2250 973 2285 unde
1014 2250 1124 2284 tribus
1164 2248 1395 2282 sacerdotalis
1433 2253 1466 2283 et
1499 2249 1630 2294 regalis

242 2316 454 2361 cognatione
481 2326 618 2360 semper
643 2317 687 2350 ad
715 2318 860 2350 invicem
887 2315 1081 2361 probantur
1110 2315 1218 2348 tuisse
1246 2315 1467 2359 conjunctae.
1514 2315 1631 2350 Potuit

241 2385 373 2423 autem,
399 2385 436 2414 ut
462 2381 545 2415 (licit
569 2381 683 2423 Beda,
716 2381 913 2426 hujusmodi
939 2381 1137 2426 conjunctio
1163 2381 1351 2414 recentiori
1375 2385 1530 2425 tempore
1555 2382 1629 2415 lieri

242 2447 334 2480 datis
375 2447 497 2491 nuptui
541 2447 678 2481 seminis
720 2446 762 2482 (10
798 2448 891 2481 tribu
930 2449 963 2481 in
997 2446 1145 2488 tribum,
1190 2449 1226 2479 ut
1265 2445 1452 2480 manifesto
1489 2446 1626 2481 beatam

239 2512 402 2554 Mariam,
430 2522 521 2557 quae
550 2513 593 2547 de
616 2514 707 2547 tribu
730 2515 829 2559 regia
844 2513 1037 2556 descendit,
1063 2523 1137 2546 eum
1154 2512 1248 2546 tribu
1266 2511 1477 2546 sacerdotali
1495 2520 1624 2555 cogna-

242 2576 370 2610 tionem
397 2579 539 2622 generis
565 2578 733 2614 habuisse
760 2584 948 2615 constaret.
992 2578 1035 2614 Et
1068 2581 1117 2613 ita
1142 2577 1247 2613 beata
1271 2576 1386 2612 Maria
1413 2576 1456 2611 (10
1480 2579 1627 2621 utraque

310 2707 335 2739 1)
354 2706 426 2733 Alii:
454 2711 476 2734 Λ
489 2710 533 2735 nii
545 2720 624 2739 nen.
