1742 3005
262 105 337 144 192
555 106 652 156 Cap·
683 105 819 143 XLVI.
882 105 942 144 De
970 112 1101 144 sancto
1132 107 1333 159 Gregorio.

259 212 407 259 quodam
431 214 587 254 tempore
613 209 773 254 paschali
798 209 985 252 ordinavit,
1018 212 1051 245 in
1069 221 1139 258 qua
1159 212 1344 257 imaginem
1362 211 1489 246 beatae
1503 210 1638 246 Mariae

259 288 395 323 semper
421 276 581 321 virginis,
608 285 698 320 quae
723 274 848 318 adhuc,
873 278 911 308 ut
934 276 1045 320 aJunt,
1073 281 1126 311 est
1148 276 1278 312 Romae
1303 279 1337 312 in
1362 277 1524 319 ecclesia,
1550 286 1639 321 quae

259 345 384 379 dicitur
410 343 540 376 Sancta
565 341 682 376 Maria
705 340 845 385 Maj0r,
894 350 996 385 quam
1024 340 1139 376 Lucas
1171 345 1247 376 arte
1279 341 1432 376 medicus
1464 346 1499 377 et
1529 343 1641 387 pictor

258 409 424 456 egregius
459 407 629 441 formasse
663 405 790 440 dieitur
821 409 855 440 et
887 405 998 440 eidem
1043 406 1172 452 virgini
1211 405 1386 441 simillima
1424 417 1487 451 per
1526 407 1641 441 omnia

259 473 483 520 perhibetur,
535 475 616 506 ante
646 472 906 516 processionem
941 475 1143 506 reverenter
1165 473 1301 517 portari
1326 471 1420 507 fecit.
1490 471 1535 507 Et
1560 482 1640 507 ecce

258 543 332 574 tota
359 539 453 573 aeris
475 536 618 572 infectio
644 541 678 571 et
699 536 913 571 turbulentia
937 537 1081 582 imagini
1104 536 1269 580 cedebat,
1296 547 1336 572 ac
1362 539 1392 571 si
1417 538 1529 582 ipsam
1554 538 1640 572 ima-

257 607 373 651 ginem
408 603 547 650 fugeret
579 607 614 637 et
645 604 721 648 ejus
756 603 991 647 praesentiam
1017 602 1109 637 ferre
1132 613 1201 637 non
1224 607 1370 648 posset,
1418 604 1537 648 sieque
1562 607 1643 648 post

257 672 442 717 imaginem
461 671 549 703 mira
573 669 744 704 serenitas
770 672 805 703 et
829 669 922 702 aeris
945 669 1080 713 puritas
1105 666 1318 704 remanebat.
1366 667 1463 703 Tunc
1486 669 1521 713 in
1545 672 1641 711 aere,

259 741 295 770 ut
320 734 492 776 refertur,
533 735 638 779 Juxta
661 734 847 779 imaginem
873 734 1014 769 auditae
1035 738 1115 768 sunt
1138 745 1243 770 voces
1269 735 1473 781 angelorum
1498 739 1640 770 cantan-

257 802 362 834 tium:
388 799 513 844 regina
527 797 615 832 coeli
631 797 765 832 laetare
782 797 939 843 aHeIuJa,
964 800 1046 843 quia
1057 809 1156 844 quem
1174 802 1483 844 meruistiportare
1497 801 1642 847 alleluJa

258 865 462 906 resurrexit,
486 864 575 898 sicut
600 862 682 897 dicit
706 862 861 909 alleluJa.
887 863 1080 908 Statimque
1103 863 1227 900 beatus
1244 864 1448 911 Gregorius,
1475 866 1567 911 quod
1586 877 1643 901 se-

258 932 388 975 quitur,
416 928 593 975 adjunxit:
619 938 683 964 ora
706 939 770 974 pro
795 927 910 972 nohis,
935 929 1042 963 Deum
1060 939 1237 975 rogamus,
1265 930 1422 975 alleluja.
1469 930 1566 965 Tunc
1580 930 1642 966 be-
1687 928 1690 929 ⁷

258 1000 336 1031 atus
362 995 555 1040 Gregorius
583 993 668 1029 vidit
693 1004 801 1039 supra
825 998 974 1028 castrum
1002 994 1193 1029 Crescentii
1218 995 1378 1041 angelum
1404 995 1557 1038 domini,
1585 999 1643 1041 qui

258 1060 413 1107 gladium
437 1063 652 1094 cruentatum
678 1059 864 1105 detergens
890 1060 924 1093 in
952 1061 1115 1105 vaginam
1140 1059 1359 1101 remittebat,
1402 1061 1643 1107 intellexitque

260 1126 476 1172 Gregorius,
511 1124 604 1170 quod
628 1126 739 1170 pestis
766 1124 828 1158 illa
855 1128 1052 1168 cessasset,
1089 1128 1124 1158 et
1150 1127 1199 1158 sie
1224 1124 1350 1159 factum
1375 1130 1438 1160 est.
1486 1126 1583 1161 Unde
1610 1132 1644 1162 et

257 1194 408 1226 castrum
439 1188 525 1223 illud
561 1193 710 1224 castrum
736 1189 853 1235 angeli
876 1189 1039 1235 deinceps
1064 1193 1223 1225 vocatum
1249 1193 1313 1225 est.
1385 1191 1558 1235 Tandem,
1607 1197 1645 1227 ut

258 1254 543 1298 desideraverat,
576 1254 828 1300 Augustinum,
867 1254 1038 1289 Mellitum
1063 1258 1097 1289 et
1120 1254 1311 1290 Johannem
1336 1266 1411 1290 cum
1437 1255 1643 1302 quibusdam

257 1321 337 1355 aliis
361 1321 396 1354 in
420 1317 583 1365 Angliam
608 1320 702 1353 misit
724 1324 758 1354 et
781 1330 841 1355 eos
867 1321 938 1354 suis
964 1318 1126 1365 precibus
1153 1323 1187 1354 et
1209 1322 1341 1355 meritis
1364 1321 1409 1355 ad
1436 1321 1535 1357 tidem
1560 1332 1643 1357 con-

257 1388 373 1422 vertit.
398 1404 444 1410 --
466 1404 508 1410 κ
540 1386 585 1421 5.
612 1383 748 1420 Tantae
774 1387 878 1420 etiam
903 1384 1107 1419 humilitatis
1132 1384 1256 1421 beatus
1283 1385 1474 1433 Gregorius
1498 1390 1644 1429 exstitit,

258 1456 295 1486 ut
319 1461 358 1487 se
381 1449 527 1485 laudare
553 1450 648 1484 nullo
674 1449 776 1485 modo
800 1452 1028 1496 permitteret.
1061 1450 1148 1486 Nam
1175 1450 1355 1497 Stephano
1380 1454 1559 1498 episcopo,
1587 1455 1646 1499 qui

258 1527 335 1552 eum
360 1518 394 1550 in
420 1517 492 1550 suis
514 1516 673 1561 epistolis
696 1515 917 1559 laudaverat,
944 1517 994 1551 ita
1018 1518 1176 1561 scripsit:
1203 1516 1343 1551 multum
1367 1517 1449 1552 mihi
1475 1519 1529 1563 (et
1554 1519 1645 1553 ultra

259 1593 361 1628 quam
386 1581 507 1615 audire
534 1580 637 1615 debui
662 1581 853 1628 indignus)
891 1581 1047 1617 favorem
1080 1583 1115 1616 in
1148 1584 1275 1617 vestris
1309 1583 1471 1628 epistolis
1503 1583 1644 1619 demon-

260 1647 380 1682 stratis
406 1650 440 1681 et
464 1649 579 1681 tamen
604 1648 768 1691 scriptum
793 1651 864 1682 est:
915 1658 957 1683 ne
981 1647 1105 1683 laudes
1130 1646 1324 1693 hominem,
1357 1648 1520 1695 quamdiu
1546 1651 1643 1689 vivit,

258 1717 374 1747 tamen
410 1713 476 1746 etsi
513 1711 635 1746 audire
667 1711 755 1745 talia
790 1712 916 1758 dignus
940 1724 1009 1748 non
1036 1713 1105 1755 sui3
1154 1713 1373 1748 orationibus
1398 1716 1523 1750 vestris
1550 1719 1644 1760 peto,

259 1782 298 1812 ut
321 1777 447 1822 dignus
474 1776 628 1818 efficiar,
653 1780 709 1818 ut,
736 1778 766 1811 si
788 1776 881 1811 hona
906 1778 984 1824 ideo
1011 1780 1045 1812 in
1072 1788 1124 1812 me
1152 1777 1291 1812 dixistis
1307 1806 1315 1821 ,
1352 1781 1435 1824 quia
1458 1790 1526 1813 nou
1552 1784 1645 1822 sunt,

260 1841 339 1877 ideo
363 1843 445 1883 sint,
472 1851 561 1886 quae
586 1840 735 1876 dixistis.
764 1842 846 1877 Item
873 1845 906 1877 in
933 1844 1084 1888 epistola
1102 1842 1146 1877 ad
1161 1843 1308 1877 Narsum
1328 1845 1526 1887 patritium:
1553 1844 1645 1888 quod

259 1916 388 1941 causae
420 1911 456 1941 et
486 1908 633 1941 nominis
669 1907 927 1943 similitudinem
963 1908 1123 1943 faciendo
1159 1920 1222 1953 per
1252 1910 1444 1953 scripturas
1468 1908 1645 1943 clausulas

260 1971 601 2016 declamationesque
635 1972 812 2015 formatis,
860 1977 952 2007 certe
983 1974 1093 2008 frater
1131 1975 1311 2008 carissime
1344 1975 1477 2008 simiam
1511 1974 1646 2008 leonem

261 2047 378 2079 vocas,
406 2036 498 2081 quod
524 2047 565 2071 eo
590 2036 692 2070 modo
718 2047 782 2071 nos
807 2047 914 2083 agere
939 2039 1182 2082 conspicimus,
1210 2050 1277 2084 qno
1303 2038 1486 2073 scabiosos
1512 2040 1647 2073 catulos

260 2114 366 2148 saepe
395 2103 525 2148 pardos
550 2102 605 2137 vel
632 2104 743 2148 tigres
773 2112 948 2137 vocamus.
1004 2102 1087 2138 Item
1116 2106 1149 2137 in
1176 2104 1328 2148 epistola
1354 2103 1398 2138 ad
1423 2104 1646 2139 Anastasiuin

261 2168 493 2212 patriarcham
506 2167 778 2201 Antiochenum:
806 2168 897 2212 quod
921 2175 982 2202 'vos
1001 2179 1054 2202 me
1073 2180 1112 2202 os
1130 2169 1270 2210 domini,
1296 2169 1387 2212 quod
1408 2169 1582 2204 lucernam
1594 2170 1644 2203 di<

261 2234 352 2273 citis,
379 2232 472 2277 quod
489 2232 662 2277 loquendo
682 2233 797 2266 multis
815 2232 984 2276 prodesse
1004 2233 1428 2277 multisqueposselucere
1441 2234 1645 2278 perhibetis,

262 2298 550 2331 existimationem
570 2306 691 2338 meam,
720 2297 847 2339 fateor,
873 2297 953 2331 mihi
980 2299 1014 2331 in
1038 2300 1218 2331 maximam
1245 2297 1493 2333 dubitationem
1519 2299 1646 2344 perdu-

262 2363 373 2396 xistis.
402 2361 594 2396 Considero
615 2371 774 2407 namque,
801 2364 859 2407 qui
885 2372 971 2405 suin,
998 2366 1032 2397 et
1056 2363 1139 2397 nihil
1169 2365 1273 2398 inme
1292 2374 1333 2398 ex
1349 2363 1545 2409 hujusmodi
1563 2364 1645 2398 honi

261 2428 363 2471 signo
391 2425 632 2470 deprehendo:
659 2427 843 2462 considero
870 2432 1004 2470 autem,
1033 2430 1091 2472 qui
1120 2430 1206 2463 estis
1232 2433 1266 2463 et
1292 2439 1353 2464 vos
1382 2431 1516 2463 mentiri
1540 2439 1645 2474 posse

262 2501 328 2523 non
355 2490 518 2524 arbitror.
590 2490 673 2525 Cum
702 2502 788 2537 ergo
820 2492 962 2527 credere
989 2494 1087 2529 volo.
1137 2494 1230 2539 quod
1256 2494 1391 2537 dicitis,
1440 2494 1646 2528 contradicit

263 2554 344 2587 mihi
372 2556 551 2589 infirmitas
577 2565 667 2598 mea,
692 2566 766 2589 cum
793 2556 973 2601 disputare
1000 2558 1092 2599 volo,
1121 2558 1214 2603 quod
1240 2560 1275 2593 in
1299 2559 1433 2592 laudem
1459 2567 1566 2591 meam
1592 2558 1644 2591 di-

262 2619 362 2659 citur,
387 2619 593 2653 contradicit
620 2619 698 2653 mihi
727 2623 895 2655 sanctitas
922 2626 1051 2656 vestra.
1081 2622 1150 2657 Sed
1176 2633 1320 2667 quaeso,
1351 2623 1402 2655 vir
1426 2626 1558 2663 sancte,
1582 2633 1645 2657 no-

262 2680 316 2715 bis
343 2682 474 2726 aliquid
499 2683 541 2717 de
568 2683 633 2718 lioc
659 2687 847 2721 certamine
871 2690 991 2721 nostro
1015 2687 1218 2726 conveniat,
1245 2690 1281 2719 ut
1304 2687 1334 2719 si
1361 2697 1447 2729 non,
1476 2687 1568 2731 quod
1593 2687 1645 2721 di-
