1742 3005
249 82 332 122 330
560 83 643 133 Cap
687 82 861 120 LXX111.
931 84 989 122 De
1019 91 1149 122 sancto
1179 84 1327 136 spiritu.

248 188 400 224 elevavit
432 198 485 223 me
521 184 665 230 spiritus
698 185 789 219 inter
822 185 956 220 eoelum
987 191 1021 222 et
1053 193 1181 224 terram
1216 194 1282 226 ete.
1330 188 1413 224 Item
1443 186 1569 223 Ezeeh.
1605 187 1636 222 1:

249 264 464 299 quocumque
491 253 564 287 ibat
586 252 753 296 spiritus,
786 247 869 285 illue
895 256 999 287 eunte
1024 255 1150 298 spiritu
1175 260 1209 290 et
1234 259 1333 291 rotae
1359 256 1492 299 pariter
1518 254 1634 288 eleva-

245 320 374 353 bantur
397 323 584 364 sequentes
612 327 709 359 eum,
735 317 880 361 spiritus
905 319 993 353 enim
1018 320 1110 354 vitae
1131 324 1209 354 erat
1231 322 1266 353 in
1289 321 1388 355 rotis.
1435 319 1519 354 Item
1548 318 1634 354 Gre-

245 386 387 430 gorius:
422 389 565 431 gustato
599 385 726 429 spiritu
762 383 892 428 desipit
925 386 1037 419 omnis
1072 395 1167 421 earo.
1217 385 1378 420 Secundo
1412 386 1635 431 refrigerium

245 454 404 494 praestat
428 455 550 486 contra
573 451 748 485 incenfiva
773 451 953 484 vitiorum:
984 451 1077 486 unde
1101 455 1135 487 et
1151 451 1290 487 Mariae
1310 452 1437 486 dictum
1461 456 1534 485 est:
1561 452 1634 495 spi-

245 517 332 550 ritus
371 521 513 551 sanctus
547 517 771 562 superveniet
804 517 838 550 in
870 520 905 551 te
930 520 966 551 et
989 517 1097 552 virtus
1123 517 1286 552 altissimi
1310 517 1534 553 obumbrabit
1556 517 1633 558 ubi,

243 582 279 616 id
315 586 388 625 est,
423 587 459 618 te
495 584 538 619 ab
576 585 667 617 omni
700 586 801 618 aestu
828 583 990 618 vitiorum
1018 583 1256 630 refrigerabit.
1304 583 1402 619 Unde
1427 587 1463 620 et
1488 584 1633 628 spiritus

243 655 383 683 sanctus
420 654 564 684 vocatur
599 660 710 695 aqna,
746 659 837 695 quae
870 649 978 686 habet
1010 653 1074 687 vim
1101 651 1395 695 regenerativam.
1442 650 1522 686 Joh.
1550 649 1631 685 Vll:

243 714 381 748 flumina
403 713 446 749 de
469 719 587 749 ventre
609 715 686 760 ejus
712 715 819 749 fluent
842 725 954 760 aquae
981 718 1089 752 vivae.
1136 716 1209 750 Hoc
1234 720 1348 750 autem
1375 716 1464 751 dixit
1490 715 1532 751 de
1559 718 1632 761 spi-

242 780 309 812 ritu
338 783 482 822 saneto,
509 791 608 825 quem
637 784 737 814 erant
760 782 941 825 accepturi
965 781 1150 816 credentes
1176 783 1211 815 in
1236 792 1323 816 eum.
1373 781 1496 816 Tertio
1523 792 1631 827 gene-

242 848 295 878 rat
331 844 483 890 pluviam
526 845 766 890 lacr5n1ar11n1.
815 846 963 882 Psalm.:
1008 847 1108 882 flavit
1144 848 1290 892 spiritus
1339 848 1416 893 ejus
1455 851 1490 882 et
1525 848 1633 882 fluent

239 920 372 955 aquae,
400 911 535 945 scilicet
559 911 798 956 lacrymarum.
849 912 972 947 Tertio
997 917 1208 947 monstratus
1235 917 1289 948 est
1317 914 1350 947 in
1376 914 1496 958 specie
1514 913 1629 948 ssatus.

239 975 359 1010 Flatus
386 981 439 1011 est
469 977 630 1018 mobilis,
667 978 824 1020 calidus,
860 978 950 1013 lenis
978 982 1012 1014 et
1048 978 1093 1012 ad
1118 978 1361 1023 respirandum
1387 982 1631 1015 necessarius:

238 1043 290 1075 sie
316 1043 461 1086 spiritus
487 1048 628 1078 sanetus
655 1043 806 1085 mobilis,
835 1043 870 1078 id
899 1048 971 1087 est,
1001 1044 1106 1080 velox
1131 1049 1184 1080 est
1209 1044 1252 1079 ad
1280 1055 1318 1080 se
1345 1045 1628 1088 diffundendum

238 1106 398 1141 munibus
436 1110 526 1142 enim
558 1110 747 1144 mobilibus
784 1110 948 1145 mobilior
973 1115 1036 1145 est.
1087 1110 1214 1145 Glossa
1241 1121 1349 1156 super
1373 1111 1479 1146 illud:
1515 1112 1629 1147 sactus

237 1178 291 1207 est
314 1178 456 1218 repente
483 1174 526 1209 de
553 1175 652 1210 coelo
678 1186 784 1210 sonus
811 1175 1029 1211 advenientis
1060 1178 1204 1222 spiritus
1231 1176 1446 1212 vehementis
1480 1182 1545 1212 etc.
1574 1177 1627 1211 di-

237 1241 302 1276 vit:
337 1242 449 1276 nescit
477 1241 581 1275 tarda
615 1243 793 1276 molimina
819 1243 932 1276 saneti
957 1244 1100 1287 spiritus
1127 1245 1254 1289 gratia.
1304 1243 1465 1277 Secundo
1491 1244 1627 1278 calidus

238 1311 291 1341 est
316 1307 359 1342 ad
385 1307 675 1343 inflammandum.
722 1309 808 1343 Luc.
835 1308 918 1343 XII:
950 1310 1067 1355 ignem
1103 1310 1182 1344 veni
1212 1310 1348 1344 mittere
1382 1310 1416 1343 in
1440 1315 1567 1344 terram
1595 1315 1629 1345 et

237 1372 321 1418 quid
357 1373 460 1415 volo,
494 1375 564 1408 nisi
598 1374 692 1420 quod
730 1375 863 1410 ardeat.
913 1374 1009 1410 Unde
1045 1379 1079 1410 et
1112 1379 1233 1409 austro
1259 1378 1362 1409 vento
1392 1375 1506 1409 calido
1531 1386 1624 1410 eom-

235 1443 389 1483 paratur.
440 1440 574 1479 Cantie,
600 1440 664 1475 IV:
690 1439 817 1487 surge,
844 1441 982 1487 aquilo,
1011 1445 1045 1476 et
1072 1443 1169 1483 veni,
1197 1445 1336 1484 auster,
1362 1441 1514 1486 perflare
1541 1441 1624 1476 hor-

234 1509 305 1538 tum
329 1516 438 1539 meum
465 1511 500 1540 et
524 1506 631 1542 lluent
656 1512 814 1542 aromata
839 1508 944 1542 illius.
994 1507 1116 1542 Tertio
1154 1507 1244 1541 lenis
1277 1511 1331 1541 est
1357 1507 1401 1541 ad
1427 1507 1623 1542 demulcen-

236 1570 335 1613 dum,
361 1571 454 1606 unde
481 1576 514 1606 et
540 1572 583 1605 ad
611 1575 687 1617 ejus
713 1574 893 1608 lenitatem
917 1573 1159 1608 insinuandam
1177 1574 1624 1608 vocaturnomineunetio-

236 1639 288 1672 nis
305 1666 313 1680 ,
350 1642 388 1672 ut
420 1641 517 1682 patet
548 1639 581 1672 in
608 1641 782 1688 canonic-at
802 1639 881 1674 Joh.
908 1639 933 1674 Ι.
960 1651 988 1674 c.
1015 1639 1066 1674 11:
1101 1641 1219 1674 unctio
1254 1640 1330 1684 ejus
1364 1639 1468 1674 docet
1492 1650 1556 1674 ros
1582 1640 1624 1675 de

233 1704 405 1739 omnibus.
453 1703 598 1738 Nomine
626 1706 728 1739 roris.
776 1704 872 1739 Unde
900 1709 1017 1739 cantat
1042 1705 1215 1739 eeclesia:
1251 1709 1285 1739 et
1310 1706 1364 1739 sni
1390 1707 1479 1739 roris
1506 1707 1626 1739 intima

233 1770 466 1814 adspersione
499 1770 689 1805 foecundet
713 1775 779 1805 etc.
828 1769 974 1805 Nomine
1001 1780 1109 1805 aurae
1141 1771 1266 1804 tenuis.
1314 1769 1369 1804 lll.
1408 1770 1494 1815 Reg.
1521 1770 1622 1804 xlx:

234 1840 268 1869 et
297 1840 379 1880 post
413 1837 530 1881 ignem
564 1837 688 1870 sibilus
725 1846 832 1871 aurae
862 1837 998 1878 tenuis⁷
1035 1841 1069 1871 et
1101 1836 1149 1869 ibi
1183 1836 1352 1869 domiuus.
1403 1835 1534 1874 Quarto
1561 1847 1623 1869 ne-

233 1904 410 1936 fossarius
447 1907 500 1937 est
524 1903 569 1936 ad
597 1903 850 1947 respirandum.
900 1902 999 1937 Adeo
1027 1903 1156 1947 quippe
1182 1901 1284 1935 ssatus
1310 1902 1532 1935 necessarius
1557 1905 1621 1943 est,

232 1968 327 2014 quod
349 1969 379 2002 si
405 1969 450 2002 ad
476 1969 597 2002 horam
623 1969 907 2011 subtraheretur,
934 1968 1036 2002 homo
1065 1968 1228 2002 continuo
1254 1970 1457 2001 moreretur.
1505 1966 1564 2000 Sic
1589 1971 1623 2002 et

233 2034 275 2069 de
303 2035 430 2079 spiritu
463 2039 584 2068 sancto
618 2034 881 2079 intelligendum
907 2039 971 2069 est.
1020 2032 1118 2068 Unde
1144 2033 1318 2078 psalmus:
1346 2032 1487 2067 auferes
1517 2033 1622 2076 spiri-

232 2105 300 2135 ium
334 2112 452 2135 eorum
488 2104 523 2135 et
556 2100 720 2134 deficient
753 2103 845 2135 etin
874 2100 1052 2145 pulverem
1087 2109 1186 2133 suum
1217 2102 1446 2133 revertentur.
1493 2097 1622 2132 Emitte

229 2169 387 2214 spiritum
420 2172 513 2201 tuum
548 2171 582 2201 et
612 2166 823 2201 creabuntur
857 2171 891 2202 et
916 2165 1103 2200 renovabis
1131 2165 1256 2199 faciem
1280 2167 1398 2198 terrae
1424 2166 1488 2198 etc.
1536 2162 1621 2198 Item

228 2234 307 2270 Joh.
335 2232 396 2268 vl:
436 2233 581 2277 spiritus
617 2237 691 2274 est,
729 2235 787 2278 qui
822 2232 974 2267 viviticat
1013 2236 1078 2266 ete.
1129 2230 1260 2269 Qum-10
1295 2230 1440 2274 spiritus
1475 2234 1620 2263 sanetus

229 2304 440 2336 monstratus
467 2303 521 2333 est
548 2300 580 2331 in
603 2300 722 2342 specie
749 2299 853 2343 ignis.
904 2298 1031 2338 Quinto
1061 2298 1096 2330 iu
1129 2296 1249 2340 specie
1274 2294 1417 2339 linguae
1449 2295 1618 2340 ¹)seenn-

229 2368 307 2401 dum
333 2365 437 2399 illud:
473 2368 711 2408 apparuerunt
738 2364 808 2397 illis
835 2363 1043 2409 dispartitae
1073 2362 1216 2407 linguae
1239 2365 1412 2406 tamquam
1439 2362 1532 2407 ignis
1558 2362 1616 2395 se-

228 2434 279 2467 dit
305 2442 412 2477 supra
437 2430 597 2476 singulos
624 2440 741 2464 eorum
768 2434 831 2464 etc.
882 2429 996 2469 Quare
1025 2432 1139 2463 autem
1163 2428 1199 2461 in
1225 2426 1293 2461 hoc
1317 2426 1373 2461 die
1390 2426 1519 2471 duplici
1535 2435 1615 2469 spe-

227 2501 279 2532 cie
319 2499 502 2543 apparuit,
539 2496 675 2532 dicetur
700 2495 802 2530 infra.
852 2495 956 2530 Circa
991 2495 1151 2536 tertium,
1190 2493 1327 2527 scilieet
1359 2503 1427 2537 quo
1460 2495 1615 2533 tempore

230 2564 354 2596 missus
380 2567 453 2606 est,
480 2562 686 2604 notandum,
713 2561 806 2607 quod
823 2563 949 2596 missus
975 2565 1028 2597 cst
1046 2560 1336 2606 quinquagesimo
1358 2557 1450 2592 dica
1470 2554 1612 2600 pascha.

296 2706 323 2739 l)
343 2706 438 2732 Verba
460 2707 610 2740 qunwntia
632 2717 720 2735 secu
731 2718 745 2734 ιι
759 2708 777 2733 d
787 2717 803 2733 n
815 2717 842 2734 ιιι
862 2721 892 2727 -—
912 2710 982 2734 etc.
1002 2703 1122 2732 omittit.
1142 2702 1193 2731 Ed.
1213 2705 1256 2729 Pr.
