1742 3005
244 104 346 172 ⁷210
560 133 654 183 Cap.
687 132 823 169 XLlX.
881 131 940 169 De
971 137 1100 169 sancto
1132 131 1353 170 Benedicta.

259 238 417 279 solutus,
452 236 499 272 ad
522 239 641 271 tantae
667 236 856 280 potestatis
889 236 954 270 v1m
978 235 1201 271 tremefactus
1227 235 1327 272 Galla
1344 235 1390 270 ad
1416 239 1544 271 terram
1567 244 1638 269 eor-

261 305 330 337 ruit
356 307 390 337 et
415 303 587 336 cervicem
612 300 831 335 crudelitatis
857 299 996 346 rigidae
1021 300 1065 335 ad
1094 302 1170 346 ejus
1194 303 1347 347 vestigia
1368 302 1538 336 inclinans
1564 310 1646 334 ora—

258 368 414 402 tionibus
449 377 487 402 se
513 367 607 401 illius
632 366 896 400 commendavit.
953 365 1015 401 Vir
1041 371 1154 401 antem
1187 370 1326 401 sanctus
1352 377 1373 401 a
1407 367 1558 402 lectione
1582 367 1646 400 mi—

259 435 350 468 nime.
377 435 548 475 surrexit,
581 431 645 468 sed
672 433 805 467 vocatis
833 431 1002 466 fratribus
1036 443 1112 468 eum
1138 433 1311 466 introrsus
1335 433 1434 476 tolli,
1469 438 1507 467 nt
1538 432 1646 467 bene—

261 499 447 534 dictionem
475 500 669 543 aeciperet,
705 498 895 543 praecepit.
956 497 1063 537 Quem
1089 498 1133 532 ad
1165 509 1203 532 se
1229 497 1410 532 reductum
1442 503 1480 532 ut
1505 509 1527 533 a
1551 495 1650 532 tanta

259 565 477 600 crudelitatis
503 566 641 599 insania
667 565 849 609 quiescere
874 563 1038 607 deberet,
1074 564 1263 599 admonuit.
1322 564 1388 604 Qui
1411 564 1564 599 refectus
1592 573 1647 597 re-

259 632 407 674 cedens,
440 631 528 665 nihil
556 630 703 664 ulterius
730 634 889 674 repetere
918 640 939 664 a
962 631 1092 663 rustico
1121 631 1355 674 praesumsit,
1382 641 1482 676 quem
1507 631 1561 665 vir
1584 629 1648 663 Dei

259 709 329 732 non
352 697 531 743 tangendo
558 696 621 730 sed
647 695 867 739 respiciendo
892 695 1058 729 solverat.
1086 715 1132 720 —
1152 717 1198 721 ——
1219 716 1265 720 —-
1313 699 1359 733 9.
1387 696 1542 736 Quodam
1563 699 1649 730 tem-

212 754 346 809 Ἴἴᾼῇοιᾟ
379 764 414 795 in
447 763 658 806 Campaniae
685 761 831 805 regione
865 760 974 794 sames
1009 761 1251 804 increbuerat,
1293 772 1490 807 magnaque
1531 771 1649 795 (mines

258 829 500 863 alimentorum
525 826 721 871 indigentia
745 825 1001 870 coangustabat
1020 826 1162 871 jamque
1187 826 1415 860 inBenedicti
1438 828 1650 860 monaste-rio

258 894 411 929 triticum
439 892 573 935 deerat,
599 901 709 937 panes
735 901 819 925 vero
844 901 956 935 paene
994 902 1112 925 onmes
1138 892 1308 925 consumti
1334 892 1493 931 fuerant,
1519 895 1556 925 ut
1581 902 1650 925 non

259 960 337 1006 plus
363 969 464 1004 quam
490 959 642 1003 quinque
675 956 718 991 ad
750 956 953 991 refectionis
986 956 1108 991 horam
1134 956 1301 990 fra-tribus
1334 958 1483 992 inveniri
1513 958 1651 1001 potuis-

259 1030 350 1068 sent,
373 1034 518 1069 cumquc
544 1033 663 1057 omnes
689 1022 902 1057 venerabilis
929 1027 1031 1067 pater
1061 1023 1288 1057 contristatos
1315 1027 1494 1065 cerneret,
1535 1032 1651 1056 eorum

258 1090 581 1137 pusillanimitatem
610 1088 744 1122 studuit
774 1088 932 1123 modesta
968 1089 1206 1133 increpatione
1243 1090 1423 1133 corrigere
1449 1092 1483 1122 ct
1516 1098 1651 1122 rursum

259 1156 492 1202 promissione
517 1153 704 1188 sublevare
730 1154 871 1188 dicens:
907 1164 1014 1199 quare
1040 1153 1083 1188 de
1107 1155 1208 1198 panis
1235 1154 1352 1198 inopia
1377 1158 1495 1188 vester
1518 1155 1652 1187 animus

259 1222 512 1256 contristanti-¹?
546 1219 652 1254 hodie
678 1219 816 1265 qnidem
842 1221 976 1261 minus,
1012 1218 1075 1254 sed
1109 1223 1142 1253 et
1166 1221 1321 1254 crastina
1345 1218 1563 1254 abundanter
1587 1218 1650 1253 ha-

259 1287 409 1322 bebitur.
436 1286 604 1331 Sequenti
631 1290 745 1319 autem
770 1284 826 1319 die
853 1284 993 1319 ducenti
1017 1285 1152 1319 farinae
1176 1285 1283 1319 modii
1309 1289 1390 1319 ante
1418 1284 1513 1320 sores
1539 1284 1652 1320 cellae

260 1355 295 1387 in
318 1353 430 1387 saccis
457 1352 588 1385 inventi
622 1355 722 1393 sunt,
766 1361 854 1396 quos
888 1352 1107 1395 omnipotens
1138 1351 1228 1385 Deus
1261 1351 1386 1396 quibus
1413 1350 1652 1385 deserentibus

258 1419 525 1457 transmisisset,
551 1426 640 1451 nunc
666 1427 777 1461 usque
802 1421 917 1451 manet
937 1417 1162 1462 incognitum.
1202 1415 1301 1456 Quod
1323 1428 1397 1451 cum
1422 1417 1549 1451 fratres
1574 1426 1651 1452 cer-

258 1487 393 1526 nerent,
419 1483 558 1517 domino
583 1483 719 1528 gratias
738 1482 934 1517 referentes
960 1482 1166 1523 didicerunt,
1188 1483 1260 1527 jam
1287 1482 1330 1517 de
1351 1482 1566 1516 abmidantia
1589 1492 1652 1516 nec

260 1552 294 1584 in
320 1553 480 1595 egestate
498 1548 670 1583 dubitare.
690 1568 735 1574 -—
757 1567 803 1572 —-
841 1551 922 1585 10.
951 1547 1103 1593 Legitur
1128 1559 1278 1593 quoque,
1304 1548 1398 1593 quod
1422 1547 1561 1593 quidam
1586 1547 1651 1582 ha-

258 1615 366 1651 bebat
388 1614 492 1648 filium
519 1613 640 1648 morbo
668 1613 892 1658 elephantino
919 1618 1136 1658 correptum,
1178 1615 1227 1647 ita
1253 1618 1289 1648 ut
1309 1614 1381 1658 jam
1414 1613 1494 1658 pilis
1520 1612 1652 1648 eaden-

258 1682 351 1716 tibus
384 1682 473 1714 eutis
503 1682 751 1714 intumesceret
782 1684 887 1725 atque
925 1680 1173 1714 increscentem
1218 1680 1341 1713 samem
1375 1679 1552 1714 occultare
1584 1689 1653 1713 non

258 1750 401 1792 posset,
446 1747 504 1791 qui
530 1745 574 1779 ad
611 1747 718 1778 virum
747 1745 811 1779 Dei
840 1744 882 1779 ab
910 1745 1032 1780 eodem
1061 1750 1161 1789 patre
1197 1746 1273 1791 ejus
1298 1746 1424 1779 missus
1451 1745 1556 1779 saluti
1579 1745 1653 1789 pri-

259 1813 372 1846 stinae
398 1811 461 1844 sub
488 1812 580 1845 omni
609 1811 791 1845 celeritate
817 1813 999 1846 restitutus
1028 1815 1133 1846 estet
1157 1810 1200 1844 de
1227 1810 1295 1844 hoe
1316 1812 1500 1845 immensas
1518 1811 1654 1855 gratias

258 1877 333 1911 Deo
362 1876 561 1910 obtulerunt
587 1880 620 1911 et
654 1876 873 1921 postmodum
906 1876 1017 1910 dictus
1053 1887 1140 1920 puer
1176 1877 1210 1910 in
1244 1876 1346 1910 bonis
1381 1875 1547 1920 operibns
1570 1886 1653 1920 per-

258 1953 426 1978 severans
455 1944 488 1976 in
513 1942 652 1975 domino
679 1941 830 1975 feliciter
852 1941 1130 1976 ol)dormivit.—-
1146 1962 1192 1966 —-
1222 1945 1287 1978 ll.
1310 1942 1391 1975 (lum
1420 1940 1589 1986 quosdam
1612 1951 1654 1975 ex

260 2009 428 2043 fratribus
455 2008 499 2041 ad
525 2007 695 2052 quendam
720 2007 832 2041 locum
857 2008 1029 2048 mitteret,
1074 2011 1110 2040 nt
1137 2007 1264 2042 ibidem
1293 2007 1541 2040 monasterium
1566 2017 1651 2040 eon-

259 2077 456 2116 strnerent,
481 2074 671 2108 constituta
693 2073 749 2107 die
775 2084 814 2107 se
840 2073 884 2107 ad
909 2084 969 2107 cos
998 2077 1176 2107 venturum
1205 2072 1287 2106 dicit
1314 2076 1367 2110 et,
1395 2071 1547 2116 qualiter
1569 2081 1653 2106 con-

259 2141 347 2174 strui
368 2139 534 2181 deberet,
570 2138 735 2173 indicare.
784 2134 894 2173 Nocte
921 2150 1003 2174 vero
1033 2138 1154 2173 endem
1180 2148 1249 2183 qua
1271 2140 1464 2182 promissus
1491 2139 1657 2173 illucebat

261 2205 358 2247 dics,
382 2204 571 2247 monacho,
624 2216 722 2250 quem
757 2205 827 2238 illic
863 2208 1120 2249 proposuerat,
1146 2208 1251 2249 atque
1287 2204 1362 2248 ejus
1389 2205 1593 2248 praeposito
1621 2205 1655 2238 in

261 2271 391 2304 somnis
418 2272 581 2314 apparuit
601 2274 635 2304 ct
660 2270 736 2304 loca
762 2270 924 2315 singula,
956 2269 1015 2304 ubi
1041 2280 1199 2314 quaeque
1227 2268 1408 2304 aedificari
1436 2270 1654 2313 debuissent,

263 2335 439 2370 subtiliter
467 2335 676 2379 designavit.
728 2336 808 2369 (lum
838 2339 952 2370 antem
987 2336 1115 2369 visioni
1152 2335 1250 2369 tidem
1276 2346 1344 2369 non
1380 2335 1503 2371 darent
1532 2341 1565 2371 et
1589 2335 1653 2371 ad-

263 2401 329 2435 huc
358 2402 467 2446 ipsum
496 2404 754 2445 exspectarent,
783 2401 918 2435 tandem
941 2400 983 2435 ad
1007 2412 1082 2435 enm
1106 2402 1241 2435 reversi
1262 2400 1443 2437 dixerunt:
1469 2406 1653 2447 exspecta—

265 2469 374 2501 vimus
394 2471 504 2511 pater,
529 2471 565 2500 ut
590 2468 726 2501 venires
750 2468 839 2501 sicut
855 2468 1080 2511 promiseras,
1102 2476 1165 2501 nec
1184 2468 1322 2504 venisti,
1354 2467 1415 2502 (lui
1435 2468 1512 2503 ille:
1535 2477 1653 2513 qnare,

267 2532 413 2574 fratres,
469 2534 537 2566 ista
562 2531 701 2566 dicitis:
736 2532 900 2577 numquid
935 2544 1003 2567 non
1035 2533 1137 2568 vobis
1171 2534 1320 2577 apparui
1354 2538 1388 2568 et
1410 2534 1487 2567 loca
1514 2533 1656 2578 singula

267 2597 479 2641 ‹lc-signavi?
502 2597 552 2632 lte
580 2602 614 2632 ct
638 2599 726 2632 sicut
752 2609 814 2643 per
840 2599 1007 2633 visionem
1037 2599 1195 2641 vidistis,
1230 2600 1344 2633 omnia
1369 2599 1592 2633 ordinate.-—
1609 2619 1654 2624 ——-

266 2666 334 2698 12.
372 2663 445 2696 Non
481 2664 585 2707 longe
617 2663 660 2697 ab
700 2664 775 2709 ejus
805 2665 1019 2699 monasterio
1060 2665 1150 2699 dnae
1188 2665 1470 2699 sanctimoniales
1505 2665 1654 2699 feminae

269 2738 310 2761 ex
335 2726 444 2761 nobili
466 2739 596 2773 genere
622 2733 739 2773 eram,
774 2740 863 2776 quae
887 2730 1041 2775 linguam
1066 2740 1135 2765 non
1161 2728 1439 2775 restringebant,
1473 2729 1536 2766 sed
1564 2741 1652 2773 eum,
