1742 3005
270 127 349 167 146
607 128 700 178 Cap.
731 127 884 165 XXXL‘
936 129 995 167 De.
1026 130 1326 180 septuagesima.

269 233 530 280 regrinationis,
559 230 653 276 quod
679 234 815 277 tempus
841 237 1087 277 repraesentat
1111 235 1261 270 ecelesia
1285 245 1306 270 a
1327 231 1513 271 nativitate
1530 236 1659 272 Christi

268 308 376 343 nsque
402 296 447 330 ad
474 298 793 341 septuagesimam,
844 299 1004 343 sequitur
1036 298 1154 334 videre
1179 299 1222 335 de
1247 300 1518 345 festivitatibus,
1568 312 1658 348 quae

266 364 430 397 eveniunt
456 361 549 396 infra
576 366 710 407 tempus
738 362 962 405 deviationis,
987 363 1079 409 quod
1104 365 1234 410 incepit
1260 365 1304 399 ab
1328 366 1438 400 Adam
1464 371 1498 402 et
1519 367 1657 403 duravit

265 438 374 473 usque
400 426 443 461 ad
460 427 619 473 Moysen,
647 427 739 473 quod
769 432 903 474 tempus
934 434 1178 474 repraesentat
1194 430 1342 465 eeclesia
1359 440 1379 465 a
1396 435 1656 478 septuagesima

263 504 373 538 usque
399 492 442 527 ad
470 493 612 538 pascha.

787 812 912 874 ΠΛΡ.
980 813 1132 874 xxxi.

632 913 733 956 De
775 912 1277 970 septuagesima.

326 1022 595 1068 Septuagesima
613 1024 730 1068 signat
747 1026 883 1067 tempus
900 1021 1123 1064 deviationis,
1142 1024 1366 1068 sexagesima
1378 1026 1513 1069 tempus
1528 1025 1648 1060 vidua·

258 1089 376 1130 tionis⁷
403 1089 696 1133 quinquagesima
713 1092 849 1133 tempus
871 1089 1102 1130 remissionis,
1131 1088 1403 1134 quadragesima
1415 1094 1549 1135 tempus
1563 1102 1647 1135 poe-

259 1155 427 1188 nitentiae
443 1154 649 1198 spiritualis.
675 1153 862 1188 Inehoatur
883 1155 1270 1199 autemseptuagesima
1287 1154 1503 1197 adominica‚
1530 1158 1564 1190 in
1579 1166 1648 1201 qua

255 1223 436 1254 cantatur:
462 1219 761 1254 circumdederunt
786 1230 850 1261 me,
878 1223 912 1254 et
935 1220 1142 1254 terminatur
1166 1221 1200 1253 in
1226 1219 1375 1254 sabbato
1401 1224 1482 1265 post
1500 1221 1645 1266 paseha.

255 1285 417 1319 Instituta
444 1288 497 1319 est
521 1289 635 1319 autem
662 1286 925 1331 septuagesima
948 1288 1094 1329 propter
1117 1288 1189 1318 tres
1213 1287 1369 1320 rationes
1409 1288 1524 1330 (sieut
1547 1288 1645 1322 inve-

255 1353 349 1385 nitur
372 1351 405 1384 in
428 1350 567 1384 Summa
592 1350 635 1384 de
661 1350 777 1384 ol'tieio
803 1351 965 1396 magistri
997 1349 1167 1384 Johannis
1192 1349 1356 1395 Belem),
1405 1352 1538 1387 scilieet
1563 1363 1645 1397 pro-

253 1421 333 1462 pter
358 1416 617 1459 redemtionem,
645 1417 808 1461 quoniam
832 1416 944 1450 saneti
966 1419 1087 1461 patres
1113 1419 1329 1458 statuerunt,
1354 1421 1391 1450 ut
1414 1422 1560 1462 propter
1583 1428 1643 1453 ve-

252 1484 466 1517 nerationem
492 1482 561 1516 diei
586 1483 824 1525 ascensionis,
872 1483 907 1515 in
933 1491 1002 1527 qua
1027 1484 1152 1515 natura
1175 1486 1298 1516 nostra
1321 1483 1438 1518 coelos
1463 1483 1645 1518 adscendit

253 1552 288 1582 et
312 1558 419 1592 supra
442 1547 568 1582 choros
596 1547 801 1593 angelorum
827 1546 1015 1581 sublimata
1042 1550 1118 1588 est,
1168 1557 1307 1592 semper
1336 1549 1416 1592 ipsa
1442 1550 1561 1593 quinta
1586 1548 1642 1583 die

253 1613 432 1647 sollemniS
459 1616 493 1647 et
517 1612 666 1648 celebris
692 1611 882 1647 haberetur
906 1616 940 1646 et
964 1613 998 1645 in
1023 1622 1066 1646 ea
1085 1613 1258 1658 jejunium
1282 1623 1350 1647 non
1378 1613 1640 1656 observaretur,

253 1681 337 1725 quia
360 1680 394 1712 in
419 1679 596 1723 primitiva
621 1677 770 1712 eeclesia
793 1687 905 1722 aeque
936 1677 1114 1711 sollemnis
1140 1683 1236 1721 erat,
1289 1680 1379 1713 sieut
1402 1680 1513 1723 prima
1538 1678 1639 1721 seria,

253 1744 344 1779 unde
369 1748 403 1778 et
426 1747 506 1778 tune
530 1743 707 1778 sollemnis
734 1744 915 1787 processio
939 1742 1044 1778 fiebat
1068 1743 1113 1777 ad
1138 1744 1471 1789 repraesentandum
1495 1754 1639 1789 proees-

252 1811 385 1844 sionem
410 1809 657 1855 discipulorum
688 1809 741 1843 vel
766 1810 920 1854 ipsorum
946 1809 1162 1855 angelorum.
1209 1809 1292 1844 Ideo
1322 1811 1356 1843 in
1384 1810 1530 1856 vulgare
1556 1819 1638 1854 pro-

252 1875 405 1910 verbium
432 1885 567 1909 versum
593 1878 667 1918 est,
715 1878 752 1908 ut
777 1874 844 1909 diei
870 1874 1062 1909 dominicae
1088 1874 1224 1909 dicatur
1247 1879 1398 1921 cognata
1423 1875 1497 1909 dies
1525 1874 1637 1917 Jovis‚

251 1943 334 1986 quia
356 1942 547 1985 antiquitus
575 1940 639 1974 suit
663 1950 775 1985 aeque
799 1940 998 1983 sollemnis,
1041 1940 1104 1976 sed
1131 1941 1222 1975 festa
1248 1944 1443 1974 sanctorum
1470 1950 1638 1984 superve-

249 2011 375 2041 nerunt
400 2011 434 2040 et
462 2005 642 2041 celebrare
666 2010 719 2040 tot
746 2006 838 2040 festa
862 2009 938 2040 erat
970 2016 1177 2049 onerosum,
1226 2006 1306 2040 ideo
1340 2005 1543 2040 solemnitas
1574 2004 1637 2039 illa

247 2074 411 2107 cessavit.
482 2071 519 2106 In
543 2072 789 2107 redemtionem
822 2082 908 2117 ergo
935 2071 1072 2106 illorum
1099 2072 1229 2107 dierum
1254 2072 1365 2106 saneti
1391 2075 1509 2116 patres
1535 2080 1636 2104 unam

249 2140 476 2182 septimanam
505 2138 635 2173 Christi
659 2140 693 2172 in
719 2133 933 2172 abstinentia
958 2138 1167 2173 addiderunt
1192 2142 1225 2172 et
1251 2137 1546 2182 septuagesimam
1572 2146 1636 2171 vo—

247 2207 426 2237 caverunt.
475 2203 556 2237 Alia
581 2208 634 2238 est
658 2207 804 2248 propter
826 2204 1138 2248 significationem,
1188 2203 1349 2247 quoniam
1374 2211 1437 2245 per
1462 2200 1527 2234 hoe
1548 2202 1634 2236 tem-

249 2278 312 2313 pus
338 2268 554 2314 significatur
575 2268 750 2311 deviatio,
784 2269 943 2303 exsilium
968 2273 1002 2303 et
1026 2268 1205 2302 tribulatio
1227 2267 1335 2300 totius
1360 2265 1500 2299 humani
1526 2276 1635 2312 gene—

247 2335 295 2367 ris
323 2333 367 2367 ab
396 2333 507 2367 Adam
540 2344 649 2378 usque
683 2333 726 2367 ad
762 2334 860 2368 tinem
893 2333 1020 2368 mumli.
1092 2332 1192 2373 Quod
1220 2332 1357 2377 (pridem
1384 2331 1543 2365 exsilium
1569 2331 1633 2365 sub

246 2398 463 2433 revolutione
491 2402 622 2443 septem
650 2398 780 2434 diermn
806 2401 989 2445 peragitur
1014 2403 1048 2434 et
1075 2398 1139 2433 sub
1164 2397 1382 2432 revolutione
1405 2400 1537 2441 septem
1557 2397 1632 2431 mil-

245 2464 325 2497 lium
361 2474 528 2498 annorum
562 2464 769 2498 includitur:
818 2475 880 2509 per
914 2466 1140 2511 septuaginta
1175 2464 1264 2498 enim
1297 2463 1372 2497 dies
1406 2464 1632 2507 septuaginta

243 2533 408 2563 centenas
442 2539 607 2563 annorum
642 2530 879 2576 intelligimus.
952 2529 1007 2564 Ab
1044 2531 1143 2563 initio
1172 2533 1285 2564 autem
1309 2527 1426 2562 mundi
1451 2537 1561 2571 usque
1586 2528 1630 2562 ad

245 2592 506 2628 adscensionem
544 2605 606 2629 sex
637 2595 746 2630 millia
780 2606 946 2630 annorum
982 2601 1220 2641 computamus
1254 2598 1289 2629 et
1312 2598 1392 2627 tune
1419 2602 1502 2625 vero
1530 2593 1630 2637 quid-

244 2657 324 2703 quid
350 2661 515 2703 temporis
540 2662 715 2706 sequitur,
741 2673 852 2707 usque
878 2662 922 2696 ad
947 2662 1045 2696 tinem
1071 2660 1186 2695 mundi
1211 2659 1274 2694 sub
1298 2659 1446 2702 septimo
1472 2658 1629 2693 millena-

242 2725 293 2757 rio
318 2723 659 2770 coinpreliendinms‚
698 2729 797 2772 eujus
822 2729 1002 2763 terminum
1030 2726 1126 2761 solus
1151 2724 1243 2760 Deus
1270 2725 1376 2760 novit.
1424 2724 1496 2759 Nos
1522 2724 1629 2770 igitur
