1742 3005
246 113 328 152 534
563 116 659 163 Cap.
691 112 807 150 CXX.
866 113 924 148 De
954 118 1083 148 sancto
1117 109 1327 148 Bernardo.

247 221 376 256 nemini
399 217 636 264 praeferebat.
685 216 857 262 Denique,
882 218 972 251 sieut
996 219 1138 261 saepius
1165 215 1354 258 fatebatur,
1379 215 1470 250 inter
1487 225 1637 250 summos

249 295 386 332 quoque
411 283 565 318 honores
589 287 623 318 et
648 282 790 317 favores
816 282 1022 327 populorum
1049 281 1196 316 alterum
1228 280 1297 314 sibi
1321 284 1494 315 mutuatus
1525 280 1637 315 homi-

248 362 324 386 nem
358 348 543 384 videbatur
573 358 682 394 seque
717 350 834 393 potius
870 348 1060 393 reputabat
1091 346 1290 388 absentem,
1338 346 1432 381 velut
1463 346 1638 392 quoddam

248 416 415 450 somnium
442 410 663 460 suspicatus,
694 414 753 448 ubi
786 424 868 449 vero
903 413 1135 458 simpliciores
1170 411 1299 446 fratres
1326 415 1437 452 erant,
1471 417 1504 446 et
1529 414 1640 446 amica

250 491 388 526 semper
409 480 605 516 humilitate
627 480 695 514 srni
721 479 770 513 ibi
795 489 832 515 se
859 481 1036 514 invenisse
1053 477 1233 524 gaudebat
1260 481 1294 512 et
1322 477 1355 510 in
1382 479 1557 522 propriam
1584 488 1639 512 re-

250 547 360 582 diisse
386 557 583 592 personam.
632 547 778 590 Semper
803 549 915 580 autem
943 543 1186 579 inveniebatur
1217 547 1276 577 aut
1301 552 1406 577 orans
1433 546 1493 578 aut
1517 543 1641 589 legens

251 618 311 648 aut
343 612 503 647 scribens
541 616 600 646 aut
631 611 802 646 medita-ns
835 615 894 646 aut
929 610 1055 644 fratres
1094 609 1200 644 verbo
1232 608 1436 644 aedificans.
1487 609 1641 649 Quadam

253 681 329 714 vice
354 689 427 712 cum
453 678 584 723 populo
612 677 836 722 praedicaret
861 681 895 711 et
921 686 1040 710 omnes
1065 675 1174 710 verba
1201 676 1277 720 ejus
1303 678 1434 709 attente
1460 684 1500 709 ac
1517 674 1642 710 devote

252 745 494 788 susciperent,
529 747 605 788 ejus
631 745 745 777 animo
772 741 941 787 quaedam
967 741 1048 774 talis
1074 742 1217 785 irrepsit
1242 741 1409 775 tentatio:
1444 750 1527 774 vere
1552 750 1642 774 nunc

253 810 382 854 optime
417 807 601 854 praedicas
634 812 668 843 et
699 807 742 842 ab
778 806 976 841 bominibus
1012 805 1162 839 libenter
1196 805 1329 839 audiris
1367 810 1401 840 et
1426 807 1568 850 sapiens
1597 806 1641 840 ab

254 875 414 911 omnibus
449 876 636 920 reputaris.
686 873 732 908 At
767 874 820 908 vir
857 872 922 907 Dei
957 870 1021 905 tali
1046 872 1239 906 tentatione
1264 870 1399 915 pulsari
1425 881 1463 906 se
1489 874 1644 907 sentiens

255 951 442 987 parumper
478 940 635 975 substitit
669 943 703 974 et
735 949 778 973 an
813 937 1020 984 procederet
1057 937 1111 972 vel
1146 936 1244 972 finem
1287 936 1444 979 faceret,
1485 939 1644 984 cogitare

254 1008 371 1052 coepit
403 1008 590 1052 statimque
623 1005 740 1040 divino
774 1005 993 1040 confortatus
1026 1004 1158 1039 auxilio
1190 1004 1360 1038 tentatori
1398 1004 1546 1039 silenter
1589 1016 1645 1041 re-

255 1072 416 1118 spondit:
450 1083 512 1107 nee
547 1083 610 1117 per
643 1076 677 1107 te
711 1073 824 1117 incepi
861 1082 925 1106 nee
958 1082 1023 1116 per
1058 1075 1091 1105 te
1128 1070 1316 1113 dimittam,
1354 1072 1474 1117 sieque
1498 1081 1644 1106 securus

255 1138 553 1184 praedicationem
579 1148 690 1183 usque
715 1137 759 1172 ad
786 1139 885 1173 tinem
912 1140 1119 1183 prosecutus
1156 1141 1221 1173 est.
1269 1136 1464 1172 Monachus
1490 1137 1644 1183 quidam,

257 1205 315 1250 qui
339 1205 372 1238 in
397 1203 538 1238 saeculo
564 1203 721 1237 ribaldus
749 1203 863 1238 suerat
889 1207 992 1249 atque
1017 1204 1133 1245 lusor,
1167 1203 1320 1248 maligno
1347 1203 1544 1237 stimulatus
1570 1204 1645 1248 spi-

259 1271 327 1304 ritu
351 1269 395 1304 ad
421 1269 596 1304 saeculum
624 1270 740 1304 redire
767 1269 886 1303 voluit.
935 1270 1017 1303 Cum
1049 1272 1163 1303 autem
1194 1268 1318 1303 beatus
1343 1268 1543 1304 Bernardus
1571 1280 1647 1305 eum

257 1336 409 1370 retinere
444 1347 510 1370 non
547 1339 687 1381 posset,
721 1336 956 1381 interrogavit
981 1345 1077 1376 eum,
1112 1333 1204 1369 unde
1238 1336 1392 1368 victurus
1425 1340 1531 1370 esset.
1582 1336 1647 1376 Qui

256 1401 458 1446 respondit:
493 1401 539 1436 ad
573 1401 717 1435 taxillos
749 1401 871 1436 ludere
905 1402 980 1435 scio
1007 1404 1041 1435 et
1067 1398 1148 1434 inde
1175 1401 1294 1434 vivere
1320 1404 1454 1444 potero.
1503 1400 1546 1434 Et
1568 1402 1647 1437 ille:

257 1468 287 1500 si
312 1466 378 1500 tibi
406 1467 556 1512 capitale
583 1469 809 1509 commisero,
847 1468 899 1501 vis
926 1466 1075 1512 singulis
1101 1466 1201 1499 annis
1227 1465 1272 1500 ad
1297 1476 1348 1500 me
1374 1466 1491 1501 redire
1519 1471 1553 1501 et
1577 1477 1649 1503 me-

205 1576 216 1580 „
258 1542 332 1566 cum
357 1533 489 1566 lucrum
515 1533 702 1568 dividere?
752 1532 850 1572 Quod
879 1533 938 1567 ille
963 1531 1110 1566 audiens
1137 1532 1283 1577 gavisus
1309 1535 1363 1566 est
1387 1536 1420 1566 et
1439 1543 1477 1567 se
1497 1533 1649 1570 libenter

256 1598 309 1631 sie
334 1602 488 1631 acturum
525 1600 697 1642 promisit.
746 1598 878 1644 Viginti
916 1599 1024 1643 igitur
1052 1596 1188 1631 solidos
1222 1598 1255 1631 ei
1291 1596 1367 1631 dari
1402 1601 1583 1644 praecepit
1616 1605 1650 1635 et

258 1662 317 1697 ille
343 1673 416 1696 cum
444 1663 514 1697 illis
540 1663 638 1698 abiit.
688 1664 758 1698 lloe
784 1668 899 1698 autem
929 1663 1083 1698 faciebat
1108 1665 1160 1696 vir
1187 1667 1341 1705 sanctus,
1368 1668 1405 1698 nt
1423 1675 1498 1699 eum
1524 1667 1647 1700 iterum

257 1739 425 1763 revocare
452 1733 592 1773 posset,
619 1730 710 1763 sicut
736 1734 769 1764 et
798 1729 1015 1774 postmodum
1045 1729 1171 1763 sactum
1200 1734 1264 1764 est.
1313 1729 1377 1764 Ille
1400 1731 1508 1776 igitur
1525 1731 1648 1767 abiens

258 1797 363 1828 totuin
399 1794 553 1838 perdidit
590 1799 623 1829 et
655 1795 701 1828 ad
735 1800 869 1839 portam
896 1794 1062 1828 confusus
1091 1794 1206 1828 rediit.
1257 1795 1331 1833 Quo
1359 1795 1479 1829 audito
1507 1798 1559 1830 vir
1583 1797 1647 1832 Dei

257 1858 300 1892 ad
323 1870 396 1892 eum
420 1859 533 1894 laetus
559 1861 643 1893 exiit
662 1859 886 1903 extenditque
906 1861 1087 1904 gremium,
1114 1863 1149 1892 ut
1168 1859 1268 1893 simul
1290 1859 1485 1894 dividerent
1504 1861 1646 1897 lucrum.

257 1924 319 1957 Cui
345 1924 425 1957 ille:
460 1924 568 1966 nibil,
595 1929 713 1968 pater,
743 1924 896 1958 lucratus
922 1935 1016 1965 suni,
1051 1925 1112 1959 sed
1141 1926 1243 1959 etiam
1269 1925 1411 1969 capitali
1436 1931 1557 1960 nostro
1585 1938 1647 1962 nu-

257 1988 358 2023 datus
392 2000 489 2032 suin,
526 1991 556 2023 si
590 1990 707 2031 vultis,
743 2001 805 2034 pro
840 1994 960 2023 nostro
995 1990 1137 2034 capitali
1173 1992 1318 2034 recipite
1350 2001 1414 2026 me.
1465 1992 1527 2026 Cui
1561 1992 1646 2028 Ber-

257 2054 386 2088 nardus
411 2054 564 2100 benigne
591 2055 791 2099 respondit:
828 2057 856 2089 si
884 2058 955 2097 ita,
995 2056 1125 2099 inquit,
1163 2059 1237 2099 est,
1267 2057 1391 2091 melius
1418 2060 1491 2099 est,
1518 2062 1555 2092 ut
1584 2058 1649 2094 boc

258 2121 438 2163 recipiam,
466 2130 566 2165 quain
595 2120 695 2154 simul
722 2125 906 2166 utrumque
933 2120 1087 2165 perdam.
1137 2121 1292 2161 Quadam
1319 2124 1394 2158 vice
1420 2122 1497 2157 dum
1523 2124 1648 2160 beatus

256 2185 456 2219 Bernardus
479 2187 638 2230 jumento
666 2186 824 2221 insidens
858 2186 976 2231 aliquo
1002 2193 1186 2232 pergeret,
1221 2187 1354 2221 cuidam
1383 2190 1512 2223 rustico
1539 2194 1646 2225 mate-

256 2251 308 2284 ria
333 2251 383 2284 sie
408 2261 446 2285 se
472 2251 640 2286 oll'erente
660 2251 703 2286 de
725 2252 841 2286 cordis
862 2251 1092 2287 instabilitate
1114 2254 1147 2287 in
1169 2254 1328 2288 oratione
1348 2257 1400 2288 est
1421 2259 1644 2300 conquestus.

255 2315 353 2355 Quod
387 2316 446 2350 ille
472 2316 618 2350 audiens
645 2328 720 2351 mox
748 2329 823 2352 eum
850 2317 1011 2362 despexit
1038 2322 1071 2352 et
1098 2320 1130 2352 in
1157 2318 1375 2354 orationibus
1401 2321 1474 2354 suis
1501 2330 1562 2355 cor
1588 2319 1645 2355 fir-

255 2390 341 2414 mum
378 2385 411 2415 et
442 2382 570 2417 stabile
604 2382 734 2418 babere
776 2395 813 2419 se
855 2384 953 2418 dixit.
1004 2384 1133 2419 votens
1175 2388 1290 2419 autem
1330 2384 1531 2420 Beruardus
1571 2397 1644 2421 eum

252 2447 459 2482 convincere
486 2452 519 2482 et
543 2458 564 2481 a
589 2459 653 2482 sua
683 2451 881 2484 temeritate
906 2460 1071 2484 coercere
1092 2449 1196 2484 dixit:
1223 2455 1449 2495 sequestrare
1467 2451 1646 2496 paulisper

253 2520 274 2543 a
302 2510 404 2545 nobis
432 2517 465 2546 et
489 2517 582 2554 tota,
619 2524 687 2558 qua
720 2517 873 2559 poteris,
911 2516 1102 2550 intentione
1136 2517 1328 2550 orationem
1363 2516 1568 2550 dominicam
1594 2518 1642 2550 in-
1669 2535 1671 2538 ⁴

253 2574 400 2613 clioato,
427 2588 527 2622 quani
555 2580 583 2613 si
610 2578 745 2624 absque
773 2581 892 2626 aliqua
918 2580 1036 2615 cordis
1063 2583 1255 2616 intentione
1283 2585 1315 2616 ct
1343 2582 1529 2626 vagatione
1548 2581 1645 2617 finire

255 2642 408 2682 poteris,
440 2643 653 2685 jumentum.
688 2647 741 2679 cui
773 2646 931 2685 insideo,
965 2650 1055 2680 tuum
1093 2648 1212 2691 procul
1249 2647 1353 2681 «lubio
1379 2657 1456 2680 mox
1484 2647 1644 2684 babebis,

255 2702 306 2736 Tu
335 2710 447 2738 autem
477 2707 555 2739 milit
584 2710 615 2740 in
647 2709 712 2743 lide
741 2715 796 2744 tun
825 2711 1023 2755 spondeas.
1062 2712 1176 2755 quod,
1210 2714 1237 2745 si
1273 2711 1366 2746 atiud
1395 2712 1520 2746 ibidem
1550 2715 1627 2759 rogi
