1742 3005
213 72 294 112 374
420 74 517 122 Cap.
543 71 749 109 LXXXlX.
808 70 866 108 De
895 76 1025 108 sancto
1056 70 1169 109 Petro
1200 69 1390 121 apostolo.

211 189 376 214 corruere
407 177 609 211 dimittatis:
643 180 677 210 ct
709 176 874 209 continuo
900 174 1066 210 dimissus
1093 177 1223 210 corruit
1249 180 1283 212 et
1308 174 1496 211 confractis
1522 184 1599 209 cer-

214 244 347 279 vicibus
373 242 578 286 exspiravit.
626 240 782 275 Audiens
816 240 882 275 hoe
916 240 1010 276 Nero
1042 241 1149 276 talem
1185 243 1294 276 virum
1326 252 1366 277 se
1399 241 1602 286 perdidisse

214 309 327 343 doluit
361 307 518 353 dixitque
551 306 746 352 apostolis:
780 311 943 351 suspecto
979 308 1093 341 animo
1125 317 1179 341 me
1213 307 1372 350 fecistis,
1411 312 1603 352 propterea

213 375 303 409 malo
325 373 484 418 exemplo
509 384 572 407 vos
598 372 753 418 perdant.
800 372 896 407 Haec
919 373 1007 408 Leo.
1053 372 1228 418 Deditque
1253 383 1315 408 eos
1340 374 1375 407 in
1395 382 1495 407 manu
1510 373 1602 407 Pau-

214 441 275 474 lini
301 441 366 473 viri
390 439 576 474 clarissimi
606 444 639 476 et
663 439 830 474 Paulinus
855 438 1004 473 tradidit
1029 449 1091 473 eos
1116 440 1150 473 in
1174 438 1336 473 custodia
1363 437 1606 481 ¹)Mamertini

215 508 279 541 sub
314 516 398 541 cura
433 506 577 540 militum
614 505 779 541 Processi
815 510 850 540 ct
872 505 1097 547 Martiniani,
1134 514 1223 550 qnos
1255 504 1383 538 milites
1411 503 1535 538 Petrus
1560 502 1605 537 ad

216 573 316 608 iidem
343 573 535 615 convertit,
569 572 661 606 unde
693 582 870 606 carcerem
904 575 1118 615 aperuerunt
1155 575 1189 605 et
1216 581 1278 605 eos
1304 570 1437 604 liberos
1462 569 1605 604 dimise-

217 644 305 673 runt.
356 639 578 683 Quapropter
601 638 768 672 Paulinus
804 642 885 682 post
910 638 1110 682 passionem
1136 637 1376 681 apostolorum
1400 635 1608 670 Processum

218 708 253 738 et
272 704 518 738 Martinianum
538 704 723 737 accersivit
740 707 775 737 et
802 707 979 747 comperto
1003 702 1095 747 quod
1113 702 1295 736 christiani
1311 705 1442 743 essent,
1471 701 1608 749 ²)j11ssu

217 768 368 803 Neronis
392 770 508 813 capite
534 769 630 802 caesi
655 772 746 802 sunt.
793 767 982 813 Rogabant
1006 778 1092 813 ergo
1120 767 1248 802 fratres
1275 768 1436 809 Petrum,
1465 771 1503 801 ut
1529 765 1609 801 inde

219 833 439 876 discederet,
477 838 511 869 et
544 844 618 868 cum
647 833 832 868 discedere
856 833 986 875 nollet,
1022 833 1162 868 tandem
1197 835 1306 868 victus
1331 832 1496 877 precibus
1524 832 1608 866 abs-

221 901 330 934 cessit
356 904 402 941 et,
434 909 508 933 cum
535 902 692 935 venisset
718 899 763 934 ad
790 903 948 944 portam,
983 903 1019 933 ut
1042 899 1117 934 Leo
1144 904 1178 934 et
1201 900 1311 934 Linus
1336 902 1532 940 testantur,
1566 897 1612 931 ad

220 965 353 1007 locum,
386 965 444 999 ubi
474 976 564 1000 nuuc
599 965 726 1000 dicitur
758 970 883 1000 sancta
914 965 1031 1000 Maria
1063 965 1284 1010 ad-passus,
1322 964 1410 1000 vidit
1436 963 1611 998 Christum

221 1030 290 1065 sibi
315 1035 554 1068 occurrentem
581 1036 615 1066 et
639 1033 708 1065 ait:
734 1031 892 1073 domine,
920 1041 988 1076 quo
1016 1030 1115 1065 vadis
1128 1032 1145 1066 ²?
1194 1029 1259 1071 Qii
1282 1030 1484 1076 respondit:
1510 1031 1612 1064 venio

220 1096 362 1131 Romam
386 1098 509 1131 iterum
535 1096 703 1141 cruciligi.
753 1096 817 1131 Cui
842 1096 985 1131 Petrus:
1010 1098 1133 1132 iterum
1162 1097 1408 1142 crucifigeris?
1456 1096 1520 1130 Cui
1548 1095 1611 1130 do-

221 1164 352 1196 minus:
378 1163 493 1197 etiam.
541 1161 664 1196 Petrus
692 1173 774 1197 vero
800 1163 869 1196 ait:
895 1173 1001 1208 ergo,
1037 1163 1197 1205 domine,
1231 1167 1408 1204 revertar,
1437 1166 1473 1196 ut
1499 1166 1614 1196 tecum

222 1228 419 1273 crucifigar.
469 1228 529 1262 His
557 1228 660 1262 dictis
689 1228 849 1262 dominus
871 1227 1010 1263 vidente
1035 1228 1139 1263 Petro
1171 1233 1205 1263 et
1235 1229 1448 1273 lacrymante
1473 1229 1507 1261 in
1533 1238 1614 1262 coe-

224 1294 291 1327 lum
318 1294 512 1329 adscendit.
563 1294 661 1335 Quod
688 1304 761 1328 cum
788 1293 832 1328 de
860 1304 924 1328 sua
949 1296 1113 1339 passione
1139 1293 1266 1328 dictum
1291 1294 1528 1338 intelligeret,
1557 1304 1614 1328 re-

225 1359 307 1393 diit:
340 1370 485 1406 cumque
518 1360 583 1395 hoc
615 1361 783 1396 fratribus
816 1360 1018 1402 retulisset,
1052 1370 1074 1394 a
1107 1361 1275 1394 ministris
1300 1359 1451 1394 Neronis
1479 1360 1617 1404 capitur

226 1429 260 1459 et
284 1425 465 1470 praelecto
484 1427 666 1473 Agrippae
692 1431 938 1472 praesentatur
956 1427 1120 1472 factaque
1139 1430 1193 1460 est
1213 1427 1288 1471 eJus
1308 1425 1419 1460 facies
1439 1426 1530 1459 sicut
1549 1424 1616 1467 sol,

226 1495 264 1525 ut
291 1493 341 1525 ait
363 1492 484 1527 Linus.
522 1494 584 1528 Cui
603 1493 711 1528 dixit:
736 1498 817 1529 tune
839 1505 876 1529 es
896 1493 968 1536 iile,
998 1495 1055 1539 qui
1082 1495 1117 1527 in
1144 1491 1307 1537 plebibus
1334 1495 1368 1526 et
1392 1490 1618 1539 mulierculis,

228 1566 314 1601 quas
339 1567 360 1591 a
382 1562 460 1591 toro
488 1560 636 1593 virorum
664 1570 824 1604 separas,
853 1560 1051 1606 gloriaris?
1100 1559 1207 1599 Quem
1233 1557 1416 1602 apostolus
1431 1559 1618 1601 increpans

229 1622 381 1664 dicebat,
408 1633 445 1658 se
472 1625 507 1657 in
533 1634 635 1658 cruce
662 1624 792 1659 domini
818 1625 976 1671 gloriari.
1025 1625 1124 1660 Tune
1148 1624 1271 1659 Petrus
1296 1628 1470 1668 tamquam
1495 1622 1620 1657 alieni-

229 1699 322 1733 gcna
353 1690 477 1733 jussus
511 1694 564 1724 est
587 1689 764 1735 cruciligi,
799 1691 927 1725 Paulus
961 1702 1065 1733 vero,
1102 1692 1185 1735 quia
1216 1691 1303 1724 civis
1337 1693 1413 1724 erat
1445 1698 1620 1730 romanus,

224 1756 347 1799 jussus
374 1758 427 1788 est
455 1756 568 1799 capite
592 1757 758 1790 truncari.
807 1756 859 1791 De
890 1756 955 1791 hac
991 1761 1105 1791 autem
1140 1757 1315 1790 sententia
1349 1756 1384 1788 in
1415 1755 1512 1799 ipsos
1539 1753 1622 1788 data

230 1819 315 1854 dicit
347 1820 533 1865 Dionysius
552 1821 603 1854 -in
639 1821 790 1865 epistola
821 1822 866 1855 ad
892 1821 1114 1856 Timotheum
1147 1821 1188 1856 de
1212 1824 1323 1855 morte
1350 1819 1449 1854 Pauli
1474 1820 1508 1852 in
1534 1818 1622 1853 haec

231 1886 357 1921 verba:
391 1896 411 1920 ο
437 1886 547 1920 frater
571 1887 617 1919 mi
642 1886 870 1930 Timotheus,
907 1889 939 1921 si
966 1887 1117 1922 vidisses
1153 1896 1287 1932 agones
1314 1886 1622 1920 consummationis

231 1954 398 1996 ipsorum,
425 1952 622 1987 defecisses
649 1953 788 1998 quidem
808 1963 893 1997 prae
909 1955 1056 1988 tristitia
1076 1958 1110 1988 et
1134 1952 1268 1986 dolore.
1318 1952 1404 1991 Quis
1429 1961 1498 1985 non
1524 1950 1625 1985 fleret

232 2017 294 2051 illa.
319 2017 425 2059 hora,
463 2018 601 2062 quando
635 2021 1088 2063 praeceptum,sententiae
1122 2028 1304 2063 egressum
1331 2017 1366 2050 in
1395 2027 1456 2051 cos
1483 2021 1554 2059 cst,
1589 2020 1627 2051 ut

232 2083 355 2117 Petrus
383 2083 518 2117 scilicet
552 2085 816 2130 crucifigeretur
843 2089 878 2119 et
901 2084 1030 2120 Paulus
1058 2084 1304 2118 decollaretur.
1352 2083 1511 2118 Vidisses
1544 2087 1626 2117 tune

232 2148 354 2183 turbas
388 2149 570 2194 gentilium
604 2154 638 2184 et
671 2149 882 2185 Judaeorum
917 2152 1151 2196 percutientes
1186 2160 1248 2184 eos
1284 2153 1318 2184 et
1355 2152 1565 2193 exspuentes
1591 2149 1627 2182 in

234 2213 345 2248 facies
374 2224 504 2248 eornm.
553 2214 771 2250 Adveniente
804 2220 918 2251 autem
949 2215 1101 2251 terribili
1133 2219 1290 2259 tempore
1318 2215 1627 2249 consummationis

236 2280 409 2323 ipsorum,
444 2289 518 2313 cum
544 2284 794 2324 separarentur
817 2281 861 2315 ab
887 2283 1046 2324 invicem,
1072 2282 1272 2327 ligaverunt
1295 2280 1473 2314 columnas
1498 2279 1627 2323 mundi,

235 2355 303 2378 non
328 2346 446 2389 utique
470 2344 604 2390 absque
641 2345 784 2379 l'ratrnm
810 2348 942 2392 gemitu
975 2351 1009 2381 et
1033 2347 1185 2391 planctu.
1237 2346 1336 2381 Tune
1364 2347 1476 2392 inquit
1499 2345 1627 2380 Paulus

236 2409 358 2444 Petro:
399 2421 467 2454 pax
509 2412 622 2445 tecum
666 2410 925 2446 fundamentum
960 2413 1188 2447 ecclesiarum
1223 2417 1258 2447 et
1294 2416 1418 2458 pastor
1453 2413 1568 2446 ovium
1594 2413 1628 2444 et

237 2486 406 2519 agnorum
436 2475 577 2511 Christi.
627 2476 751 2511 Petrus
779 2478 829 2511 ait
853 2477 898 2512 ad
928 2478 1091 2512 Paulum:
1121 2477 1208 2513 vade
1228 2480 1262 2512 in
1282 2488 1381 2523 pace,
1407 2474 1630 2521 praedicator

238 2539 406 2575 bonorum
441 2552 593 2583 morum,
629 2542 801 2576 mediator
834 2547 868 2579 et
905 2543 973 2578 dux
1008 2543 1133 2578 salutis
1163 2543 1348 2589 justorum.
1399 2540 1480 2575 Cum
1514 2543 1628 2574 autem

311 2640 336 2668 1)
356 2639 407 2664 rid.
428 2643 470 2665 l'r.
491 2640 600 2668 muniit
620 2640 696 2668 male
718 2641 818 2674 voi-ba]
836 2644 863 2668 M
874 2641 1058 2670 amer-tini
1086 2654 1114 2661 —
1143 2645 1187 2669 et.
1291 2639 1319 2672 2)
1346 2640 1423 2665 nime
1451 2637 1510 2666 (1¹¹0
1538 2638 1630 2666 V‘r'fbfl

242 2683 350 2711 ‹unittit
372 2683 423 2712 Ed.
445 2686 486 2711 l’r.
