1742 3005
257 123 338 162 222
587 123 683 173 Cap.
712 122 794 159 Lu.
853 121 911 159 De
940 128 1073 160 sancio
1098 122 1317 160 Timotheo,

262 237 363 272 quem
380 225 566 261 invenietis
584 223 722 259 abesse.
749 223 851 260 Tune
869 236 956 262 unus
974 225 1174 261 exclamans
1197 226 1297 269 dixit,
1319 224 1481 271 quonlam
1501 223 1599 259 solus
1615 225 1649 270 ¹)

260 292 472 326 camerarius
498 291 581 324 illue
605 300 674 324 non
699 291 865 325 venisset.
913 289 975 326 Ille
1000 295 1113 326 autem
1140 291 1247 325 dixit:
1279 302 1362 326 vere
1387 292 1465 336 ipse
1490 295 1563 330 est,
1592 292 1652 336 qni

259 357 369 391 deest.
418 356 485 390 Pro
518 366 559 390 eo
586 356 695 401 igitur
722 356 796 390 ¹eito
827 357 974 391 mittitur
1009 360 1043 391 et
1074 358 1110 391 in
1141 356 1290 391 medium
1323 356 1517 392 deducitur.
1567 356 1649 391 Cum

257 426 371 456 autem
397 422 507 456 virum
533 421 599 456 Dei
626 420 794 463 vidisset,
835 422 1004 456 revolutis
1033 421 1241 457 terribiliter
1268 422 1379 456 oeulis
1409 427 1513 467 eaput
1539 424 1650 456 instar

256 488 371 522 insani
397 486 559 533 agitabat
581 497 646 521 nee
678 488 824 532 propius
852 488 1023 523 accedere
1055 487 1219 522 audehat.
1275 487 1338 523 Vir
1368 492 1481 522 autem
1508 492 1649 521 sanetus

258 553 348 588 dixit
374 554 424 587 ei:
459 552 585 597 adJuro
610 557 644 587 te
674 563 737 597 per
759 563 883 588 nomen
920 553 1049 588 domini
1073 555 1185 588 nostri
1210 553 1296 589 Jesu
1321 553 1472 593 Christi,
1509 557 1547 587 ut
1571 554 1649 598 quis

259 621 322 661 sis,
348 618 451 653 nobis
478 618 656 652 edisseras
684 622 719 653 et
740 618 783 652 ob
812 629 912 663 quam
935 630 1076 654 eausam
1100 619 1168 653 hue
1189 620 1337 660 veneris,
1364 618 1479 663 palam
1503 617 1648 662 pandas.

259 686 323 719 (lui
349 685 408 719 ille
436 684 635 728 respondit:
661 684 729 719 heu
754 684 937 729 adjuratus
965 685 1117 729 prodere
1144 696 1255 731 cogor
1274 686 1424 725 invitus,
1466 694 1533 729 ego
1562 684 1651 717 enim

258 760 327 783 non
353 760 427 783 sum
455 748 578 789 homo,
616 749 679 784 sed
709 749 874 786 daemon,
920 752 978 795 qui
1010 751 1152 785 formam
1178 751 1326 785 hominis
1354 751 1475 793 accepi
1501 753 1533 783 et
1557 747 1649 782 XIIII

258 816 358 847 annis
387 824 461 847 eum
487 814 555 847 hoe-
579 814 687 848 milite
720 815 773 848 sic
799 817 985 858 permansi.
1044 816 1130 850 Nam
1160 821 1281 850 noster
1316 817 1478 860 princeps
1506 825 1558 849 me
1583 814 1649 847 hue

260 880 366 922 misit,
389 883 426 913 ut
452 879 554 917 diem,
585 889 654 924 qua
668 879 726 913 hie
751 890 836 914 suae
860 879 996 916 Mariae
1022 881 1267 915 salutationem
1294 891 1363 914 non
1389 880 1541 921 dieeret,
1568 879 1649 913 dili-

258 946 400 989 gentius
425 944 670 987 observarem,
714 949 752 978 ut
785 946 821 979 in
856 956 931 980 eum
968 951 1144 992 potestate
1170 950 1317 991 aeeepta
1348 947 1459 990 ipsum
1486 946 1649 980 continno

257 1011 513 1055 sti-angularem
548 1015 581 1045 et
615 1012 667 1045 sie
706 1012 740 1045 in
775 1012 876 1045 malis
912 1013 1079 1057 operibus
1116 1015 1218 1047 vitam
1250 1013 1372 1047 liniens
1397 1016 1518 1046 noster
1543 1014 1648 1046 esset.

257 1078 471 1122 Quaeunque
496 1077 585 1110 enim
612 1076 669 1111 die
698 1078 791 1111 illam
820 1078 1065 1112 salutationem
1093 1078 1245 1116 dicebat,
1280 1080 1314 1112 in
1341 1090 1416 1113 eum
1442 1082 1650 1123 potestatem

257 1142 388 1177 habere
414 1153 484 1176 non
508 1146 687 1186 poterain3
715 1154 796 1177 eece
824 1148 936 1178 antem
964 1143 1006 1178 de
1034 1144 1090 1179 die
1116 1146 1150 1178 in
1178 1145 1267 1178 diem
1295 1144 1500 1190 diligentius
1526 1144 1648 1178 ohser-

257 1209 338 1243 vavi
363 1212 397 1243 et
420 1208 566 1249 nullum,
601 1210 682 1253 quin
708 1219 781 1243 eam
809 1209 1026 1251 salutaverit,
1052 1211 1297 1254 praetermisit.
1345 1210 1439 1244 llaee
1462 1209 1560 1243 miles
1587 1219 1648 1242 au·

256 1274 356 1309 diens
384 1273 606 1308 vehementer
631 1274 814 1319 obstupuit
840 1279 875 1310 et
905 1275 950 1308 ad
978 1275 1086 1319 pedes
1113 1278 1181 1311 viri
1203 1276 1268 1311 Dei
1300 1286 1339 1311 se
1369 1275 1561 1320 projiciens
1588 1284 1648 1308 ve-

256 1339 346 1373 niam
372 1339 566 1383 postulavit
600 1343 634 1373 et
666 1340 700 1373 in
733 1339 857 1374 melius
890 1340 1056 1385 deinceps
1095 1342 1200 1376 vitam
1237 1342 1391 1375 mutavit.
1447 1340 1508 1375 vn·
1534 1343 1647 1374 autem

255 1409 398 1439 sanetus
427 1404 514 1438 dixit
541 1404 718 1439 daemoni:
754 1407 937 1451 praeripio
962 1407 1050 1449 tibi,
1088 1406 1256 1449 daemon,
1294 1408 1328 1441 in
1359 1407 1494 1440 nomine
1519 1404 1647 1439 domini

253 1472 365 1504 nostri
382 1470 469 1506 Jesu
494 1470 637 1513 Christi,
663 1475 700 1505 ut
725 1471 806 1506 hine
825 1472 999 1507 absc-edas
1025 1477 1059 1507 et
1082 1472 1186 1507 talem
1211 1473 1378 1507 haetenus
1398 1472 1511 1506 loenm
1529 1471 1646 1516 possi-

253 1536 359 1573 deas.
403 1536 463 1570 ubi
496 1537 581 1571 nnlli
608 1537 801 1582 =gloriosam
827 1537 893 1572 Dei
925 1540 1131 1582 genitricem
1169 1539 1345 1572 invocanti
1378 1548 1507 1572 noeere
1542 1546 1645 1581 prae-

253 1611 381 1635 sumas.
431 1601 525 1636 Haee
547 1603 607 1636 uhi
628 1603 732 1647 jussa.
756 1602 871 1646 dedit,
911 1603 1058 1638 daemon
1093 1603 1288 1638 abscedens
1316 1605 1456 1638 evanuit
1482 1607 1516 1637 et
1546 1603 1646 1636 miles

253 1668 361 1701 virum
389 1671 545 1702 sanetum
573 1678 647 1702 enm
673 1670 871 1704 reverentia
911 1674 944 1704 et
977 1671 1171 1714 gratiarum
1197 1670 1334 1704 aetione
1368 1668 1513 1703 liberum
1547 1668 1646 1702 abire

254 1734 422 1776 permisit.

782 1955 906 2017 GAP.
941 1954 1032 2016 LII.
1052 1956 1116 2014 2).

574 2054 675 2098 Be
709 2055 929 2098 sancto
960 2053 1319 2099 Timotheo.

344 2163 463 2197 Saneti
498 2162 676 2196 Timothei
711 2162 841 2198 Romae
868 2163 1068 2198 celebratur
1099 2164 1252 2206 natalis,
1294 2164 1352 2209 qui
1388 2161 1431 2197 ab
1460 2162 1647 2197 Antiochia

254 2227 395 2263 Romam
428 2230 571 2262 veniens
605 2228 669 2262 sub
703 2228 906 2264 lllelehiade
941 2239 1033 2273 papa
1067 2238 1088 2262 a
1121 2229 1292 2262 Silvestro
1325 2228 1544 2272 presbitero,
1587 2229 1646 2273 qui

254 2298 378 2338 postea
405 2295 591 2338 episcopus
618 2294 714 2327 urbis
742 2294 886 2328 effeetus
914 2298 988 2336 est,
1014 2298 1198 2339 suseeptus
1228 2297 1281 2328 est
1307 2293 1445 2335 osiieio,
1473 2292 1565 2338 quod
1591 2292 1645 2327 I'a-

252 2369 332 2393 cere
358 2363 440 2392 tuno
466 2359 633 2403 temporis
662 2360 763 2392 etiam
784 2360 851 2403 ipsi
872 2359 1054 2404 pontifices
1074 2358 1318 2393 formidabant.
1367 2359 1539 2393 silvester
1563 2369 1645 2393 vero

254 2436 322 2459 non
348 2424 459 2459 solum
487 2424 641 2469 hospitio
669 2435 744 2458 eum
770 2426 949 2469 recepiSse
975 2424 1174 2471 gaudebat,
1207 2424 1271 2459 sed
1305 2425 1407 2459 etiam
1432 2426 1555 2458 timore
1581 2424 1643 2459 ab·

249 2491 346 2535 jeeto
372 2495 440 2524 tam
459 2491 563 2524 vitam
587 2500 687 2535 qnam
711 2489 902 2525 doctrinam
927 2491 1004 2536 ejus
1022 2490 1202 2533 laudabat,
1227 2491 1286 2536 qui
1311 2501 1374 2535 per
1395 2501 1496 2524 unum
1521 2499 1641 2523 annum

322 2637 349 2667 1)
369 2636 421 2663 l-Icl.
441 2639 482 2662 l‘r.
503 2634 586 2661 offeri
617 2645 683 2662 can
694 2645 709 2661 a
719 2644 738 2662 v
748 2635 828 2661 ariu
840 2644 862 2662 s.
982 2636 1011 2668 2)
1031 2638 1109 2662 llaec
1128 2635 1251 2667 legenda
1271 2635 1355 2661 deest
1370 2633 1399 2659 in
1419 2637 1528 2661 renent.
1550 2632 1642 2665 libris,

255 2688 322 2705 nam
342 2688 416 2711 quae
436 2680 542 2706 vods-m
562 2679 649 2706 titulo
669 2679 811 2715 inscripta
831 2689 896 2714 cap.
913 2682 1013 2707 CXVI.
1034 2678 1158 2711 legitur,
1189 2678 1278 2713 plane
1297 2677 1416 2705 diversa
1438 2681 1478 2702 est
1501 2687 1594 2711 enque
1614 2682 1639 2703 et

257 2724 286 2750 flu
305 2723 356 2750 1·;‹l.
376 2722 469 2750 rrinc.
487 2724 643 2758 reperitur.
