1742 3005
383 117 477 166 Cap.
507 115 622 153 XVIl.
690 116 748 152 De
780 122 908 153 sancto
940 115 1128 166 Remigio.
1410 120 1461 156 97

74 221 198 257 beatus
221 219 397 267 Remigius
423 219 688 256 Landuuensem
718 221 917 266 episcopum
954 219 1137 255 ordinavit.
1209 222 1254 256 At
1289 219 1460 258 Genebar

74 287 138 322 dus
161 297 236 323 eum
270 296 412 322 uxorem
446 296 543 321 suam
577 296 686 321 eausa
719 285 912 322 instruendi
937 285 982 321 ad
1007 295 1045 322 se
1071 287 1212 332 saepius
1238 288 1356 323 venire
1381 298 1461 333 per-

75 354 247 395 mitteret,
275 362 317 388 ex
345 351 518 397 frequenti
543 351 719 397 colloquio
743 353 877 386 animus
909 353 985 397 eJus
1012 352 1046 386 in
1069 352 1381 396 concupiscentiam
1408 354 1458 387 iu-

74 419 269 453 flammatur
296 421 330 454 et
355 427 466 463 usque
491 418 527 451 in
553 421 731 462 peccatum
757 427 873 452 secum
900 415 1116 461 p1·01abitur;
1147 427 1236 462 quae
1263 419 1461 463 concipiens

74 488 109 518 et
133 483 239 518 filium
264 484 404 529 pariens
430 481 494 516 hoe
519 484 686 527 episeopo
710 483 882 516 intimavit
907 485 941 516 et
968 481 1027 516 ille
1054 481 1220 517 confusus
1246 482 1289 516 ad
1316 493 1389 518 eam
1407 495 1461 520 re-

75 549 253 584 mandavit
280 548 417 583 dicens:
461 548 623 592 quoniam
649 556 737 591 puer
762 547 804 581 de
832 546 1017 581 latrocinio
1045 547 1237 592 acquisitus
1262 551 1333 589 est,
1383 549 1460 583 volo

75 618 112 648 ut
135 614 246 649 Latro
273 617 424 649 vocetur.
460 611 511 646 Ne
538 615 651 646 autem
677 613 831 657 suspicio
860 612 982 658 aliqua
1006 612 1169 654 oriretur,
1196 622 1337 647 uxorem
1363 623 1462 649 suam

75 680 164 714 sieut
176 679 273 724 prius
288 677 332 713 ad
346 687 384 713 se
399 677 518 712 venire
533 678 702 722 permisit,
729 681 964 712 verumtamen
981 681 1061 722 post
1080 678 1182 723 primi
1197 680 1332 723 peccati
1347 679 1461 714 ssetuni

74 753 188 779 secum
213 745 282 778 ruit
308 744 433 778 iterum
458 743 493 776 in
519 746 710 787 peecatum.
767 741 864 783 Quae
889 753 964 777 eum
989 743 1093 777 tiliam
1118 744 1316 789 peperisset
1341 748 1376 779 et
1397 744 1463 780 hoe

72 811 239 856 episeopo
265 808 455 851 retulisset,
483 807 542 842 ille
567 807 768 853 respondit:
793 808 889 842 illam
912 808 1016 843 filiam
1032 808 1260 855 Vulpeeulam
1275 811 1461 846 nominate.

73 874 230 910 Tandem
263 873 308 910 ad
339 884 378 910 se
407 883 571 909 reversus
605 873 744 908 beatum
775 873 968 920 Remigium
1000 874 1087 909 adiit
1111 878 1146 909 et
1169 874 1214 909 ad
1241 874 1350 920 pedes
1377 886 1461 911 suos

73 940 259 986 procidens
292 939 417 975 stolam
446 939 488 974 de
519 938 610 973 eollo
636 949 699 973 suo
726 938 902 985 deponere
930 932 1049 975 voluit.
1099 939 1200 981 Quod
1219 950 1295 975 cum
1321 946 1463 977 sanetus

72 1005 251 1053 Remigius
276 1004 516 1051 prohibuisset
542 1009 576 1040 et
600 1004 644 1039 ab
670 1015 734 1047 eo,
773 1004 855 1050 quid
883 1005 1062 1048 acciderit,
1095 1005 1308 1050 audivisset,
1334 1006 1462 1044 blande

73 1081 149 1106 eum
180 1070 366 1106 consolans
397 1072 511 1116 ipsum
545 1072 580 1105 in
613 1070 764 1116 quadam
797 1070 926 1105 cellula
960 1081 1073 1116 parva
1105 1082 1169 1117 per
1193 1076 1326 1118 septem
1351 1082 1462 1108 annos

73 1136 216 1172 reclusit
241 1140 277 1171 et
300 1137 377 1182 ipse
401 1137 537 1171 interim
563 1137 639 1182 eJus
663 1136 845 1171 eeclesiam
871 1135 1093 1182 gubernavit.
1166 1136 1321 1183 Septimo
1354 1140 1463 1185 igitur

73 1211 164 1236 anno
189 1211 264 1237 eum
288 1203 324 1236 in
347 1211 458 1238 coena
485 1201 613 1237 domini
636 1189 674 1235 in¹
699 1204 858 1237 oratione
885 1204 1112 1248 persisteret,
1162 1204 1310 1249 angelus
1334 1203 1463 1238 domini

72 1266 185 1303 eldem
209 1266 346 1303 adstitit
369 1271 405 1303 et
429 1270 607 1313 peceatum
633 1277 730 1302 suum
757 1267 826 1302 sibi
851 1267 1028 1304 dimissum
1053 1266 1230 1312 perhibuit
1256 1278 1316 1311 ae,
1341 1273 1378 1303 ut
1407 1269 1455 1304 so-

73 1333 122 1367 ris
147 1333 245 1368 abire
274 1332 422 1376 debeat,
456 1335 652 1378 imperavit.
725 1332 789 1367 Cui
814 1342 889 1366 cum
914 1332 1176 1378 respondisset:
1212 1343 1279 1367 non
1306 1344 1458 1378 possum.

73 1398 236 1442 quoniam
269 1397 426 1432 domiuus
462 1407 557 1432 meus
590 1396 767 1443 Remigius
800 1398 926 1431 ostium
951 1396 1017 1431 hoo
1041 1397 1167 1432 clausit
1193 1402 1227 1433 et
1253 1400 1372 1445 sigillo
1397 1411 1460 1435 suo

72 1463 238 1505 munivit,
269 1462 417 1508 angelus
443 1463 514 1496 ait:
550 1472 629 1497 ecee
650 1466 687 1497 ut
714 1464 806 1497 seias
830 1462 894 1497 tibi
920 1462 1052 1497 coelum
1080 1468 1237 1508 apertum
1263 1475 1360 1507 esse,
1397 1465 1461 1500 hoc

70 1527 175 1562 etiam
200 1526 386 1572 hospitium
413 1527 512 1561 salvo
538 1527 657 1572 sigillo
684 1538 772 1562 nune
798 1529 986 1573 aperietur.
1042 1528 1237 1574 Statimque
1264 1534 1300 1563 ut
1326 1530 1463 1566 dixerat

72 1596 127 1628 est
151 1596 321 1638 apertum.
392 1592 488 1628 Tunc
515 1591 736 1628 Genebaldus
760 1594 901 1638 jactans
934 1603 972 1627 se
999 1594 1033 1627 in
1068 1593 1181 1629 medio
1214 1596 1296 1628 ostii
1326 1597 1360 1629 in
1389 1607 1452 1630 ino

72 1658 150 1692 dum
176 1659 288 1693 erucis
314 1659 383 1693 ait:
434 1659 570 1693 etiamsi
598 1657 756 1693 dominus
780 1668 876 1693 meus
899 1657 1002 1694 Jesus
1029 1658 1189 1694 Christus
1216 1659 1260 1694 ad
1287 1671 1340 1695 me
1367 1665 1456 1697 veui?

73 1727 127 1758 ret
149 1723 237 1766 huc,
274 1723 354 1759 hine
378 1734 447 1758 non
472 1723 659 1770 egrediar,
709 1726 778 1759 nisi
803 1724 959 1759 dominus
985 1735 1080 1760 meus
1106 1724 1284 1773 Remigius
1308 1726 1374 1762 huo
1401 1739 1460 1763 ve-

72 1790 166 1832 niat,
215 1790 275 1835 qui
300 1799 353 1824 me
378 1788 531 1824 reclusit.
602 1789 700 1825 Tunc
726 1795 866 1825 sanetus
898 1789 1076 1837 Remigius
1113 1791 1157 1825 ad
1191 1791 1459 1829 admonitionem

70 1854 189 1901 angeli
212 1854 419 1890 Laudunum
448 1857 541 1890 venit
567 1859 602 1891 et
623 1856 736 1900 ipsum
763 1857 797 1889 in
822 1855 934 1890 locum
959 1867 1057 1891 suum
1082 1859 1246 1901 restituit,
1275 1860 1334 1904 qui
1351 1870 1460 1905 usque

72 1919 118 1954 ad
151 1919 283 1955 obitum
316 1922 352 1955 in
385 1922 516 1956 sanetis
553 1920 719 1967 operibus
745 1923 987 1966 perseveravit
1013 1926 1046 1958 et
1070 1923 1180 1958 Latro
1206 1924 1297 1959 iilius
1322 1926 1398 1971 eJus
1425 1927 1460 1960 in

71 1986 277 2030 episcopatu
303 1985 414 2021 eidem
438 1988 618 2030 successit,
649 1988 708 2032 qui
733 1988 837 2022 etiam
862 1991 1002 2022 sanctus
1029 1987 1106 2025 fuit.
1140 1988 1296 2025 Tandem
1320 1995 1460 2026 sanetus

72 2050 248 2097 Remigius
272 2051 389 2086 multis
421 2051 537 2087 clarus
571 2051 757 2089 virtutibus
791 2054 825 2087 in
860 2062 946 2099 paee
972 2055 1106 2099 quievit
1129 2055 1222 2089 eirca
1248 2065 1372 2091 annum
1397 2056 1460 2091 do*

72 2116 153 2150 mini
187 2116 228 2151 D.
293 2115 425 2152 Eodem
459 2117 515 2153 die
549 2117 748 2154 celebratur
781 2119 909 2154 natalis
943 2121 1053 2155 saneti
1086 2120 1208 2156 Hilarii
1242 2120 1458 2159 pictavorum

71 2180 167 2217 urbis
188 2182 346 2227 episcopi
377 2185 419 2226 ¹).

140 2326 166 2357 l)
192 2325 306 2353 Verba:
334 2327 472 2357 Eodem
490 2343 520 2351 -
542 2330 726 2365 episcopi
753 2330 860 2357 desunt
881 2331 909 2357 in
932 2331 982 2359 Ed.
1004 2334 1031 2357 Ιί
