1742 3005
249 146 332 186 624
459 147 556 195 Cap.
590 143 705 179 CXL.
766 142 825 178 De
858 148 989 177 sancto
1022 141 1215 178 Matthaeo
1249 141 1439 191 apostolo.

249 255 364 289 venite
392 255 426 286 et
451 250 567 284 videte
589 248 697 282 Deum
723 248 757 281 iu
784 245 903 291 effigie
927 245 1076 279 hominis
1103 245 1277 280 latentem.
1325 245 1504 281 Venerunt
1528 244 1636 289 igitur

246 330 320 355 cum
361 317 501 352 coronis
544 315 662 348 aureis
703 317 738 347 et
777 312 929 345 diversis
970 310 1220 344 sacrificiorum
1254 311 1443 356 generibus
1478 310 1634 345 volentes

246 383 445 419 sacrificare
471 381 515 415 ei.
566 379 659 419 Quos
685 377 891 413 Matthaeus
927 377 1140 420 compescuit
1171 375 1310 409 dicens:
1346 376 1427 417 viri,
1462 375 1543 421 quid
1579 375 1633 409 sa-

245 451 352 484 citis?
389 458 456 494 ego
489 446 583 481 Deus
618 455 687 478 non
716 454 810 485 sum,
853 442 916 477 sed
951 452 1074 476 servus
1109 441 1238 475 domini
1272 440 1358 475 Jesu
1393 440 1535 477 Christi,
1580 440 1636 474 lili

245 517 353 561 igitur
378 514 421 548 de
447 523 533 547 auro
560 515 594 545 et
616 513 777 556 argento,
806 508 898 553 quod
925 507 993 541 sibi
1020 506 1224 548 attulerant,
1252 507 1328 550 ipso
1351 505 1499 551 jubente
1525 506 1635 541 eccle-

244 582 333 616 siam
360 589 520 625 magnam
552 577 823 615 fabricaverunt,
849 584 949 619 quam
968 575 1060 607 intra
1083 572 1185 606 XXX
1205 572 1281 607 dies
1299 576 1636 614 consummaverunt,

243 648 277 679 in
298 655 366 691 qua
383 643 565 689 apostolus
585 643 731 687 triginta
745 641 845 674 annis
865 644 898 674 et
922 639 1034 673 tribus
1060 638 1151 673 sedit
1178 642 1211 673 et
1237 642 1342 673 totam
1369 637 1566 684 Aegyptum
1592 637 1637 672 ad

244 710 344 744 tidem
374 710 563 747 convertit,
592 718 654 741 rex
679 710 793 740 autem
818 704 975 750 Egippus
1003 714 1077 738 cum
1103 715 1211 738 uxore
1236 714 1301 738 sua
1326 708 1360 738 et
1386 705 1477 737 omni
1505 703 1635 749 populo

241 776 455 820 baptizatur.
508 772 778 816 ¹)Ephigeniam
805 780 944 814 quoque
970 769 1074 803 filiam
1104 771 1200 814 regis
1226 770 1409 814 apostolus
1435 769 1509 804 Deo
1536 769 1638 804 dedi-

245 845 358 875 catam
383 839 462 885 plus
488 848 590 884 quam
617 836 775 870 ducentis
803 834 999 879 virginibus
1026 834 1208 878 praefecit.
1257 834 1343 869 Post
1375 835 1441 870 hoc
1472 835 1635 870 Hirtacus

242 907 321 952 regi
347 906 520 940 successit
545 907 579 938 et
603 902 772 947 virginem
793 899 1009 944 praedictam
1028 900 1280 943 concupiscens
1298 899 1473 934 dimidium
1492 913 1636 947 regnum

243 974 299 1007 sui
327 971 491 1017 apostolo
517 969 696 1014 promisit,
733 968 762 1001 si
789 976 864 1000 eam
891 966 926 998 in
951 966 1151 1010 conjugium
1178 976 1275 999 suum
1300 966 1367 1000 sihi
1394 966 1527 1001 faceret
1553 977 1636 1001 con-

242 1040 385 1073 sentire.
437 1036 500 1071 Cui
527 1034 710 1079 apostolus
738 1034 809 1075 ait,
834 1036 871 1065 ut
891 1034 994 1077 Juxta
1019 1042 1145 1065 morem
1173 1031 1461 1076 praedecessoris
1491 1032 1546 1067 die
1573 1032 1637 1067 do-

241 1105 369 1138 minica
393 1102 437 1137 ad
464 1101 649 1137 ecclesiam
675 1099 879 1133 conveniret
906 1101 940 1132 et
966 1102 1153 1142 praesente
1174 1096 1373 1143 Ephigenia
1392 1108 1467 1132 cum
1487 1101 1636 1134 caeteris

244 1168 462 1214 virginibus,
492 1177 593 1212 quam
619 1165 713 1199 bona
739 1165 809 1198 sint
832 1166 929 1209 justa
954 1165 1143 1209 conjugia,
1174 1163 1324 1200 audiret.
1373 1164 1448 1203 Quo
1475 1176 1536 1199 rex
1561 1176 1636 1199 cum

241 1234 374 1280 gaudio
401 1233 582 1268 festinavit
607 1235 745 1276 putans,
774 1229 868 1275 quod
889 1229 1109 1275 Ephigeniae
1131 1229 1234 1263 vellet
1253 1230 1453 1275 conjugium
1470 1231 1633 1265 suadere.

240 1299 446 1336 Matthaeus
485 1300 594 1345 igitur
626 1295 822 1342 virginibus
858 1300 892 1330 et
930 1296 1021 1330 omui
1054 1295 1184 1340 populo
1218 1297 1445 1340 congregatis
1475 1296 1635 1332 debono

240 1366 454 1400 matrimonii
497 1364 556 1398 diu
596 1363 734 1397 locutus
775 1372 795 1396 a
829 1371 914 1408 rege
947 1361 1127 1406 plurimum
1164 1365 1218 1395 est
1255 1361 1440 1404 laudatus;
1473 1363 1634 1407 credens,

241 1416 334 1477 quod
357 1430 426 1465 hoc
451 1430 531 1465 ideo
558 1430 711 1472 diceret,
745 1432 783 1462 ut
809 1428 958 1474 virginis
985 1428 1132 1461 animum
1160 1426 1205 1460 ad
1231 1429 1482 1462 matrimonium
1507 1440 1635 1474 provo-

240 1500 351 1533 caret.
399 1496 532 1531 Deinde
567 1492 787 1540 ²)imperato
821 1494 962 1528 silentio
994 1503 1187 1527 sermonem
1223 1494 1352 1538 repetit
1388 1493 1526 1529 dicens:
1561 1505 1634 1529 cum

241 1561 370 1595 bonum
396 1563 442 1596 sit
467 1563 741 1603 matrimonium,
768 1561 798 1594 si
824 1559 921 1594 salvo
951 1559 1095 1594 foedere
1121 1563 1302 1602 teneatur,
1332 1559 1421 1594 bene
1449 1561 1546 1595 scitis
1572 1560 1635 1596 ad-

241 1631 399 1669 stantes,
436 1627 548 1671 quod,
587 1628 618 1660 si
647 1628 743 1672 regis
778 1637 945 1672 sponsam
973 1626 1099 1672 aliquis
1125 1636 1305 1660 servorum
1332 1636 1503 1670 usurpare
1531 1637 1635 1671 prae-

240 1695 413 1734 sumeret,
439 1703 508 1726 non
533 1691 645 1726 solum
671 1693 767 1737 regis
795 1692 976 1734 offensam,
1003 1692 1066 1727 sed
1095 1695 1238 1726 mortem
1264 1692 1407 1736 insuper
1432 1696 1634 1735 mereretur,

239 1769 328 1799 non,
356 1759 440 1803 quia
465 1768 609 1792 uxorem
636 1756 779 1791 duxisse
805 1756 993 1801 probatur,
1031 1757 1093 1791 sed
1127 1758 1210 1802 quia
1235 1767 1399 1802 sponsam
1425 1757 1555 1792 domini
1580 1759 1635 1792 sui

239 1825 418 1868 accipiens
444 1824 521 1869 ejus
547 1823 800 1857 matrimonium
828 1822 982 1857 violasse
1015 1823 1301 1864 convinceretur;
1336 1824 1385 1856 ita
1411 1827 1446 1857 et
1471 1827 1522 1865 tu,
1558 1833 1633 1865 rex,

239 1891 357 1924 sciens
382 1888 614 1934 Ephigeniam
642 1889 738 1934 regis
763 1889 897 1922 aeterni
923 1897 1086 1931 sponsam
1108 1887 1265 1921 effectam
1287 1890 1319 1921 et
1337 1897 1440 1921 sacro
1463 1888 1633 1923 velamine

239 1958 498 1996 consecratam,
543 1952 718 1998 quomodo
764 1955 897 1998 poteris
931 1962 1094 1997 sponsam
1133 1953 1341 1996 potentioris
1373 1957 1407 1987 te
1441 1953 1566 1988 tollere
1600 1959 1634 1989 et

239 2024 299 2055 tuo
324 2021 544 2054 matrimonio
570 2019 764 2063 copulare?
813 2019 887 2058 Quo
916 2018 1036 2052 audito
1067 2029 1127 2052 rex
1155 2029 1240 2062 prae
1267 2020 1320 2052 ira
1343 2020 1520 2053 insaniens
1549 2019 1635 2053 suri-

239 2085 377 2120 bundus
413 2085 607 2125 abscessit,
651 2084 985 2128 apostolusautem
1016 2082 1213 2127 intrepidus
1251 2088 1284 2119 et
1313 2088 1477 2118 constans
1515 2095 1633 2120 omnes

239 2150 284 2185 ad
316 2151 519 2195 patientiam
552 2153 585 2184 et
624 2151 854 2183 constantiam
885 2150 1098 2184 confortavit
1131 2154 1162 2184 et
1195 2148 1425 2196 Ephigeniam
1453 2161 1568 2185 coram
1594 2161 1634 2185 se

239 2226 282 2250 ex
323 2217 448 2250 timore
493 2219 706 2260 prostratam
749 2225 823 2249 cum
869 2216 1021 2250 caeteris
1065 2215 1260 2261 virginibus
1303 2215 1492 2251 benedixit.
1549 2216 1634 2250 Post

239 2283 423 2315 missarum
449 2285 563 2315 autem
593 2280 778 2315 sollemnia
803 2291 863 2316 rex
889 2281 1138 2325 spiculatorem
1165 2283 1275 2323 misit,
1313 2283 1372 2326 qui
1392 2282 1495 2325 juxta
1519 2282 1632 2317 altare

238 2346 454 2382 Matthaeum
490 2350 639 2380 stantem
674 2350 708 2380 et
741 2348 909 2391 expansis
935 2347 1094 2381 manibus
1120 2348 1153 2380 in
1179 2347 1311 2382 coelum
1339 2350 1494 2381 orantem
1523 2348 1630 2381 misso

239 2423 261 2447 a
285 2416 386 2458 tergo
419 2412 541 2458 gladio
582 2411 758 2446 interfecit
789 2416 823 2446 et
857 2413 1030 2446 martirem
1063 2414 1294 2446 consecravit.
1345 2411 1444 2452 Quod
1481 2412 1629 2457 populus

239 2478 386 2512 audieus
429 2477 472 2511 ad
515 2477 681 2521 palatium
718 2479 814 2523 regis
846 2479 1052 2514 incensurus
1088 2479 1204 2512 omnia
1239 2478 1472 2522 properabat,
1516 2477 1577 2512 sed
1609 2486 1630 2510 a

240 2543 448 2588 presbiteris
477 2546 511 2577 et
536 2542 750 2587 ‹lyae-onibus
779 2545 834 2578 vix
861 2543 990 2579 detenti
1017 2545 1169 2588 apostoli
1190 2546 1381 2579 martirium
1407 2553 1480 2577 cum
1497 2540 1627 2585 gaudio

242 2608 519 2642 celebraverunt.
568 2608 643 2642 Rex
685 2619 766 2643 vero
805 2620 879 2643 cum
912 2619 975 2644 nec
1014 2620 1077 2654 per
1102 2615 1279 2645 matronas
1307 2609 1450 2644 adeam
1477 2605 1628 2641 directas

310 2705 336 2737 Ι)
356 2705 408 2731 ΕΛ.
431 2709 472 2733 l'r.
493 2710 520 2731 vt
541 2706 588 2733 hic
607 2711 635 2734 et
657 2707 732 2735 infra
753 2707 865 2741 ubique
891 2711 938 2734 En
950 2717 968 2742 p
978 2707 1137 2740 higonia
1147 2717 1176 2735 ιιι
1195 2705 1276 2739 lvgit.
1369 2705 1397 2738 Ἰ)
1417 2703 1469 2733 Ed·
1490 2706 1532 2731 ¹¹¹²
1552 2703 1628 2731 ”¹³¹⁸

242 2749 313 2783 imp
327 2750 479 2776 oratori
500 2750 578 2781 tvgiv.
