1742 3005
303 97 400 145 Cap.
434 96 639 135 CLXXXt.
708 100 765 136 De
798 108 928 136 sancto
960 100 1118 150 Pelagio
1150 113 1263 151 papa.
1393 98 1475 140 839

89 200 173 234 lluio
206 204 378 236 siu-cessit
412 202 493 237 ono
526 205 650 238 tertius
685 206 779 239 ‹en-sa
806 215 930 239 annum
966 204 1094 239 domini
1130 205 1469 241 DGCCCLXXXW.

88 265 156 300 lste
177 267 491 311 cognominabatur
516 270 689 304 mirabilia
717 271 843 305 numdi.
892 271 973 313 llio,
1008 277 1045 306 nt
1078 273 1109 305 in
1137 271 1283 316 quadam
1307 271 1473 306 chronica

88 331 235 373 dicitnr,
269 334 440 378 quandam
474 346 613 369 uxorem
642 332 782 375 hahuit,
822 338 960 381 ¹)qnae
994 337 1127 371 cuidam
1161 338 1278 370 comiti
1314 348 1353 371 se
1389 348 1470 381 pro—

87 399 232 432 stituere
260 399 379 434 voluit.
429 401 498 434 Sed
528 412 601 435 cum
631 402 689 436 ille
717 402 827 436 nollet
851 407 979 435 tantum
1009 403 1143 436 facinus
1171 407 1387 446 perpetrare,
1413 403 1474 436 illa

87 463 270 509 indignata
301 466 515 510 praedictum
549 468 706 500 comitem
742 466 834 510 apud
871 469 1113 511 imperatorem
1155 467 1243 500 adeo
1278 468 1472 508 infamavit,

86 529 177 573 quod
204 541 278 564 eum
309 532 499 575 imperator
523 533 599 565 sine
625 532 806 565 audientia
834 532 1001 565 decollari
1029 531 1122 566 set-it.
1172 533 1259 574 Qui,
1287 536 1471 576 autequam

85 595 338 638 decollaretur,
367 598 507 641 rogavit
532 607 672 630 uxorein
700 608 815 639 suam,
849 602 886 631 ut
908 597 1043 643 judicio
1069 597 1250 632 candentis
1282 597 1365 632 ferri
1393 602 1473 641 post

84 665 225 695 mortrui
264 672 338 695 enm
373 661 576 706 comprobet
609 663 839 697 innocentem.
887 663 999 698 Adest
1031 663 1126 705 dies,
1169 665 1202 698 in
1237 674 1304 709 qno
1339 663 1471 697 Caesar

83 726 225 777 pupillis
252 731 286 761 et
310 727 422 761 viduis
449 738 486 762 se
512 730 642 762 asserit
663 729 831 773 judicium
861 729 1048 770 sat-turum,
1082 730 1182 764 affuit
1207 734 1241 764 et
1265 729 1371 764 vidua
1398 738 1471 762 ma-

82 793 138 826 riti
163 797 269 837 caput
293 804 410 827 secum
438 795 512 827 suis
538 799 682 838 portans
709 796 743 828 in
768 794 873 831 ulnis.
922 795 1020 829 Tune
1047 797 1221 841 quaesivit
1247 795 1290 829 ab
1318 797 1468 839 impera-

81 862 178 901 tore,
204 869 273 903 qua
300 862 409 893 morte
437 858 564 904 dignus
591 864 704 901 esset,
738 861 794 904 qui
821 861 951 904 injuste
975 862 1125 906 aliquem
1154 861 1354 895 occidisset.
1405 862 1469 900 Qui

80 935 154 958 eum
189 926 387 969 privatione
421 927 548 969 capitis
584 925 723 970 dignum
758 936 832 958 eum
857 931 1052 968 assereret,
1088 926 1150 959 illa
1184 926 1299 960 intulit
1332 926 1469 960 dicens:

80 995 117 1024 tu
151 1001 189 1024 rs
225 991 283 1024 ille
318 991 392 1032 vir,
429 992 486 1035 qui
519 992 678 1024 maritum
713 1000 821 1023 meniu
858 991 902 1024 ad
940 994 1203 1037 suggestionem
1237 993 1356 1026 uxoris
1388 996 1468 1026 tuae

80 1059 282 1090 innocenter
311 1056 418 1090 oceidi
446 1056 637 1095 mandasti,
668 1060 701 1089 rt
726 1060 762 1089 ut
787 1066 839 1090 me
866 1067 982 1090 verum
1009 1057 1127 1091 dit-ere
1154 1059 1373 1102 comprobes,
1400 1057 1468 1096 hoe

79 1121 259 1156 candentis
288 1121 371 1156 ferri
391 1121 528 1166 jndicio
557 1121 807 1166 comprobabo.
854 1123 952 1161 Quod
977 1123 1110 1157 Caesar
1135 1123 1255 1157 videns
1286 1123 1468 1167 obstupuit

78 1193 113 1222 rt
146 1189 179 1221 in
213 1198 312 1222 mauu
348 1187 497 1222 feminae
526 1188 733 1231 puniendum
761 1198 799 1222 se
825 1188 932 1222 dedit.
983 1188 1181 1223 lutei-ventu
1209 1193 1322 1223 tannen
1348 1190 1465 1233 ponti-

78 1255 177 1288 ficum
211 1258 246 1288 et
283 1264 464 1298 procerum
502 1254 659 1287 inducias
694 1253 812 1287 det-em
851 1254 1001 1295 (limum,
1049 1254 1174 1289 deiude
1217 1259 1316 1297 octo,
1359 1255 1467 1288 tertio

77 1324 223 1364 septem,
249 1323 373 1364 quarto
401 1329 462 1354 sex
483 1329 504 1353 a
530 1319 632 1352 vidua
658 1321 808 1363 accepit.
857 1320 958 1354 'l'unc
986 1321 1177 1364 imperator
1202 1331 1309 1355 causa
1334 1322 1467 1354 exami-

78 1390 180 1427 nata,
206 1387 353 1419 veritate
377 1387 521 1430 cognita
545 1396 686 1419 uxorem
715 1387 824 1419 viram
852 1388 1086 1420 conereuuuit
1109 1391 1143 1420 et
1170 1397 1232 1431 pro
1253 1385 1467 1420 redemtione

77 1453 130 1485 sni
168 1455 319 1496 quatuor
348 1456 468 1485 eastra
502 1450 628 1484 viduae
664 1450 774 1488 dedit.
821 1452 918 1491 Quae
952 1456 1069 1485 castra
1094 1456 1173 1485 sunt
1199 1453 1231 1485 in
1260 1453 1467 1496 episcopatu

78 1517 290 1561 ²)Leviensi
317 1521 351 1551 et
377 1520 543 1550 vocantur
568 1516 611 1549 ab
639 1517 787 1550 induciis
814 1517 944 1551 dierum
971 1517 1023 1559 Χ,
1058 1517 1149 1559 Vlll,
1175 1516 1253 1559 Vll,
1281 1517 1336 1553 vl.
1383 1516 1467 1551 Post

75 1583 167 1618 hune
203 1583 327 1617 beatus
363 1582 564 1623 Heius-icus,
602 1584 660 1627 qui
696 1583 760 1616 suit
792 1583 859 1617 dux
888 1583 1078 1625 Batai-iae,
1116 1593 1206 1617 anno
1241 1583 1371 1617 domini
1397 1581 1466 1617 Mil

75 1652 255 1694 imperium
281 1650 415 1683 sumsit.
467 1649 532 1688 Qui
558 1648 737 1693 Stephano
764 1651 839 1694 regi
865 1649 1041 1695 Ungariae
1071 1648 1186 1683 adhuc
1212 1649 1335 1694 gentili
1363 1658 1465 1682 soro-

76 1727 145 1751 rem
182 1726 279 1750 suam
317 1717 455 1750 nomine
488 1714 608 1749 Galam
643 1717 675 1748 in
710 1725 851 1749 uxorem
888 1714 985 1750 dedit
1027 1719 1061 1749 et
1095 1719 1162 1748 tam
1198 1716 1308 1758 ipsum
1343 1724 1464 1759 regem

74 1793 176 1828 quam
205 1786 311 1815 totam
338 1782 415 1826 ojus
441 1785 578 1826 gentem
607 1780 650 1814 ad
678 1780 776 1815 [idem
802 1780 931 1814 Christi
952 1782 1133 1815 convertit.
1183 1781 1247 1820 Qui
1265 1780 1464 1825 Stephanus

73 1853 193 1883 tantae
219 1848 403 1891 religionis
430 1847 515 1887 l'uit,
550 1851 587 1880 ut
613 1847 794 1880 multorum
825 1847 1066 1881 miraculorum
1092 1847 1208 1892 gloria
1233 1846 1327 1880 Deus
1353 1848 1464 1890 ipsum

74 1915 242 1949 illustrent
263 1913 440 1948 redderet.
488 1913 551 1948 Hic
576 1912 756 1947 lleinrieus
782 1917 816 1948 et
841 1924 930 1947 uxor
954 1914 1029 1957 ejus
1056 1912 1281 1957 Cunegundis
1308 1913 1465 1957 virgines

75 1984 338 2025 permanserunt
364 1984 398 2014 et
421 1979 589 2014 caelibem
620 1981 723 2014 vitam
753 1979 917 2013 ducentes
945 1980 977 2012 in
1008 1989 1095 2023 pace
1115 1980 1331 2024 quieverunt.
1379 1977 1466 2012 Huic

75 2047 248 2079 successit
288 2045 470 2079 Conradus
510 2044 649 2088 quidam
690 2045 758 2079 dux
798 2044 1030 2084 Francorum,
1073 2045 1131 2088 qui
1171 2048 1308 2087 neptem
1354 2044 1465 2076 saneti

74 2111 225 2146 lleinrici
262 2110 360 2144 duxit
388 2120 543 2144 uxorem.
609 2109 718 2154 Hujus
763 2113 919 2153 tempore
959 2111 1036 2142 visa
1072 2112 1125 2142 est
1160 2109 1193 2141 in
1230 2108 1329 2142 coelo
1366 2107 1465 2141 trabs

75 2179 182 2223 ignea
208 2177 314 2210 mirae
339 2175 592 2221 magnitudinis
619 2186 724 2220 super
749 2174 856 2208 solem
888 2175 961 2219 jann
993 2174 1036 2208 ad
1069 2184 1229 2208 occasum
1263 2176 1465 2219 vergentem

76 2253 218 2278 ouri-ere
243 2247 279 2277 et
302 2241 347 2276 ad
374 2246 500 2276 terram
529 2241 667 2275 cadere.
718 2240 780 2274 Hie
814 2240 983 2286 quosdam
1018 2242 1203 2285 episcopos
1236 2239 1279 2273 de
1305 2238 1407 2273 Italia
1430 2240 1464 2272 in

77 2309 215 2343 vincula
238 2309 391 2354 conjecit
420 2313 454 2343 et
488 2309 570 2353 quia
602 2307 881 2343 Mediolanensis
915 2306 1206 2351 archiepiscopus
1242 2305 1285 2340 do
1319 2305 1466 2339 vinculis

77 2374 180 2420 sugit,
208 2373 378 2408 suburbia
402 2374 596 2409 Mediolani
626 2373 788 2407 incendit.
839 2373 902 2408 Die
928 2384 1008 2407 vero
1036 2376 1271 2417 pentecostes,
1299 2381 1373 2404 cum
1403 2371 1465 2403 im-

77 2444 222 2485 perator
247 2440 281 2473 in
307 2449 416 2483 parva.
442 2440 592 2493 ecelesia
617 2449 718 2473 secus
745 2438 863 2474 urbem
891 2443 1136 2478 coronaretur,
1164 2437 1207 2471 ad
1232 2438 1372 2470 missam
1396 2440 1465 2469 tam

75 2507 201 2551 gravia
232 2506 387 2539 tonitrua
419 2505 628 2550 fulguraque
672 2505 831 2546 fuerunt,
874 2508 912 2538 ut
947 2504 1058 2548 aliqui
1100 2507 1214 2538 mente
1251 2502 1465 2543 exciderent,

76 2571 187 2616 aliqui
221 2572 381 2616 spiritum
415 2570 634 2605 exhalarent.
690 2569 806 2603 Bruno
846 2580 930 2604 vero
973 2570 1182 2614 episeopus,
1225 2569 1286 2613 qui
1325 2568 1464 2601 missam

148 2671 175 2702 1)
194 2669 247 2696 Ed.
267 2673 311 2696 Fr.
330 2669 406 2695 male·
427 2667 512 2699 legit:
539 2667 601 2701 qni
627 2667 780 2695 cuidam
809 2667 1040 2695 comitissae
1068 2671 1187 2701 prost.
1299 2665 1463 2699 2)Ed.1³r.

79 2714 263 2746 Lunensi:
283 2714 350 2741 alii:
370 2713 550 2741 Liviensi
570 2713 680 2745 legunt.
