1742 3005
245 41 326 87 318
496 48 594 99 Cap.
626 45 782 85 LXXII.
852 46 911 86 De
941 47 1194 86 adscensione
1228 47 1387 86 domini.

244 155 347 200 tigit,
382 157 420 189 ut
455 151 617 188 obviaret
649 152 694 185 iis
729 159 818 186 unus
841 150 885 186 de
912 150 1301 189 commentariensibus.
1350 152 1458 193 Quem
1482 153 1635 188 interro-

245 224 350 266 gant:
383 218 503 252 vitlisti
540 216 692 263 aliquem
726 218 837 252 virum
871 218 1094 263 peregrinum
1121 219 1332 254 romanum?
1378 218 1440 254 Ille
1465 220 1535 253 ait:
1571 218 1635 253 ho-

246 292 366 320 sterna
390 284 446 319 die
473 284 525 318 vir
548 284 758 328 peregrinus
784 283 965 318 abscissus
991 288 1045 318 est
1070 284 1185 328 capite
1214 285 1250 318 in
1269 285 1397 319 stadio.
1443 284 1487 320 Et
1513 287 1638 319 iterum

246 353 484 396 interrogant:
512 349 626 395 qualis
655 353 731 384 erat
755 349 942 394 adspectus
969 350 1073 394 ejus?
1120 350 1166 384 At
1190 349 1243 383 illi
1267 349 1447 385 dixerunt:
1473 352 1527 386 vir
1550 360 1637 395 qua-

246 417 366 451 dratus
401 421 435 451 et
472 426 639 457 crassus,
675 415 821 450 robusto
864 416 1015 461 capillo,
1061 417 1226 450 coccinea
1257 416 1451 450 armillasia
1485 416 1636 450 indutus,

244 484 289 519 lit.
315 483 399 517 dicit
422 482 505 516 'illez
549 493 649 527 quem
680 483 848 527 quaeritis
864 510 872 524 ‚
906 481 1000 526 apud
1024 491 1089 515 nos
1114 480 1281 516 hesterna
1304 481 1360 516 die
1399 483 1556 515 martirio
1587 486 1640 516 est

247 551 374 584 tinituS.
422 549 469 583 At
491 548 561 581 illi:
591 559 692 594 quem
716 559 781 582 nos
808 549 1006 593 quaerimus
1032 547 1216 589 hominem,
1242 546 1382 582 adulter
1397 551 1452 582 est
1469 552 1504 582 et
1522 547 1639 581 ebrio-

247 627 319 651 sus.
368 615 465 649 Dixit
490 615 533 647 iis
560 614 640 648 ille:
675 616 790 649 venite
826 618 860 648 et
895 613 1013 648 videte
1039 624 1126 648 eum.
1177 613 1330 659 Cumque
1356 612 1572 648 ostendisset
1596 613 1641 646 iis

247 682 443 716 beatissimi
477 680 631 713 martiris
671 690 799 723 corpus
835 683 869 713 et
905 681 1098 723 pretiosum
1137 684 1241 723 caput
1266 681 1363 724 ejus,
1400 679 1564 712 dixerunt
1589 679 1639 712 ei:

248 751 316 782 iste
354 751 427 787 est,
463 755 563 790 quem
599 745 821 789 quaerImus3
855 746 1027 787 petimus,
1063 748 1101 777 ut
1135 743 1197 778 des
1233 744 1335 778 nobis
1357 754 1444 778 eum.
1494 744 1559 783 Qui
1585 754 1641 778 re—

247 813 406 859 spondit:
433 822 500 856 ego
525 811 637 855 gratis
667 819 794 854 eorpus
820 810 897 854 ejrls
925 808 1024 844 vobis
1051 809 1135 844 dare
1159 820 1229 843 non
1253 819 1409 854 possum.
1457 808 1511 842 Illi
1529 814 1640 844 autem

249 881 372 914 dantes
408 878 440 911 ei
465 875 601 910 solidos
639 876 850 920 quingentos
886 879 1098 920 aeceperunt
1134 885 1261 919 corpus
1288 875 1402 908 sancti
1425 876 1579 908 martiris
1609 879 1643 909 et

247 949 420 991 ungentes
448 953 523 977 eum
550 940 766 975 aromatibus
790 940 1075 986 involventesque
1101 941 1363 975 linteaminibus
1383 941 1550 985 pretiosis
1576 952 1640 986 po-

249 1013 393 1046 suerunt
416 1008 503 1042 illud
527 1009 561 1041 in
585 1007 755 1041 basterna
779 1011 813 1040 et
837 1007 887 1040 sie
912 1006 1181 1041 revertebantur
1214 1006 1412 1051 gaudentes
1448 1010 1483 1040 et
1507 1005 1641 1052 glorifi-
1673 1015 1676 1018 ·

248 1081 368 1111 cantes
403 1074 523 1108 Deum.
572 1071 730 1117 Angelus
772 1076 886 1106 autem
929 1072 1057 1106 domini
1100 1082 1276 1117 apparens
1322 1072 1482 1107 dominae
1528 1073 1641 1117 ipsius

249 1153 319 1177 rem
354 1141 481 1175 factam
513 1137 611 1173 beati
640 1138 794 1171 martiris
843 1137 1033 1180 indicavit,
1076 1148 1165 1183 quae
1208 1137 1393 1172 confestim
1432 1148 1507 1172 cum
1549 1140 1642 1172 omni

250 1208 477 1243 veneratione
507 1205 663 1238 obviavit
689 1208 811 1237 sancto
838 1204 980 1248 corpori
1006 1207 1040 1237 et
1064 1203 1254 1238 aedificans
1280 1206 1312 1238 ei
1339 1203 1475 1237 tloiuum
1500 1204 1642 1250 diguam

250 1274 408 1318 reposuit
439 1270 524 1305 illud
562 1271 595 1303 in
632 1279 675 1304 ea
713 1269 757 1303 ab
789 1268 876 1303 urbe
903 1268 1059 1303 Romana
1096 1271 1213 1314 spatio
1246 1268 1441 1303 stadiorum
1476 1271 1640 1320 quinque.

248 1340 489 1376 Mararisatus
515 1341 570 1372 est
594 1341 707 1370 autem
733 1335 936 1370 Bonisacius
972 1339 1096 1379 quarto
1132 1334 1265 1369 decimo
1302 1335 1358 1369 die
1389 1336 1518 1369 mensis
1551 1335 1641 1380 Maji

249 1406 342 1451 apud
368 1405 517 1439 Tarsum
544 1401 754 1446 metropolin
789 1400 937 1436 Ciliciae
963 1405 998 1436 et
1024 1401 1182 1446 sepultus
1218 1405 1273 1435 est
1295 1400 1426 1435 Romae
1462 1410 1556 1434 nona
1578 1400 1640 1435 Ju-

248 1474 298 1507 lii.
347 1471 458 1505 Beata
476 1480 560 1504 vero
586 1468 720 1513 Aglaes
749 1467 1010 1502 abrenuntiavit
1031 1466 1160 1500 mundo
1192 1472 1227 1502 et
1254 1468 1390 1512 pompis
1416 1467 1493 1511 ejus
1520 1465 1640 1500 distri-

250 1539 359 1573 buens
386 1537 569 1575 universa,
598 1544 687 1579 quae
713 1532 943 1578 possidebat,
975 1534 1099 1578 egenis
1125 1543 1165 1567 ae
1191 1533 1416 1567 monasteriis
1433 1559 1442 1574 ,
1475 1531 1641 1566 relaxans

249 1605 446 1638 universam
473 1599 637 1633 familiam
663 1608 759 1632 suam
785 1609 805 1632 a
825 1600 915 1643 jugo
942 1600 1123 1633 servitutis
1143 1603 1177 1634 et
1194 1600 1273 1643 ipsa
1293 1600 1367 1633 sine
1383 1599 1642 1632 intermissione

250 1679 378 1705 vacans
410 1664 628 1701 orationibus
661 1668 696 1698 et
724 1663 871 1708 jejuniis
902 1667 1032 1697 tantam
1057 1665 1208 1709 gratiam
1233 1674 1253 1698 a
1280 1664 1418 1699 domino
1442 1663 1527 1698 Jesu
1558 1673 1640 1708 pro-

251 1736 394 1775 meruit,
429 1736 467 1766 ut
500 1733 535 1766 in
561 1731 637 1775 ejus
664 1730 801 1764 nomine
837 1728 999 1763 virtutum
1026 1729 1241 1763 claresceret
1266 1730 1390 1775 signis.
1439 1729 1643 1773 Supervixit

250 1804 364 1834 autem
399 1799 432 1832 in
466 1796 588 1831 habitu
621 1794 878 1829 sanctimoniali
910 1795 1011 1828 annis
1035 1793 1120 1837 ΧΠ,
1157 1794 1298 1839 sepulta
1325 1793 1419 1840 apud
1445 1794 1639 1839 praefatum

250 1866 422 1899 martirem
449 1862 616 1908 operibus
641 1862 710 1907 piis
736 1864 984 1895 consummata.

687 2179 813 2241 eAP.
856 2178 1027 2241 mxli.
1074 2177 1205 2242 (67.)

335 2310 343 2325 .
514 2282 614 2325 De
655 2278 1082 2323 aclseensione
1121 2275 1384 2321 domini.

337 2389 534 2425 Adseensio
561 2388 691 2423 domini
716 2387 780 2421 XL
807 2387 864 2421 die
889 2396 909 2420 a
933 2387 1191 2421 resurrectione
1218 2385 1313 2419 saeta
1337 2388 1402 2427 est,
1428 2384 1522 2418 cirea
1537 2392 1638 2428 quam

247 2457 512 2492 adscensionem
540 2458 674 2499 septem
700 2464 764 2499 per
792 2452 950 2487 ordinem
977 2450 1238 2486 consideranda
1265 2454 1365 2492 sunt,
1392 2450 1523 2495 primo,
1548 2446 1639 2480 unde

248 2522 450 2564 adscendit,
482 2520 659 2562 secunde,
694 2529 802 2565 quare
827 2529 895 2553 non
920 2519 1037 2552 statim
1065 2521 1148 2563 post
1173 2517 1460 2553 resurrectionem
1487 2511 1638 2546 adscen-

253 2585 323 2626 dit,
351 2587 412 2620 sed
437 2590 489 2620 tot
513 2586 589 2620 dies
616 2585 857 2630 exspectavit,
882 2585 988 2618 tertio
1013 2582 1166 2628 qualiter
1189 2580 1384 2621 adscendit,
1412 2582 1535 2623 quarto
1562 2588 1638 2612 euni

249 2650 375 2696 quibus
399 2650 602 2693 adscendit,
639 2652 759 2696 quinto
788 2660 856 2696 quo
883 2651 1007 2686 merito
1029 2647 1224 2688 adscendit,
1264 2648 1366 2679 sexto
1391 2653 1459 2690 quo
1486 2643 1637 2679 adscen-

1711 2835 1742 3005 *22ssAE
