1742 3005
398 119 496 171 Cap.
525 119 642 159 LVn.
698 121 758 159 De
795 125 928 159 sancto
957 118 1173 156 Ambrosio.
1403 114 1480 155 251

99 224 261 270 cognito,
287 226 325 259 ut
349 233 411 259 eos
437 233 460 258 a
483 234 523 260 se
544 222 740 259 terroribus
768 229 987 269 removeret,
1015 224 1200 260 eeclesiam
1226 223 1347 258 exiens
1373 220 1485 256 tribu-

100 289 158 325 nal
182 289 387 326 conscendit
414 295 449 326 et
472 295 594 326 contra
620 290 907 327 consuetudinem
932 301 1029 326 suam
1048 294 1221 325 tormenta
1240 289 1402 335 personis
1420 287 1484 323 ad-

99 355 219 391 hiberi
237 357 357 402 jussit.
408 357 508 398 Quod
531 368 605 392 cum
632 357 783 399 faceret,
818 357 968 402 populus
993 356 1218 391 nihilominus
1251 354 1489 389 acclamabat:

100 427 282 467 peccatum
297 428 392 459 tuum
413 434 605 469 supernos.
631 423 729 458 Tune
749 423 809 457 ille
825 422 985 457 turbatus
1001 422 1138 457 domum
1151 421 1257 456 rediit
1276 425 1311 456 et
1327 420 1488 466 philoso—

102 487 220 533 phiam
246 489 404 534 profiteri
430 486 549 525 voluit.
599 488 701 529 Quod
725 492 762 522 ut
785 499 829 523 ne
855 487 1008 531 faceret,
1045 492 1231 523 revocatus
1259 491 1322 521 est.
1371 486 1491 522 Publi-

103 565 163 590 cas
192 555 354 591 mulieres
380 556 520 602 publice
545 554 591 589 ad
623 564 662 589 se
683 553 825 600 ingredi
850 554 945 596 fecit,
983 558 1020 588 ut
1045 553 1100 588 his
1126 555 1214 588 visis
1240 552 1283 587 ab
1313 553 1390 598 ejus
1416 553 1489 588 ele-
1531 574 1534 576 v

101 622 218 656 ctione
241 621 406 666 populum
429 624 634 662 revocaret,
669 620 732 656 sed
760 630 834 655 eum
860 630 925 655 nec
951 621 1003 654 sic
1029 618 1237 665 proficeret,
1264 619 1328 654 sed
1355 629 1493 664 semper

102 686 265 731 populum
290 692 472 731 peccatum
495 691 590 721 tuum
615 697 723 732 super
746 697 811 721 nos
837 685 1034 721 acclamare
1056 685 1207 729 videret,
1236 686 1353 732 sugam
1377 685 1493 720 media

101 756 204 786 nocte
228 754 402 798 concepit,
430 763 574 798 eumque
600 753 762 788 Ticinum
788 763 827 788 se
850 763 1002 798 pergere
1029 756 1189 798 putaret,
1213 762 1312 787 mane
1337 751 1382 786 ad
1408 762 1491 796 por-

100 821 170 852 tam
193 819 348 853 civitatis
372 818 652 854 Mediolanensis
668 848 676 863 ,
712 830 802 866 quae
826 818 983 854 Romana
1008 817 1157 861 dicitur,
1192 819 1377 853 invenitur.
1428 817 1494 858 Qui

100 885 262 918 inventus
298 894 373 918 eum
403 884 640 920 custodiretur
662 895 683 919 a
707 886 858 930 populo,
897 886 1006 920 missa
1039 884 1165 919 relatio
1193 888 1247 919 est
1272 884 1317 918 ad
1340 884 1493 920 clemen-

100 950 273 984 tissimum
307 951 552 996 imperatorem
586 950 889 995 Valentinianum,
925 952 983 997 qui
1020 961 1152 985 summo
1187 949 1318 995 gaudio
1345 952 1493 995 aceepit,

102 1015 196 1062 quod
217 1016 359 1061 Judices
386 1026 408 1051 a
433 1027 472 1052 se
498 1017 620 1052 directi
653 1017 698 1052 ad
735 1017 970 1053 sacerdotium
1003 1021 1218 1063 peterentur.
1273 1016 1496 1051 Lactabatur

103 1083 193 1117 enim
215 1082 348 1127 probus
377 1082 600 1128 praefectus,
634 1083 727 1130 quod
754 1084 895 1118 verbum
920 1094 1019 1119 suum
1054 1084 1169 1118 suerat
1193 1084 1229 1117 in
1255 1092 1295 1117 eo
1321 1081 1493 1126 adimple-

100 1152 194 1190 tum3
223 1147 360 1183 dixerat
385 1150 488 1192 enim,
515 1159 591 1184 cum
614 1150 853 1195 proficiscenti
886 1150 1050 1185 mandata
1078 1149 1248 1184 donaret:
1276 1147 1385 1190 vade,
1410 1158 1492 1193 age,

101 1225 172 1249 nou
188 1218 225 1249 ut
239 1214 366 1260 Judex,
396 1215 459 1250 sed
480 1219 518 1250 ut
538 1217 737 1261 episcopus.
787 1216 966 1252 Pendente
991 1215 1163 1252 relatione
1190 1216 1315 1250 iterum
1339 1214 1493 1249 abscou-

103 1279 218 1323 ditur,
254 1281 319 1316 sed
344 1282 507 1317 inventus
533 1293 609 1317 cum
635 1282 749 1317 adhue
776 1287 872 1318 esset
896 1282 1190 1324 catechumenus,
1225 1281 1427 1326 baptizatur
1461 1283 1496 1316 et

101 1345 178 1382 VIII
210 1345 268 1381 die
303 1348 339 1381 in
373 1348 611 1392 episcopalem
646 1347 847 1383 cathedram
881 1348 1099 1383 sublimatur.
1149 1347 1232 1382 Cum
1272 1351 1386 1381 autem
1414 1350 1497 1391 post

104 1422 215 1467 annos
237 1411 283 1447 IV
307 1411 452 1448 Romam
481 1415 607 1448 iv1sset
641 1418 676 1449 et
709 1424 813 1448 soror
837 1424 922 1456 sua,
949 1423 1051 1449 saera
1076 1414 1175 1460 virgo
1191 1440 1199 1455 ‚
1236 1414 1313 1458 ejus
1338 1412 1495 1447 dextram

105 1479 345 1522 oscularetur,
389 1478 459 1513 sibi
492 1479 610 1514 ridens
650 1481 718 1515 ait:
755 1490 858 1522 ecce,
900 1484 939 1515 ut
976 1479 1133 1514 dicebam
1166 1478 1252 1520 tihi,
1295 1477 1494 1513 sacerdotis

103 1554 239 1579 manum
265 1545 451 1580 oscularis.
477 1564 524 1570 —-
546 1564 592 1570 -
638 1549 678 1583 a.
709 1545 792 1580 Cum
817 1550 931 1580 autem
956 1547 990 1579 in
1016 1544 1189 1591 quandam
1218 1545 1394 1579 civitatem
1430 1554 1494 1588 pro

103 1611 254 1656 quodam
281 1612 450 1656 episcopo
485 1612 678 1646 ordinando
705 1612 829 1646 ivisset
863 1616 897 1646 et
933 1612 1010 1657 ejus
1046 1611 1212 1647 electioni
1256 1609 1397 1646 Justina
1430 1612 1495 1645 im-

103 1679 262 1722 peratrix
286 1681 321 1713 et
348 1677 410 1712 alii
435 1677 606 1713 haeretici
635 1677 939 1720 contradicerent,
965 1678 1123 1713 volentes
1148 1681 1186 1712 ut
1211 1676 1339 1722 aliquis
1365 1677 1407 1712 de
1431 1687 1497 1712 sua

104 1749 202 1778 secta
228 1743 468 1785 ordinaretur,
492 1753 562 1777 una
584 1743 627 1779 de
651 1743 861 1778 Arianorum
890 1743 1088 1790 virginibus
1115 1742 1352 1788 impudentior
1375 1747 1494 1779 caete-

105 1810 154 1843 ris
180 1808 334 1844 trihunal
362 1809 567 1844 conscendit
595 1814 630 1845 et
662 1810 802 1844 beatum
828 1809 1051 1844 Ambrosium
1076 1820 1140 1854 per
1163 1810 1406 1845 vestimentum
1432 1820 1495 1855 ap-

103 1874 289 1920 prehendit
313 1874 436 1909 volens
464 1876 577 1920 ipsum
602 1875 647 1910 ad
674 1880 808 1921 partem
833 1875 1015 1910 mulierum
1039 1875 1195 1917 trahere,
1220 1879 1258 1909 ut
1275 1877 1318 1910 ab
1344 1877 1389 1910 iis
1412 1886 1494 1911 cae-

103 1950 163 1975 sus
189 1940 233 1975 de
259 1940 410 1976 eeclesia
432 1951 508 1975 cum
544 1942 674 1987 injuria
707 1942 910 1987 pelleretur.
965 1942 1030 1977 Cui
1062 1941 1272 1976 Ambrosius
1305 1943 1375 1976 ait:
1427 1943 1494 1977 etsi

105 2016 173 2052 ego
201 2005 366 2052 indignus
388 2010 488 2041 tanto
515 2007 740 2050 sacen-dofle,
764 2007 831 2042 tihi
854 2011 971 2043 tamen
994 2018 1064 2042 non
1087 2008 1250 2042 convenit
1275 2008 1311 2041 in
1338 2009 1493 2053 qualem—

102 2081 238 2116 cunque
264 2070 484 2106 sacerdotem
510 2082 631 2107 manus
666 2074 833 2119 injicere,
873 2073 966 2108 unde
998 2074 1122 2108 timere
1147 2072 1302 2107 debuisti
1321 2074 1494 2118 judicium

102 2136 188 2177 Dei,
236 2147 280 2171 ne
313 2136 381 2171 tibi
424 2137 558 2183 aliquid
592 2139 784 2184 contingat.
833 2139 935 2179 Quod
961 2138 1088 2172 dietum
1122 2139 1236 2173 exitus
1266 2139 1493 2175 confirmavit.

102 2201 189 2237 Nam
217 2201 274 2237 die
299 2202 370 2237 alio
395 2207 565 2238 mortuam
597 2203 645 2238 ad
671 2203 894 2249 sepulchrum
926 2214 1039 2250 usque
1074 2203 1219 2239 deduxit
1253 2207 1404 2252 gratiam
1428 2218 1492 2251 pro

104 2268 315 2303 contumelia
348 2269 558 2314 rependens.
607 2270 709 2310 Quod
749 2270 879 2304 fac-tum
912 2280 1030 2305 omnes
1066 2272 1266 2315 perterruit.
1315 2270 1399 2306 Post
1423 2271 1493 2306 boc

102 2332 343 2369 Mediolanum
365 2344 530 2370 reversus
563 2337 764 2372 imuuneras
789 2336 939 2371 insidias
960 2346 982 2371 a
1000 2336 1140 2372 Justiila
1162 2338 1384 2382 imperatrice
1409 2347 1491 2381 per-

102 2398 202 2441 tulit,
240 2398 440 2433 muneribus
481 2404 516 2435 et
552 2401 746 2437 honoribus
780 2402 952 2438 adversus
987 2413 1063 2438 eum
1099 2402 1265 2447 populum
1302 2403 1489 2439 excitante.

105 2463 189 2498 Gum
226 2474 312 2510 ergo
337 2464 436 2499 multi
467 2476 544 2500 eum
573 2467 610 2501 in
642 2467 803 2502 exsilium
838 2467 972 2512 pellere
997 2468 1210 2509 niterentur,
1258 2477 1346 2501 unus
1372 2478 1491 2502 eorum

104 2531 257 2565 caeteris
282 2530 505 2565 infeliciorin
524 2535 657 2566 tantum
674 2531 829 2567 furorem
847 2533 1020 2567 excitatus
1039 2535 1105 2574 est,
1124 2535 1162 2566 ut
1180 2532 1284 2577 juxta
1304 2533 1490 2567 ecclesiam

104 2594 239 2630 domum
268 2596 337 2630 sihi
362 2596 497 2631 locaret
522 2606 562 2631 ac
587 2597 622 2631 in
648 2606 690 2631 ea
714 2597 921 2643 quadrigam
944 2601 1101 2641 paratam
1127 2596 1285 2640 haberet,
1313 2608 1380 2643 quo
1406 2609 1490 2643 pro-

105 2665 249 2696 curante
274 2661 414 2697 ,lustina
441 2662 580 2696 facilius
609 2665 743 2706 raptum
771 2662 816 2696 ad
855 2662 1014 2697 exsilium
1053 2662 1266 2708 deportaret.
1328 2663 1399 2699 Sed
1425 2664 1490 2699 Dei

100 2723 238 2769 Judicio
262 2727 341 2772 ipso
368 2726 447 2770 die,
473 2737 540 2773 quo
571 2738 646 2762 eum
671 2737 796 2773 rapere
824 2727 1074 2773 arbitrabatur,
1104 2729 1139 2764 in
1165 2729 1285 2766 eadem
1315 2729 1490 2776 quadriga
