1742 3005
243 97 323 135 3813
503 98 595 145 (ap.
629 96 705 131 XC.
775 94 831 130 De
873 100 1003 131 sancto
1039 93 1158 131 Paulo
1194 91 1380 143 apostolo.

244 202 451 236 bilissimum
478 198 728 243 apostolorum.
780 196 841 230 llic
878 196 1026 241 angelus
1061 199 1241 232 terrestris
1274 197 1434 232 ethome
1463 194 1642 234 coelestis,

248 269 361 311 imago
387 269 421 300 et
444 263 635 299 similitudo
663 262 804 297 deitatis
831 266 865 296 et
889 262 1034 306 spiritus
1063 261 1245 296 deiformis
1273 272 1392 297 omnes
1420 271 1484 295 nos
1512 259 1642 294 derelim

247 333 339 376 quit,
376 341 459 373 nos,
496 331 656 375 inquam,
693 329 817 372 inopes
854 332 888 362 et
920 327 1085 374 indignos
1110 328 1144 361 in
1170 326 1236 361 hoc-
1262 326 1386 361 mundo
1416 325 1645 361 contemtibili

248 402 282 432 et
307 397 473 443 maligno.
521 394 707 441 Ingressus
735 397 789 429 est
815 393 860 430 ad
880 393 988 428 Deum
1014 404 1110 427 suum
1127 392 1298 427 dominum
1321 396 1355 426 et
1371 393 1537 427 amicum:
1565 391 1644 431 heu,
1695 412 1711 422 μ’

249 464 410 497 fratermi
424 462 643 503 Timotheus,
667 460 795 494 dilecte
817 461 953 495 animae
971 469 1080 501 meae,
1104 458 1164 493 ubi
1185 462 1238 493 est
1258 459 1456 503 patertuus,
1480 458 1648 502 magister

250 533 283 564 et
304 530 466 563 amator?
512 527 610 562 Unde
630 532 664 562 te
686 527 832 561 ulterius
853 525 1049 560 salutabit?
1097 524 1188 559 Eece
1212 525 1299 558 enim
1328 522 1506 568 orphanus
1536 521 1647 556 factus

251 606 288 629 es
315 599 349 630 et
374 596 574 630 remansisti
603 594 720 636 solus,
754 595 826 638 jam
852 577 1068 637 nequaquam
1096 591 1229 624 scribet
1253 589 1314 623 tibi
1342 599 1406 623 sua
1430 588 1651 623 sanctissima

254 671 355 695 manu
384 661 504 695 dicens
540 661 622 693 tihi:
663 659 709 692 lili
735 660 938 698 carissime,
976 659 1055 692 veni
1082 657 1191 690 l'rater
1227 657 1270 689 mi
1304 654 1532 696 Timotheus,
1567 652 1650 698 quid

254 727 308 760 hie
343 726 472 759 accidit
504 726 671 759 tristitiae
710 729 744 758 et
774 723 997 758 tenebrarum
1035 726 1068 756 et
1100 722 1234 764 damni,
1271 723 1356 767 quia
1389 720 1539 766 orphani
1566 719 1651 752 sacti

253 793 399 826 sumus?
447 790 521 825 Jam
546 801 614 823 non
640 790 780 824 veniunt
805 788 848 822 ad
874 793 907 823 te
934 788 1105 833 epistolae
1133 787 1230 831 ejus,
1267 788 1301 820 in
1334 786 1460 831 quihus
1487 787 1650 829 scriptum

234 860 319 899 ,sitz
344 857 473 891 Paulus
500 856 658 890 modicus
684 865 807 890 servus
833 854 917 889 Jesu
947 853 1097 895 Christi,
1120 853 1192 898 jam
1220 862 1286 885 non
1313 851 1445 886 scribet
1470 851 1512 885 de
1539 856 1573 885 te
1600 851 1651 884 ul-

253 925 363 958 terius
390 922 591 956 civitatihus
621 921 754 955 dicens:
782 922 952 965 suscipite
981 919 1084 953 {ilium
1113 928 1221 952 meum
1243 917 1416 952 dilectum.
1465 916 1654 961 Complica-

258 989 386 1031 frater,
419 988 530 1022 libros
559 987 808 1032 prophetarum
836 990 869 1020 et
894 987 997 1031 signa
1023 996 1129 1030 super
1155 995 1237 1025 eos,
1276 986 1358 1029 quia
1390 985 1558 1018 neminem
1593 982 1655 1016 ha-

257 1056 377 1089 hemus
403 1055 626 1098 interpretem
653 1052 900 1097 parabolarum
930 1056 963 1086 et
987 1051 1265 1096 paradigmatum
1292 1056 1326 1085 et
1361 1050 1577 1095 eloquiorum
1602 1051 1654 1093 ip-

258 1130 385 1154 sorum.
435 1119 546 1152 David
581 1118 754 1163 propheta
787 1117 980 1163 plangebat
1014 1116 1118 1150 lilium
1152 1126 1248 1150 suum
1293 1119 1327 1150 et
1361 1115 1524 1150 dicebat:
1567 1114 1655 1149 vaeh

261 1185 343 1219 mihi
368 1184 414 1218 tili
441 1186 505 1225 mi,
529 1183 615 1219 vaeh
643 1183 735 1218 inihi.
784 1182 860 1228 Ego
885 1187 1019 1217 autem:
1046 1181 1133 1216 vaeh
1162 1181 1243 1216 mihi
1270 1184 1440 1227 magister
1467 1183 1546 1221 mei,
1575 1192 1655 1215 rere

263 1251 348 1285 vach
371 1250 465 1284 mihi.
517 1251 543 1283 A
567 1249 667 1283 modo
691 1248 823 1283 defecit
849 1252 881 1282 et
909 1250 1062 1283 cessavit
1088 1258 1276 1283 concursus
1304 1248 1551 1293 discipulorum
1580 1251 1658 1281 tuo-,

264 1328 333 1350 rum
354 1315 496 1350 Romam
525 1316 734 1350 venientium
758 1318 791 1348 et
810 1315 1047 1360 quaerentium
1067 1325 1141 1348 nos.
1189 1314 1266 1350 Jam
1294 1326 1392 1349 nemo
1411 1314 1565 1349 <licturus
1584 1318 1657 1348 est:

264 1392 381 1416 eamus
408 1386 442 1416 et
467 1381 646 1416 videamus
673 1381 838 1415 doctores
865 1385 1006 1414 nostros
1046 1385 1079 1415 ct
1105 1382 1362 1426 interrogemus
1389 1390 1473 1422 005,
1509 1379 1659 1424 qualiter

263 1459 326 1482 nos
355 1459 481 1494 regere
509 1451 672 1492 oporteat
700 1438 869 1482 ecclesias
897 1445 998 1480 nobis
1034 1448 1238 1481 commissas
1273 1450 1306 1481 et
1337 1445 1659 1491 interprotabuntur

264 1514 365 1547 nohis
400 1514 541 1558 eloquia
575 1513 705 1547 domini
736 1514 849 1546 nostri
882 1511 966 1547 Jcsu
1002 1511 1133 1547 Christi
1167 1517 1200 1547 et
1231 1512 1373 1558 eloquia
1396 1510 1656 1557 prophetarum.

264 1578 356 1614 Vere
382 1579 471 1613 vach
498 1578 552 1612 his
579 1578 680 1619 liliis,
710 1579 820 1613 frater
845 1580 909 1621 mi,
936 1580 1019 1624 quia
1043 1580 1171 1623 privati
1197 1583 1278 1613 sunt
1304 1578 1463 1623 patribus
1489 1577 1656 1621 spiritua-

265 1635 378 1687 libus,
415 1644 541 1689 quihus
576 1647 733 1689 privatus
761 1648 815 1678 est
839 1653 938 1689 grex,
970 1649 1004 1679 et
1027 1645 1129 1678 nobis
1152 1646 1284 1693 etiam,
1314 1643 1434 1685 frater,
1463 1643 1573 1686 vach,
1603 1643 1659 1687 qui

265 1711 392 1755 privati
426 1720 543 1744 sumus
578 1711 758 1755 magistris
796 1711 925 1743 nostris
959 1710 1223 1754 spiritualibus,
1258 1712 1317 1755 qui
1350 1710 1570 1755 collegerant
1608 1709 1658 1741 in-

264 1775 440 1809 tellectum
477 1780 510 1809 et
544 1777 725 1810 seientiam
763 1776 892 1810 veteris
927 1784 968 1808 ac
1001 1784 1113 1809 novae
1147 1775 1238 1821 legis
1272 1779 1305 1809 et
1339 1775 1595 1820 colligaverant
1628 1775 1660 1807 in

264 1841 336 1874 suis
365 1841 536 1884 epistolis.
586 1840 649 1874 Uhi
679 1844 732 1874 est
757 1850 878 1874 cursus
906 1839 1003 1874 Pauli
1030 1845 1062 1874 et
1082 1840 1183 1874 labor
1203 1844 1401 1874 sanctorum
1424 1839 1547 1884 pedum
1571 1840 1659 1884 ejus,

266 1906 324 1940 uhi
358 1910 411 1940 est
445 1916 484 1939 os
520 1906 669 1951 loquens
705 1910 739 1940 et
773 1906 894 1951 lingua
929 1906 1116 1940 consulens
1153 1910 1186 1941 et
1220 1908 1365 1951 spiritus
1401 1905 1489 1940 hene
1517 1905 1661 1949 placens

267 1971 339 2005 lieo
368 1974 460 2006 sno?
499 1972 583 2012 Quis
610 1983 677 2005 non
707 1971 822 2015 ploret
848 1975 882 2005 et
907 1971 1046 2006 ululet?
1094 1971 1177 2005 Nam
1205 1974 1263 2017 qui
1289 1975 1488 2006 meruerunt
1512 1971 1660 2016 gloriam

265 2036 491 2071 ethonorem
518 2037 610 2081 apud
640 2037 766 2079 neum,
804 2041 978 2082 tamquam
1014 2036 1261 2072 malefactores
1297 2037 1480 2071 traduntur
1507 2038 1540 2084 in
1569 2047 1659 2070 mor-

264 2107 343 2136 tem.
393 2102 489 2137 Vaeh
515 2102 619 2145 inihi,
648 2104 808 2147 quoniam
835 2104 869 2136 in
893 2102 955 2136 illa
979 2101 1067 2136 hora
1092 2104 1236 2137 intuitus
1263 2114 1336 2137 sum
1354 2113 1481 2147 eorpus
1505 2105 1662 2136 sanctum

265 2169 436 2212 sanguine
468 2170 644 2203 innocenti
678 2172 905 2203 cruentatum.
955 2168 1028 2203 lleu
1062 2169 1167 2211 mihi,
1204 2173 1306 2214 pater
1341 2170 1386 2202 ini
1424 2169 1595 2213 magister
1630 2171 1664 2202 et

264 2232 410 2275 doctor,
438 2244 504 2266 non
533 2234 669 2278 quidem
696 2245 776 2268 reus
802 2234 865 2268 tali
891 2238 1001 2269 morte
1027 2236 1206 2269 exstitisti.
1256 2234 1354 2269 Nunc
1380 2244 1478 2280 ergo,
1507 2244 1575 2278 quo
1604 2233 1662 2268 iho

264 2302 297 2331 te
323 2308 505 2343 quaerere,
534 2299 648 2343 gloria
674 2299 944 2333 christianorum
971 2305 1005 2335 et
1028 2300 1105 2334 laus
1133 2299 1296 2343 fidelium,
1322 2301 1399 2346 quis
1427 2301 1663 2334 conticescere

265 2364 347 2397 serit
372 2374 487 2397 vocem
517 2368 630 2405 tuam,
663 2363 784 2398 {istnla
821 2365 1045 2399 eeclesiarum
1084 2370 1117 2401 et
1144 2365 1259 2401 fistula
1286 2366 1457 2409 altisona,
1495 2365 1662 2410 plectrum

264 2429 424 2473 psalterii
453 2429 694 2464 decachordi?
742 2429 830 2464 Ecce
851 2431 1016 2464 introiisti
1036 2431 1078 2465 ad
1106 2432 1279 2466 ‹lominum
1306 2432 1414 2467 Deum
1436 2436 1537 2472 tuum,
1563 2440 1661 2475 quem

267 2493 478 2528 desiderasti
516 2500 550 2530 et
584 2499 657 2529 toto
689 2495 816 2530 affectu
851 2498 1058 2541 concupisti.
1107 2497 1302 2532 Jerusalem
1346 2501 1381 2532 et
1413 2496 1520 2531 Roma
1554 2504 1662 2538 prava

267 2561 418 2593 amicitia
443 2561 610 2605 aequales
639 2561 754 2596 sactae
780 2566 860 2596 sunt
886 2563 918 2595 in
944 2562 1047 2605 malo,
1074 2562 1268 2598 Jerusalem
1293 2561 1462 2596 crucifixit
1488 2560 1661 2593 dominum

267 2627 420 2657 nostrum
448 2625 564 2659 Jesum
592 2626 786 2669 (ihi-istum,
814 2627 922 2662 Roma
951 2639 1033 2662 vero
1060 2628 1242 2673 apostolos
1271 2628 1347 2672 ejus
1372 2627 1568 2668 interemit,
1601 2625 1660 2660 Je-

269 2688 416 2741 rusalem
445 2694 557 2725 autem
588 2694 718 2729 servit,
751 2704 849 2738 quem
885 2693 1075 2737 crucifixit,
1114 2693 1221 2728 Roma
1247 2695 1361 2726 autem
1388 2691 1660 2727 sollemnisando
