1742 3005
422 76 518 127 Cap.
550 75 648 113 XVI.
709 74 766 111 De
797 79 925 111 sancto
957 72 1145 123 Remigio.
1421 72 1473 110 95

92 181 310 218 eremicolam
335 182 528 228 cogitaret,
576 183 611 216 in
636 180 765 216 somnis
799 178 902 213 alium
930 189 967 214 se
993 180 1098 213 multo
1123 176 1298 212 meliorem
1326 188 1474 212 eremum

91 248 208 284 colere
231 247 408 283 edocetur.
467 246 532 288 Qui
558 246 636 282 dum
664 257 738 282 eum
766 255 828 290 per
852 244 960 279 silvas
986 245 1196 290 inquireret,
1249 242 1387 277 obvium
1412 242 1471 277 lia<

91 313 166 347 huit
186 312 495 358 hippocentaurum
511 341 518 355 ,
556 312 727 347 hominem
752 322 841 357 equo
866 312 1006 344 mixtum
1021 338 1028 352 ,
1063 311 1122 355 qui
1148 310 1179 344 ei
1204 310 1294 343 viam
1319 308 1474 344 dextram

92 378 354 414 demonstravit.
426 377 647 413 Postmodum
673 377 809 411 obvium
839 375 960 409 hahuit
989 375 1137 417 animal,
1193 376 1309 410 serens
1344 375 1475 410 fructus

92 444 297 490 palmarum,
324 453 432 489 supra
453 445 615 490 ymagine
642 443 790 477 hominis
815 442 1029 486 insignitum,
1054 440 1215 475 deorsum
1243 452 1327 475 vero
1347 451 1476 486 caprae

92 510 224 544 formae
249 508 394 544 habens.
453 509 519 550 Qui
544 509 621 542 dum
646 509 758 552 ipsum
782 516 846 551 per
869 506 974 540 Deum
1001 506 1220 550 conjuraret,
1269 511 1305 540 ut
1331 506 1398 540 sihi
1425 507 1475 541 di?

92 579 198 618 ceret,
226 576 304 619 quis
329 577 434 616 esset,
461 573 643 618 respondit
667 583 704 607 se
729 582 806 607 esse
834 572 1007 617 Sat5rum,
1032 571 1138 605 Deum
1165 571 1331 605 silvarum
1355 582 1474 607 seeunr

92 640 170 675 dum
196 649 347 674 errorem
371 638 564 684 gentilium.
629 637 809 672 Postremo
836 637 993 672 obviavit
1019 638 1050 672 ei
1078 636 1199 682 lupus,
1250 637 1308 682 qui
1333 648 1408 672 eum
1433 640 1475 672 ad

91 706 214 741 cellam
238 705 349 739 sancti
374 703 473 738 Pauli
497 703 672 748 perduxit.
728 703 857 738 Paulus
887 707 1002 738 antem
1029 703 1215 738 Antonium
1237 706 1478 747 praesentiens

91 772 217 806 ostium
241 780 322 805 sera.
346 769 483 804 clausit.
517 769 688 804 Antonius
714 780 796 804 vero
825 774 941 815 rogat,
968 773 1005 803 ut
1030 769 1097 803 sibi
1126 770 1274 814 aperiat,
1301 780 1476 807 asserens,

92 847 130 872 se
154 845 328 881 nunquam
354 834 433 870 inde
458 845 695 877 recessurum,
747 835 807 870 sed
841 835 887 869 ibi
922 837 1038 880 potius
1074 836 1286 878 moriturum.
1359 836 1478 870 Victus

92 902 219 937 Paulus
244 903 276 937 ei
301 903 458 946 aperuit,
510 902 695 946 statimque
720 900 822 934 ambo
858 902 890 934 in
927 901 1106 946 amplexus
1140 905 1251 935 ruunt.
1326 902 1478 947 Cmnque

92 968 179 1002 hora
205 966 345 1012 prandii
369 965 522 1008 adesset,
549 976 674 1000 corvus
702 966 912 1011 duplicatam
941 968 1040 1011 panis
1068 970 1201 1011 partem
1227 967 1356 1009 attulit,
1385 978 1476 1002 cuni-

93 1043 158 1079 que
186 1033 228 1068 de
252 1032 318 1067 hoc
342 1033 515 1068 Antonius
540 1033 746 1074 miraretur,
783 1033 965 1078 respondit
990 1032 1139 1074 Paulus,
1176 1033 1268 1078 quod
1293 1033 1385 1068 Deus
1412 1034 1477 1068 sihi

91 1100 182 1134 omni
207 1098 262 1134 die
286 1098 404 1133 taliter
427 1097 649 1132 ministrabat
674 1103 708 1133 et
741 1098 977 1143 praehendam
1001 1103 1146 1144 propter
1170 1098 1341 1144 hospitem
1364 1100 1477 1145 dupli-

90 1168 244 1201 caverat.
290 1164 355 1199 Pia
379 1164 422 1198 lis
448 1165 578 1207 oritur,
630 1165 707 1210 quis
740 1166 853 1211 magis
887 1165 1013 1212 dignus
1040 1170 1133 1200 esset
1158 1174 1282 1210 panem
1308 1165 1476 1201 dividere.

88 1231 211 1267 Defert
233 1230 362 1266 Paulus
388 1230 519 1275 hospiti
546 1233 580 1264 et
603 1230 775 1265 Antonius
800 1232 942 1266 seniori.
992 1231 1148 1265 Tandem
1175 1234 1322 1276 uterque
1338 1242 1473 1266 manum

89 1301 269 1343 apponunt
293 1300 328 1332 et
351 1298 387 1331 in
411 1306 544 1342 aequas
570 1300 689 1340 partes
718 1307 841 1340 panem
867 1296 1035 1330 dividunt.
1108 1297 1192 1331 Cum
1226 1301 1340 1331 autem
1366 1297 1476 1332 Anto-

90 1365 167 1398 nius
192 1362 332 1399 rediens
350 1363 425 1407 jam
451 1361 561 1396 cellae
596 1371 681 1395 suae
716 1363 1040 1407 appropinquaret,
1091 1361 1177 1395 vidit
1208 1362 1354 1407 angelos
1379 1362 1478 1398 Pauli

93 1429 239 1463 animam
264 1426 483 1466 deserentes,
510 1427 569 1471 qui
592 1425 760 1460 velociter
783 1426 920 1461 rediens
945 1428 1077 1461 invenit
1103 1436 1228 1472 corpus
1254 1427 1353 1462 Pauli
1379 1428 1478 1463 flexis

90 1493 251 1540 genubus
279 1494 313 1526 in
339 1491 471 1526 modum
498 1493 630 1525 orantis
656 1485 818 1533 erectum,
847 1493 897 1526 ita
923 1496 959 1526 ut
985 1494 1095 1537 ipsum
1122 1493 1239 1527 vivere
1265 1495 1478 1529 aestimaret.

91 1559 161 1594 Sed
185 1569 260 1594 cum
284 1559 395 1604 ipsum
419 1560 588 1590 mortuum
613 1556 807 1598 didicisset,
829 1559 895 1592 ait:
921 1569 940 1592 o
966 1562 1088 1592 sancta
1112 1561 1239 1601 anima,
1266 1558 1358 1604 quod
1375 1569 1478 1604 gere-

92 1623 155 1658 bas
179 1626 215 1658 in
247 1625 339 1666 vita,
386 1625 421 1657 in
448 1625 558 1656 morte
585 1624 797 1657 monstrasti.
847 1623 930 1658 Cum
955 1628 1069 1658 autem
1095 1635 1163 1658 non
1188 1623 1354 1666 haberet,
1389 1624 1478 1659 unde

91 1689 305 1735 sepulturam
330 1690 476 1732 faceret,
513 1697 592 1722 eece
617 1687 684 1721 duo
710 1687 830 1723 leones
857 1688 1073 1723 advenerunt
1098 1693 1132 1724 et
1159 1689 1295 1724 foveam
1324 1699 1474 1734 parave-

92 1759 169 1789 runt
193 1756 399 1801 sepultoque
424 1765 466 1790 eo
494 1753 539 1789 ad
563 1753 688 1788 silvam
714 1754 903 1789 redierunt.
976 1754 1150 1789 Antonius
1184 1759 1299 1789 autem
1328 1757 1478 1790 tunicam

90 1819 189 1855 Pauli
215 1831 258 1856 ex
281 1821 407 1866 palmis
438 1823 635 1855 contextam
670 1821 853 1862 assumsit,
905 1830 973 1865 qua
1011 1821 1228 1865 postmodum
1255 1822 1289 1855 in
1315 1821 1472 1857 solemni

90 1884 220 1921 tatibus
245 1885 419 1922 utebatur.
468 1885 565 1921 Obiit
590 1889 704 1921 autem
728 1886 822 1920 circa
845 1895 955 1920 annos
980 1885 1244 1922 CCLXXXVII.

636 2212 761 2274 eAP.
818 2213 928 2274 xvi.

419 2311 520 2355 De
559 2314 780 2358 sancto
816 2311 1142 2368 Remigio.

127 2428 133 2430 ’
174 2418 352 2465 Remigius
378 2419 503 2454 dicitur
528 2431 549 2455 a
574 2423 677 2464 remi,
705 2421 797 2466 quod
824 2425 877 2455 est
902 2431 1072 2465 pascenS,
1101 2424 1135 2454 et
1158 2430 1267 2465 geos,
1306 2418 1397 2464 quod
1423 2424 1475 2454 est

88 2488 195 2527 terra,
225 2485 326 2529 quasi
348 2494 497 2529 pascens
523 2489 682 2520 terrenos
707 2486 876 2520 doctrina.
925 2485 989 2520 Vel
1002 2485 1179 2530 Remigius
1199 2484 1324 2518 dicitur
1341 2494 1360 2519 a
1375 2486 1473 2527 remi,

88 2549 182 2594 quod
198 2553 252 2584 est
277 2553 411 2593 pastor,
438 2553 592 2595 etgyon,
620 2550 713 2595 quod
729 2550 954 2592 estimatio,
983 2551 1083 2595 quasi
1107 2553 1230 2595 pastor
1254 2553 1288 2585 et
1311 2549 1472 2584 luctator.

88 2612 188 2648 Parit
202 2615 289 2649 enim
305 2625 449 2661 gregem
466 2625 563 2649 suum
582 2615 688 2649 verbo
707 2614 992 2659 praedicatIOniS,
1010 2615 1167 2659 exemplo
1181 2616 1471 2652 conversationis,

86 2678 256 2725 suffragio
283 2681 464 2715 orationis.
492 2679 554 2715 Est
582 2681 687 2715 etlam
711 2680 838 2725 triplex
862 2690 974 2726 genus
989 2690 1174 2724 armorum,
1201 2680 1335 2717 scilicet
1351 2680 1471 2716 defen-
