1742 3005
438 81 535 129 Cap.
569 79 684 115 XCV.
743 79 800 116 De
831 87 962 117 saneta
992 80 1177 118 Praxede.
1420 84 1498 121 407

561 249 686 311 cAl’.
724 251 844 312 XCV.
894 252 1038 314 (915)

379 350 488 392 De
543 350 808 394 sancta
854 349 1215 394 Praxeae.

194 454 364 490 praxedis
388 458 490 503 virgo
518 458 583 491 ruit
607 457 732 491 beatae
758 456 986 491 Potentianae
1011 467 1124 498 soror,
1152 466 1241 501 quae
1267 456 1408 490 suerunt
1433 468 1492 491 so-

107 530 203 555 rores
229 524 342 556 sancti
368 521 495 556 Donati
523 527 556 556 et
583 521 782 563 Timothei,
821 523 881 566 qui
914 521 958 555 ab
995 522 1169 566 apostolis
1203 524 1238 555 in
1272 521 1340 556 tide
1366 522 1493 556 eruditi

103 591 194 621 sunt.
245 587 310 627 Qui
336 597 411 621 cum
435 588 681 632 persecutione
706 588 885 622 saeviente
909 587 1093 622 multorum
1120 587 1389 622 christianorum
1415 599 1493 621 cor-

70 664 83 685 ι
105 662 192 696 pora
216 652 444 696 sepeliissent
470 657 504 687 et
528 653 714 687 facultates
746 662 828 687 suas
854 653 1069 698 pauperibus
1097 657 1327 699 erogassent,
1354 653 1492 688 tandem

104 720 136 751 in
162 727 249 762 pace
277 719 484 762 quieverunt
507 720 603 754 circa
629 729 739 753 annos
766 718 896 753 domini
923 719 1045 754 CLXV
1079 720 1143 754 sub
1169 719 1290 755 Marco
1319 724 1354 755 et
1379 720 1490 754 Anto-

103 784 159 818 nio
187 783 352 819 secundo.

556 1072 681 1134 cAl’.
718 1072 865 1134 xcvl.
910 1071 1039 1134 (90.)

288 1174 388 1218 lle
416 1174 639 1218 saneta
666 1172 870 1218 Maria
905 1170 1300 1228 magdalena.

188 1281 306 1316 Maria
352 1281 604 1326 interpretatur
664 1291 817 1314 amarum
869 1291 984 1322 maro,
1048 1280 1103 1315 vel
1153 1279 1381 1313 illuminatrix
1431 1284 1490 1311 aut

99 1347 303 1381 illuminata.
351 1346 420 1381 Per
452 1346 540 1381 haec
573 1349 643 1381 tria
676 1348 921 1393 intelliguntur
956 1351 1028 1380 tres
1060 1350 1200 1390 partes,
1237 1346 1366 1389 optime
1402 1353 1488 1388 quas
1520 1368 1525 1372 -

100 1412 229 1457 elegit,
258 1412 392 1446 seilicet
419 1422 501 1456 pars
527 1414 783 1457 poenitentiae,
819 1423 901 1457 pars
933 1412 1238 1456 contemplationis
1272 1411 1429 1444 internae
1457 1414 1491 1443 ct

100 1488 181 1522 pars
208 1477 373 1512 coelestis
398 1478 548 1524 gloriae.
598 1479 649 1513 lle
675 1489 744 1524 qua
768 1479 899 1523 triplici
926 1483 1026 1523 parte
1051 1477 1279 1522 intelligitur,
1315 1474 1409 1520 quod
1435 1475 1485 1507 ‹li-

98 1545 145 1577 cit
173 1543 350 1577 dominus:
378 1543 495 1579 Maria
521 1546 684 1589 optimam
711 1550 845 1589 partem
871 1545 997 1590 elegit,
1033 1553 1122 1588 quae
1148 1553 1215 1575 non
1243 1542 1422 1575 auferetur
1447 1540 1489 1573 ab

99 1620 151 1644 ea.
201 1608 316 1644 Prima
351 1614 464 1645 autem
495 1621 576 1656 pars
610 1622 679 1644 non
712 1611 892 1645 auferetur
916 1611 1051 1643 ratione
1078 1607 1173 1647 linis,
1211 1617 1300 1652 quae
1326 1610 1379 1641 est
1406 1617 1487 1639 con*

98 1676 232 1709 secutio
257 1674 498 1717 beatitudinis,
525 1676 681 1711 secunda
700 1677 837 1710 ratione
859 1676 1112 1716 continuitatis,
1140 1675 1223 1718 quia
1240 1672 1487 1716 contemplatio

99 1743 177 1776 viae
214 1742 437 1775 continuatur
470 1751 545 1775 cum
579 1739 873 1787 contemplatione
910 1743 1066 1786 patriae,
1100 1741 1206 1774 tertia
1239 1740 1375 1773 ratione
1403 1748 1488 1771 suae

96 1808 326 1842 aeternitatis.
374 1806 412 1841 ln
436 1812 597 1852 quantum
622 1810 730 1853 igitur
759 1808 869 1853 elegit
893 1809 1055 1852 optimam
1081 1810 1214 1851 partem
1238 1804 1488 1850 poenitentiae,

97 1873 224 1907 dicitur
248 1883 402 1907 amarum
428 1884 542 1916 mare,
577 1875 659 1919 quia
685 1874 734 1908 ibi
759 1874 899 1908 multam
926 1872 1189 1907 amaritudinem
1218 1870 1361 1912 habuit,
1395 1869 1487 1914 quod

95 1944 211 1984 patet,
243 1941 325 1984 quia
358 1943 410 1973 tot
440 1939 610 1984 lacrymas
637 1940 748 1982 fudit,
783 1940 877 1985 quod
904 1938 985 1973 inde
1011 1938 1119 1983 pedes
1149 1937 1277 1971 ‹lomini
1305 1937 1401 1970 lavit.
1450 1934 1488 1968 ln

96 2009 259 2050 quantum
295 2004 405 2050 elegit
436 2006 600 2049 optimam
635 2010 767 2049 partem
800 2005 1105 2049 contemplationis
1145 2006 1322 2044 internae,
1361 2001 1488 2034 dieitur

95 2071 334 2111 illuminatrix,
362 2071 444 2115 quia
469 2069 520 2103 ihi
543 2069 661 2104 hausit
685 2070 802 2112 avide,
831 2070 924 2115 quod
950 2070 1170 2114 postmodum
1187 2067 1310 2103 effudit
1328 2065 1487 2099 aliunde:

94 2136 144 2170 ibi
167 2136 283 2170 lumen
308 2137 454 2180 accepit,
483 2147 550 2180 quo
579 2135 799 2181 postmodum
825 2138 988 2169 caeteros
1013 2134 1214 2168 illustr-axii.
1262 2131 1300 2166 ln
1324 2135 1488 2176 quantum

94 2203 205 2248 elegit
228 2203 392 2246 optimam
420 2206 554 2246 partem
589 2202 754 2236 coelestis
791 2200 950 2247 gloriae,
994 2199 1122 2233 dieitur
1150 2199 1366 2240 illuminata,
1406 2198 1489 2242 quia

94 2277 182 2301 nunc
206 2267 402 2302 illuminata
426 2271 480 2302 est
505 2267 634 2302 lumine
660 2268 842 2312 perfectae
869 2267 1082 2312 cognitionis
1108 2267 1143 2299 in
1168 2270 1281 2299 mente
1307 2268 1341 2298 et
1359 2263 1487 2297 illumi-

95 2333 235 2367 nabitur
258 2332 385 2367 lumine
410 2333 582 2367 claritatis
609 2335 644 2367 in
671 2343 830 2378 corpore.
878 2331 1096 2378 Magdalena
1119 2331 1258 2373 dicitur,
1286 2331 1388 2374 quasi
1414 2338 1486 2361 ma-

95 2411 180 2435 nens
201 2409 274 2441 roa,
302 2397 357 2432 vel
375 2396 593 2443 Magdalena
616 2400 869 2443 interpretatur
894 2399 1025 2431 munita
1049 2397 1106 2431 vel
1132 2397 1262 2430 invicta
1281 2395 1334 2430 vel
1355 2395 1488 2438 magni⁴

94 2466 180 2508 tica,
207 2474 271 2509 per
297 2473 386 2509 quae
411 2464 628 2505 insinuatur,
656 2463 770 2508 qualis
797 2464 863 2497 suit
887 2466 968 2497 ante
995 2462 1280 2503 conversionem,
1315 2459 1430 2505 qualis
1457 2460 1488 2491 in

93 2532 324 2566 conversione
350 2533 384 2564 et
409 2528 524 2574 qualis
550 2532 632 2573 post
665 2530 941 2564 conversionem.
990 2526 1075 2561 Nam
1109 2530 1190 2560 ante
1226 2526 1487 2560 conversionem

96 2597 162 2631 suit
188 2606 330 2631 manens
356 2605 418 2629 rea
442 2605 504 2639 per
529 2593 781 2639 obligationem
805 2593 851 2628 ad
876 2603 1029 2648 poenam
1049 2596 1247 2634 aeternam
1282 2594 1316 2625 in
1342 2601 1486 2626 eonver-

164 2696 193 2728 1)
211 2698 244 2722 ln
263 2694 339 2724 edit.
359 2698 468 2723 recent.
488 2694 544 2721 hoc
565 2697 656 2728 caput
675 2692 808 2726 sequitur
828 2702 892 2727 cap.
910 2694 954 2720 ΩΟ.
974 2691 1010 2719 de
1031 2695 1131 2719 sancta
1150 2690 1242 2718 Maria
1260 2689 1445 2723 Maga-iuna,
