1742 3005
431 89 523 135 tssap.
558 84 657 120 vm.
721 85 775 120 ΗΒ
807 91 935 118 sancto
967 83 1177 133 Stephano.
1346 110 1353 116 .
1439 87 1489 122 55,

105 203 199 226 inore
233 190 459 225 membrorum
493 190 640 223 oninium
675 187 889 222 horribiliter
924 192 1003 221 sunt
1034 189 1213 232 percussi.
1276 195 1488 233 (piapropter

106 258 241 292 nimium
267 255 424 290 dolentes
452 259 485 289 et
506 265 622 289 eorum
647 255 770 287 civium
796 253 915 287 oeulos
941 264 1008 286 non
1036 253 1187 286 ferentes
1210 263 1272 297 per
1296 259 1403 288 totum
1432 267 1485 288 012

105 323 180 357 beni
207 323 332 368 vagari
357 324 545 366 coeperunt
572 324 605 354 et
631 329 845 364 quocumque
870 318 987 360 ibant,
1015 319 1161 352 omnium
1190 319 1222 352 in
1247 330 1284 354 se
1305 325 1485 356 converte>

103 389 186 422 bant
213 391 401 433 aspectum.
450 385 502 420 Ex
530 386 582 419 his
611 389 724 419 autem
752 384 832 427 duo,
861 386 970 418 frater
997 389 1030 418 et
1054 394 1167 425 soror,
1193 383 1321 419 Paulus
1350 392 1382 421 et
1408 386 1486 421 Pal-

102 454 421 499 ladiaflypponeni
450 456 618 487 venerunt
643 456 677 485 et
704 452 770 494 ipsi
795 450 991 495 Augustino
1018 448 1143 482 ibidem
1169 451 1355 496 episeopo,
1397 464 1486 498 quae

103 519 169 553 sibi
194 520 426 564 contigerant,
452 520 693 551 narraverunt.
730 517 813 549 Cum
840 526 925 560 ergo
946 516 1019 560 Jam
1047 513 1239 558 quindecim
1265 515 1386 551 diebus
1409 524 1488 553 ante

104 584 238 619 Pascha
269 582 450 617 eeclesiam
486 581 579 616 beati
617 580 785 625 Stephani
819 579 1081 624 frequentantes
1115 581 1298 616 sanitatem
1331 583 1374 616 ab
1409 586 1483 628 ipso

103 649 216 683 multis
243 647 403 693 precihus
429 647 680 692 postulassent,
709 647 742 679 in
767 647 845 691 ipso
871 646 926 680 die
952 645 1107 680 Paschae
1131 656 1205 680 eum
1232 646 1396 693 frequens
1424 662 1485 695 pe«

103 714 202 760 pulus
230 724 398 759 praesens
425 717 540 754 esset,
580 723 666 746 unus
692 723 734 747 ex
759 715 801 746 iis
826 711 955 746 Paulus
982 717 1124 756 repente
1150 713 1339 748 cancellum
1363 717 1485 751 introi--

104 782 150 814 vit
183 784 218 815 et
249 784 329 814 ante
365 779 476 814 altare
512 789 586 813 cum
626 779 733 813 multa
766 778 832 813 tide
871 782 905 812 et
938 779 1136 812 revercntia
1170 788 1207 812 se
1233 784 1425 823 prostravit
1451 784 1483 817 in

102 848 276 889 oratione,
301 850 432 880 etcum
457 846 639 880 adstantes
666 847 717 880 rei
744 846 872 879 exitum
899 848 1164 889 exspectarent,
1191 844 1306 879 subito
1334 851 1486 882 surrexit

102 922 232 955 sanus,
279 922 299 946 a
324 916 474 947 tremore
500 913 659 956 corporis
686 910 849 956 deinceps
878 910 1024 945 alienus.
1096 910 1178 943 Cum
1206 916 1319 945 autem
1345 913 1389 946 ad
1415 915 1484 948 Au*

102 980 278 1024 gustinum
309 978 434 1012 suisset
465 977 657 1019 adductus,
708 979 783 1022 ipse
819 988 894 1011 euin
930 976 974 1010 ad
1009 975 1173 1020 populum
1199 978 1344 1021 protulit
1373 983 1406 1013 et
1430 991 1486 1013 st·-

103 1046 220 1090 quenti
245 1043 301 1078 die
326 1043 477 1078 libellum
505 1043 547 1078 de
574 1045 775 1078 narratione
799 1044 875 1089 ejus
903 1044 944 1076 iis
970 1041 1182 1076 recitandum
1207 1045 1375 1087 promisit.
1403 1046 1484 1079 (luni

102 1114 216 1145 autem
247 1111 297 1144 sie
327 1110 372 1145 ad
406 1110 569 1155 populum
602 1110 804 1154 loqueretur
838 1113 871 1143 et
904 1118 1005 1143 soror
1037 1108 1130 1141 illius
1166 1107 1292 1143 ibidem
1328 1110 1484 1145 omnihus

102 1175 264 1211 membris
299 1180 450 1212 tremens
483 1178 689 1218 assisteret,
742 1186 890 1222 surgens
925 1176 986 1209 illa
1015 1186 1033 1209 e
1059 1174 1172 1208 medio
1198 1174 1291 1209 beati
1316 1175 1484 1221 Stephani

101 1242 276 1277 eoneellos
305 1245 450 1277 intravit
482 1247 516 1278 et
549 1245 666 1277 statim
699 1243 793 1277 velut
823 1242 1045 1276 obdormiens
1074 1241 1189 1274 subito
1214 1251 1301 1275 sana
1325 1244 1487 1277 surrexit.

102 1308 183 1354 Ipsa
215 1309 375 1344 similiter
408 1310 443 1343 in
476 1309 623 1343 medium
659 1308 860 1353 producitur
893 1311 926 1341 et
954 1307 996 1340 de
1023 1308 1203 1351 utriusque
1238 1308 1389 1341 sanitate
1414 1308 1485 1342 Deo

103 1378 138 1409 et
159 1374 264 1409 beato
291 1374 470 1419 Stephano
497 1376 684 1409 immensae
711 1374 848 1419 gratiae
883 1372 1090 1407 reseruntur.
1164 1372 1309 1406 Orosius
1341 1383 1489 1418 namque

103 1451 122 1475 a
148 1440 353 1485 Hieronymo
382 1440 426 1474 ad
453 1440 683 1485 Augustinum
709 1439 847 1473 rediens
882 1437 1050 1482 quasdam
1076 1438 1244 1482 reliquias
1268 1440 1378 1472 sancti
1408 1439 1484 1473 Ste-

102 1506 208 1552 phani
233 1506 376 1548 detulit,
428 1505 473 1540 ad
499 1515 586 1550 quas
621 1504 802 1549 praedicta
834 1508 868 1538 et
895 1504 994 1548 plura
1019 1503 1187 1537 miracula
1211 1504 1304 1537 facta
1329 1508 1418 1538 sunt.
1444 1523 1488 1530 —-

101 1593 145 1598 —
168 1593 213 1598 —-
238 1575 276 1609 ἶ.
304 1570 500 1606 Notandum
527 1574 663 1611 autem,
691 1569 783 1614 quod
810 1568 935 1603 heatus
960 1568 1158 1613 Stephanus
1186 1568 1251 1602 hoe
1276 1569 1331 1603 (lie
1359 1579 1485 1613 passus

101 1648 168 1672 non
196 1642 269 1681 est,
295 1637 357 1672 sed
384 1647 427 1671 ea
451 1636 527 1678 die,
552 1639 589 1669 ut
613 1635 758 1676 dieitur,
785 1644 854 1680 qua
879 1636 954 1679 ejus
982 1635 1134 1668 inventio
1159 1634 1369 1670 celebratur.
1419 1636 1485 1669 (Ju-

97 1705 157 1749 jus
182 1707 297 1738 autem
324 1704 478 1738 inventio
503 1702 569 1737 hac
591 1701 646 1736 die
673 1701 798 1735 dicitur
823 1701 1023 1742 exstitisse,
1075 1699 1137 1734 sed
1163 1710 1271 1745 quare
1298 1700 1389 1735 festa
1412 1711 1485 1735 mu-

100 1773 177 1803 tata
203 1773 301 1813 sunt,
334 1768 487 1812 dicetur,
517 1779 590 1804 eum
618 1767 660 1802 de
688 1768 884 1802 inventione
912 1771 1048 1811 agetur.
1099 1765 1151 1800 Ad
1178 1776 1346 1811 praesens
1374 1771 1488 1802 autem

101 1835 168 1869 hoc
191 1835 323 1871 dixisse
350 1835 513 1878 sufficiat,
541 1833 633 1880 quod
656 1833 784 1878 duplici
810 1832 851 1867 de
879 1842 986 1866 causa
1011 1832 1161 1866 ecclesia
1187 1831 1273 1867 haee
1298 1834 1367 1867 tria
1380 1833 1482 1875 festa7

102 1911 192 1947 quae
217 1906 408 1947 sequuntur
435 1902 661 1948 nativitatem
677 1898 819 1940 domini,
848 1900 897 1932 sie
925 1898 1033 1932 voluit
1057 1898 1233 1933 ordinare.
1280 1898 1395 1933 Prima
1421 1904 1487 1943 est,

102 1972 139 2001 ut
162 1967 301 2002 Christo
326 1977 457 2012 sponso
484 1970 518 2001 et
541 1967 647 2010 capiti
674 1975 791 1999 omnes
826 1966 878 1998 sui
904 1966 1046 1999 comites
1075 1964 1322 2010 adjiingantur.
1379 1964 1490 2000 Natus

102 2035 190 2067 enim
228 2032 409 2076 Christus,
457 2042 607 2077 sponsus
642 2041 793 2077 sponsae
818 2031 1012 2073 ecclesiae,
1055 2032 1089 2064 iu
1116 2030 1204 2064 hune
1232 2030 1391 2065 mundum
1416 2035 1488 2065 tres

102 2098 169 2133 sibi
197 2100 340 2133 comites
362 2097 540 2143 adjunxit,
587 2097 628 2132 de
656 2097 780 2143 quibus
805 2096 988 2132 comitibus
1016 2096 1141 2130 dicitur
1167 2098 1200 2130 in
1227 2095 1399 2130 Cantieis:
1433 2096 1485 2130 di-

102 2165 212 2200 lectus
236 2174 332 2199 meus
357 2163 538 2206 candidus,
567 2169 601 2199 et
627 2163 852 2205 rubicundus,
879 2163 1009 2197 electus
1038 2173 1081 2197 ex
1105 2161 1268 2196 millibus.
1296 2162 1486 2205 Candidus,

104 2241 170 2275 quo
197 2230 241 2264 ad
265 2229 459 2266 ,Iohannem
483 2230 736 2275 evangelistam
762 2231 952 2274 pretiosum
977 2229 1213 2263 consessorem
1229 2255 1237 2270 ,
1277 2227 1487 2262 rubicundus

103 2299 267 2341 quantum
292 2296 337 2329 ad
360 2294 573 2340 Stephanum
598 2297 902 2340 protomartirem,
939 2295 1069 2330 electus
1095 2304 1137 2328 ex
1162 2293 1334 2335 millibus,
1379 2304 1488 2338 quan-

103 2365 173 2394 tum
199 2359 245 2394 ad
267 2360 403 2394 turbam
428 2363 659 2396 innocentium
684 2361 904 2407 virginalem.
961 2359 1123 2395 Secunda
1149 2359 1239 2392 ratio
1265 2363 1336 2400 est,
1379 2362 1415 2391 ut
1439 2359 1488 2392 sie

104 2426 254 2461 ecelesia
294 2427 441 2459 omnium
481 2428 657 2461 martirum
693 2436 827 2473 genera
863 2425 1049 2460 seeundum
1083 2424 1215 2470 gradus
1245 2423 1426 2468 dignitatis
1454 2425 1487 2457 in

104 2492 204 2526 simul
236 2490 425 2530 adunaret,
486 2501 629 2535 quorum
665 2492 800 2537 quidem
836 2492 983 2525 martirii
1017 2489 1147 2524 Christi
1180 2489 1346 2523 nativitas
1379 2499 1484 2523 causa

105 2557 179 2591 suit.
228 2555 291 2591 Est
314 2558 402 2590 enim
428 2556 555 2600 triplex
580 2558 790 2598 martirium,
816 2566 917 2590 unum
942 2554 1120 2589 voluntate
1146 2558 1179 2589 et
1207 2565 1333 2600 opere,
1362 2565 1484 2589 seeun-

103 2621 179 2657 dum
207 2622 383 2656 voluntate
409 2627 439 2655 et
467 2632 533 2655 non
560 2632 677 2665 opi-re,
707 2624 843 2656 tertium
870 2632 974 2665 opere
1004 2620 1064 2655 sed
1094 2631 1159 2653 non
1188 2621 1376 2656 voluntate.
1410 2621 1483 2656 Pri-
