1742 3005
176 107 254 145 170
396 112 490 159 sap.
521 109 695 147 XXXlX.
752 110 811 148 De
846 118 978 149 sancta
1011 112 1153 162 Agatha
1184 113 1339 162 virgine.

679 336 804 399 cir.
857 319 1051 398 xxxix.

376 438 473 481 De
513 437 730 482 saneta
771 437 1030 494 Agatha
1068 437 1346 496 virgine.

256 545 397 591 Agatha
431 545 556 580 dicitur
590 546 633 581 ab
669 547 791 593 agios,
844 547 936 593 quod
970 552 1023 583 est
1047 551 1210 590 sanctus,
1258 551 1292 582 et
1320 546 1419 582 theos
1446 547 1551 588 Deus,

167 614 267 657 quasi
294 615 415 646 saneta
443 611 514 646 Dei,
565 612 651 646 Tria
676 614 763 647 enim
789 617 880 656 sunt,
908 615 997 648 sicut
1021 613 1103 647 dicit
1130 612 1421 658 chrysostomus,
1461 623 1550 658 quae

165 683 318 714 sanetum
345 679 486 720 faciunt,
514 682 546 713 et
572 678 634 713 illa
660 679 815 724 perfecte
842 678 979 713 fuerunt
1004 680 1038 712 in
1062 689 1125 722 ea,
1153 679 1286 713 seilicet
1311 679 1426 713 cordis
1454 690 1549 713 mun-

165 744 269 786 ditia,
319 744 462 788 spiritus
490 745 600 776 sancti
628 745 848 788 praesentia,
885 743 1052 777 bonorum
1079 756 1221 789 operum
1247 744 1436 780 affluentia.
1486 744 1549 780 vot

164 809 290 843 dicitur
313 808 356 843 ab
377 818 416 851 a,
457 807 549 854 quod
575 810 744 851 estsine,
783 812 817 843 et
842 818 930 855 geos
955 811 1070 852 terra,
1111 813 1144 844 et
1168 809 1268 844 theos
1293 810 1406 853 Deus,
1448 813 1548 856 qnasi

161 875 236 910 Dea
260 877 335 910 sine
359 879 467 917 terra,
496 873 532 908 id
554 879 627 917 est,
655 875 730 909 sine
756 884 874 909 amore
900 877 1128 909 terrenorum.
1178 874 1240 909 Vel
1268 875 1311 909 ab
1338 885 1428 922 aga,
1455 877 1548 921 quod

162 945 213 977 est
235 942 405 986 loquens,
447 944 480 975 et
505 938 590 973 thau
614 941 886 981 consunnnatio,
932 941 1032 984 quasi
1069 947 1304 976 consumma-te
1332 946 1366 978 et
1392 942 1547 987 perfecte

160 1008 327 1052 loquens,
379 1005 471 1052 quod
499 1009 597 1051 patet
619 1006 652 1039 in
681 1006 753 1040 suis
780 1007 973 1050 responsis.
1044 1006 1107 1041 Vel
1129 1006 1172 1040 ab
1197 1006 1326 1051 agath,
1376 1007 1469 1053 quod
1495 1013 1548 1043 est

159 1075 324 1116 servitus,
351 1077 384 1108 et
409 1066 512 1107 lbaas
539 1072 712 1116 superior,
740 1072 841 1116 quasi
867 1073 1017 1106 servitus
1041 1074 1221 1117 superior:
1253 1077 1287 1108 et
1313 1072 1378 1107 hoc
1402 1077 1546 1118 propter

158 1139 243 1174 illud
268 1138 361 1185 quod
387 1138 492 1172 dixit:
518 1147 649 1171 summa
671 1138 871 1182 ingenuitas
899 1141 951 1172 est
976 1139 1044 1173 ista
1070 1142 1133 1173 eto.
1184 1138 1247 1174 Vel
1269 1138 1313 1173 ab
1340 1149 1421 1185 aga,
1451 1140 1543 1185 quod

159 1210 211 1241 est
238 1205 422 1246 solemnis,
452 1208 486 1238 et
510 1202 614 1246 thau,
641 1205 912 1243 eonsunnnatio,
942 1208 1043 1249 quasi
1070 1205 1270 1239 solemniter
1295 1210 1542 1247 consummata,

157 1272 191 1306 id
217 1276 270 1306 est
295 1271 445 1316 sepulta,
474 1269 566 1314 quod
595 1272 692 1313 patet
717 1270 750 1302 in
776 1269 925 1314 angelis,
953 1271 1010 1314 qui
1036 1280 1110 1304 eam
1137 1269 1360 1314 sepelierunt.

245 1336 387 1383 Agatha
408 1337 508 1381 virgo
534 1336 686 1380 ingenua
714 1337 748 1369 et
772 1344 920 1379 corpore
949 1335 1181 1379 pulcherrima
1202 1336 1235 1368 in
1256 1335 1341 1370 urbe
1358 1335 1541 1371 Catanien-

155 1406 242 1439 sium
278 1403 385 1438 Deum
421 1411 558 1445 semper
589 1402 622 1434 in
657 1401 749 1434 omni
780 1402 965 1436 sanctitate
990 1400 1147 1444 colebat,
1196 1401 1402 1441 Quintianus
1428 1406 1541 1437 autem

155 1470 349 1505 consularis
374 1468 529 1509 Siciliae,
555 1476 628 1500 eum
658 1470 751 1501 esset
776 1466 963 1519 ignobilis,
990 1467 1212 1510 libidinosus,
1240 1477 1367 1501 avarus
1395 1472 1430 1503 et
1454 1468 1540 1513 ydo-

154 1538 197 1571 lis
223 1535 373 1577 deditus,
400 1533 537 1568 beatam
564 1531 738 1578 Agatham
764 1532 1056 1577 comprehendere
1082 1532 1268 1575 nitebatur,
1295 1536 1331 1566 ut
1357 1535 1439 1578 quia
1466 1541 1539 1570 erat

154 1601 332 1649 ignobilis,
359 1597 682 1643 comprehendendo
707 1597 856 1633 nobilem
880 1600 1070 1641 timeretur,
1098 1600 1181 1644 quia
1204 1599 1433 1643 libidinosus,
1464 1603 1539 1647 ejus

153 1665 408 1714 pulchritudine
424 1665 608 1706 frueretur,
638 1665 719 1708 quia
744 1673 885 1705 avarus,
912 1665 988 1709 ejus
1013 1664 1153 1699 divitias
1178 1670 1331 1709 raperet,
1358 1667 1538 1712 quiaydo-

151 1734 294 1775 lolatra,
314 1731 389 1766 Diis
414 1741 489 1767 eam
516 1730 646 1765 faceret
670 1729 860 1772 immolare,
888 1730 1038 1775 fovitque
1063 1740 1136 1766 eam
1161 1730 1203 1764 ad
1224 1742 1261 1766 se
1277 1731 1415 1767 adduci.
1442 1733 1538 1773 Quae

152 1810 224 1834 eum
253 1797 401 1832 adducta
428 1800 521 1831 esset
547 1800 579 1831 et
609 1797 684 1841 ejus
710 1795 884 1830 immobile
910 1798 1127 1841 propositum
1151 1798 1399 1841 cognovisset,
1426 1798 1536 1832 tradi-

152 1865 201 1899 dit
225 1874 298 1899 eam
323 1863 458 1897 cuidam
492 1863 686 1904 meretrici,
739 1863 875 1896 nomine
910 1861 1145 1906 Aphrodisiae
1179 1866 1213 1896 et
1245 1873 1365 1897 novem
1398 1863 1535 1898 filiabus

150 1934 226 1977 ejus
252 1929 406 1975 ejusdem
433 1928 676 1973 turpitudinis,
715 1932 751 1962 ut
777 1939 839 1973 per
862 1928 963 1962 XXX
987 1928 1062 1962 dies
1088 1927 1276 1962 suaderent
1304 1933 1337 1965 et
1362 1929 1534 1973 quomodo

149 1999 225 2042 ejus
258 1997 404 2030 animum
436 1997 664 2030 immutarent.
737 1993 780 2029 Et
816 1994 918 2028 modo
953 1993 1185 2039 promittendo
1217 1994 1313 2028 laeta
1336 1994 1436 2029 modo
1465 2000 1533 2030 ter-

149 2062 256 2097 rendo
289 2071 419 2106 aspera
451 2060 643 2105 sperabant
677 2070 751 2094 eam
782 2070 803 2094 a
835 2060 925 2094 bono
958 2060 1140 2105 proposito
1171 2069 1361 2103 revocare,
1409 2060 1533 2106 quibus

147 2129 251 2162 beata
284 2127 426 2173 Agatha
459 2126 563 2160 dixit:
613 2137 707 2161 mens
745 2136 821 2161 mea
855 2125 961 2171 Super
993 2129 1126 2170 petram
1161 2124 1313 2160 solidata
1349 2130 1402 2177 est
1434 2131 1467 2161 et
1500 2129 1531 2160 in

142 2193 286 2228 (jin-isto
315 2193 478 2234 fundata,
504 2191 613 2226 verba
638 2196 756 2226 vestra
782 2193 874 2226 venti
900 2195 990 2233 sunt,
1018 2192 1266 2235 promissiones
1294 2195 1430 2226 vestrae
1455 2192 1531 2236 plu—

149 2261 237 2301 viae,
264 2263 418 2293 terrores
445 2258 551 2291 xestri
577 2258 717 2291 ssumina
744 2261 833 2291 sunt.
865 2257 960 2296 Quae
986 2257 1204 2300 ‹pumtunnis
1226 2258 1440 2302 impugnant,
1463 2261 1530 2292 stat

148 2324 401 2359 sundanwntum
428 2323 548 2357 domus
572 2333 684 2363 meae,
712 2322 838 2356 cadere
864 2332 930 2355 non
959 2322 1098 2356 valebit.
1157 2322 1249 2356 llaec
1273 2326 1385 2357 autem
1414 2322 1531 2357 (licens

147 2389 251 2424 tiebat
276 2390 429 2435 ‹ptotidie
455 2393 487 2423 et
514 2388 639 2423 orabat
666 2390 787 2423 sitiens
813 2387 855 2421 ad
882 2388 1027 2421 martirii
1057 2387 1203 2432 palmam
1232 2390 1424 2433 pervenire.
1469 2388 1526 2424 Vi-

147 2456 229 2489 dens
257 2456 363 2501 igitur
388 2454 603 2500 Aphrodisia
628 2456 738 2499 ipsam
766 2453 970 2488 imniobilem
998 2463 1201 2498 permanere
1222 2453 1526 2494 dixitQuintiano:

147 2522 281 2554 iau-ilius
309 2525 451 2566 possunt
480 2531 565 2554 saxa
593 2520 717 2554 molliri
745 2524 778 2555 et
805 2521 929 2554 t'errtun
958 2521 989 2553 in
1016 2519 1145 2564 plumbi
1171 2519 1347 2554 ntollitiem
1360 2520 1525 2559 converti,

146 2596 245 2629 quam
273 2586 314 2619 ab
341 2587 529 2620 intentione
567 2585 757 2619 christiana
794 2596 888 2620 mens
918 2586 1018 2619 istius
1044 2585 1181 2630 puellae
1207 2585 1362 2625 converti
1385 2593 1445 2617 seu
1472 2595 1524 2617 re-

147 2652 272 2684 vocari.
323 2651 418 2684 Tum¹
447 2652 650 2691 Quintianus
679 2651 757 2686 tecit
790 2662 863 2685 eam
901 2652 943 2685 ad
971 2662 1008 2685 se
1034 2650 1157 2684 adduci
1185 2654 1216 2682 et
1244 2650 1291 2682 ait
1319 2648 1385 2682 iiii:
1428 2649 1526 2693 cnjus

143 2715 350 2749 conditionis
377 2719 441 2748 vs?
506 2718 565 2749 tlui
594 2717 670 2749 ilia:
723 2728 786 2750 non
815 2717 924 2750 solum
950 2718 1121 2760 ingenua.
1176 2714 1235 2747 sed
1265 2719 1295 2747 et
1324 2714 1525 2758 spectabilis
