1742 3005
245 129 326 168 548
456 116 460 123 ¹
525 129 619 177 Cap.
654 126 822 163 CXXIV.
881 127 939 162 De
972 132 1102 162 sancto
1135 125 1357 173 Augustino.

247 238 337 270 sicut
366 234 532 278 episcopo
557 228 758 271 Hostiensl,
793 229 851 274 qni
884 232 966 262 tunc
999 237 1167 273 praesens
1203 233 1299 270 erat,
1337 228 1526 263 revelatum
1559 226 1634 262 fuit.

248 300 349 335 Venit
389 296 434 331 ad
468 294 717 341 pauperculum
751 293 940 328 thesaurus
974 292 1200 334 ditissimus„
1231 294 1324 327 venit
1367 294 1409 328 ad
1444 293 1634 339 ignobilem

249 363 508 410 pretiosissima
525 361 730 405 margarita,
757 359 851 393 venit
867 358 912 393 ad
930 362 1097 392 moestam
1114 356 1433 403 splendidissimum
1453 359 1633 393 luminare.

248 430 338 464 Aliis
365 429 472 473 igitur
497 430 648 472 quatuor
672 424 716 459 ad
743 424 904 458 diversas
929 427 1044 457 terras
1070 422 1231 457 euntibus
1259 426 1414 457 sanctum
1439 423 1635 468 apostolum

249 498 283 530 in
309 494 402 528 dieta
425 491 541 527 insula
566 491 792 536 reliquerunt.
841 489 975 524 Etenim
989 488 1189 533 praedictos
1210 487 1256 524 IV
1274 489 1434 523 martires
1452 488 1635 534 apostolus

249 560 451 604 relinquens
477 560 666 592 retrorsum
691 567 815 597 unum,
853 555 989 589 scilieet
1013 553 1201 599 Papinum,
1234 555 1268 588 in
1292 554 1467 589 civitatem
1495 553 1637 588 Siciliae

256 625 424 669 ¹)Milas,
472 623 575 657 alium
611 633 694 657 vero
736 621 971 665 ²)Lucianum
1020 620 1158 654 nomine
1199 618 1390 654 Messinam
1431 620 1636 658 transmisit,

251 691 406 735 reliquos
431 699 512 722 vcro
533 688 620 722 duos
640 689 673 721 in
693 685 941 721 Calabritidem
959 689 1088 719 terrani
1107 684 1246 726 direxit,
1274 684 1479 730 Gregorium
1498 684 1636 729 quidem

250 760 284 790 in
309 757 484 789 civitatem
513 752 734 793 Columnam,
770 750 954 785 Achatium
983 754 1097 783 autem
1124 751 1156 783 in
1182 751 1378 791 civitatem,
1413 760 1504 795 quae
1530 749 1637 784 Chale

251 824 416 860 vocatur,
451 818 509 864 qui
534 827 644 862 usque
670 815 776 850 hodie
801 815 986 860 suffragiis
1020 815 1093 848 suis
1121 814 1317 858 splendent.
1367 816 1558 860 Susceptus
1585 818 1639 849 est

250 888 361 932 igitur
394 894 468 918 cum
501 882 616 916 multis
651 881 810 926 hymnis,
843 880 1007 914 laudibus
1042 884 1076 914 et
1112 879 1266 914 candelis
1305 883 1340 914 et
1373 881 1536 925 templum
1570 881 1637 914 sibi

251 949 435 997 magnifice
460 948 666 982 fabricatur.
715 946 820 982 Mons
846 950 959 981 autem
986 945 1160 980 Vulcanus
1193 944 1329 980 insulae
1353 947 1539 991 contiguus
1565 957 1638 980 euni

251 1015 510 1052 habitatoribus
535 1017 629 1048 esset
660 1014 802 1047 nocivus
833 1022 895 1053 eo,
935 1011 1026 1055 quod
1062 1013 1175 1056 ignem
1209 1011 1406 1054 emittebat,
1443 1013 1544 1057 quasi
1577 1023 1641 1056 per

251 1081 367 1116 stadia
392 1084 525 1124 septem
551 1089 590 1113 se
615 1077 843 1112 invisibiliter
867 1077 1048 1121 elongavit
1073 1078 1167 1111 eirea
1192 1087 1286 1111 mare
1310 1088 1515 1122 suspensus,
1541 1079 1640 1111 itaut

252 1156 362 1192 usque
405 1144 511 1179 hodie
551 1146 723 1189 appareat
761 1142 960 1176 videntibus
999 1143 1100 1187 quasi
1135 1141 1298 1187 figuratio
1333 1143 1501 1188 fugientis
1533 1144 1638 1187 ignis

250 1212 348 1246 Nunc
373 1211 482 1256 igitur
507 1219 574 1244 ave
598 1220 618 1243 ο
639 1209 742 1243 beato
761 1207 954 1249 beatorum,
979 1211 1034 1241 ter
1049 1207 1151 1241 beate
1168 1207 1427 1250 Bai-tholomee,
1454 1209 1511 1253 qui
1530 1219 1566 1242 es
1585 1207 1637 1241 di-

252 1280 353 1311 vinae
394 1276 482 1310 lucis
525 1274 717 1320 splendor,
757 1277 901 1307 sanctae
947 1272 1120 1307 ecelesiae
1161 1274 1334 1316 piscator,
1379 1274 1638 1309 rationabilium

250 1344 396 1388 piscium
426 1342 584 1386 3)perite
616 1344 801 1384 capturae,
838 1337 950 1372 dulcis
983 1337 1117 1371 fruetus
1149 1338 1288 1373 vividae
1314 1339 1485 1383 palmitis,
1519 1341 1639 1374 vulne-

252 1413 349 1443 rator
374 1407 515 1453 dyaboli
542 1405 702 1440 mundum
727 1415 790 1439 suo
807 1403 993 1438 latrocinio
1011 1403 1237 1437 vulnerantis.
1287 1403 1450 1439 (iaudeas
1469 1406 1521 1440 sol
1542 1406 1638 1440 orbis

250 1479 368 1509 torrae
392 1476 517 1508 euncta
533 1471 744 1513 illuminans,
772 1480 812 1503 os
832 1469 898 1504 Dei
930 1469 1052 1514 lingua
1086 1469 1198 1514 ignita
1225 1471 1432 1514 sapientiam
1464 1481 1638 1516 promens,

252 1539 331 1572 fons
354 1539 490 1583 jugiter
522 1538 707 1571 sanitatem
743 1545 929 1575 emanans,
967 1536 1025 1579 qui
1068 1544 1163 1569 mare
1207 1536 1416 1571 meabilibus
1455 1538 1639 1583 gressibus

254 1603 492 1643 sanctificasti,
515 1603 613 1646 ⁴)qui
631 1605 759 1636 terram
781 1610 989 1646 purpuream
1008 1605 1068 1634 tuo
1089 1611 1213 1635 cruore
1232 1601 1358 1644 fecisti,
1376 1604 1433 1647 qui
1455 1604 1499 1637 ad
1520 1604 1639 1638 caelos

255 1669 468 1709 commeasti,
500 1667 559 1701 ubi
586 1668 620 1699 in
645 1665 758 1699 medio
789 1666 968 1710 ⁵)divinae
994 1668 1083 1700 aciei
1106 1667 1274 1713 refulges,
1303 1669 1337 1701 in
1363 1668 1550 1713 splendore
1576 1671 1639 1703 im-

252 1733 504 1768 marcescibilis
531 1732 666 1777 gloriae
694 1730 879 1775 splendes,
913 1734 946 1764 in
975 1733 1208 1767 exsultatione
1236 1733 1467 1776 jucunditatis
1493 1735 1638 1769 insatia-

253 1799 333 1832 bilis
359 1798 508 1843 gaudes.
556 1797 647 1831 llaec
675 1795 898 1832 Theodorus.

682 2080 807 2141 GAP.
844 2081 1028 2142 cxxiv.
1063 2081 1202 2142 (119.)

492 2180 601 2223 De
642 2181 911 2224 sancto
950 2179 1406 2237 Augustino.

340 2284 558 2329 Augustinus
597 2284 661 2319 lior
695 2296 816 2321 nomen
852 2288 996 2321 sortitus
1030 2291 1083 2321 est
1119 2287 1172 2321 vel
1210 2291 1355 2332 propter
1395 2265 1636 2321 excellenilani

251 2348 433 2394 dignitatis
459 2349 511 2383 vel
538 2354 682 2395 propter
706 2351 878 2385 fervorem
905 2352 1103 2387 dilectionis
1136 2354 1189 2388 vcl
1215 2357 1361 2397 propter
1391 2351 1635 2398 etymologiam

250 2415 409 2447 nominis.
470 2413 619 2459 Propter
654 2416 922 2459 excellentiam,
967 2419 1149 2462 quoniam,
1192 2419 1283 2452 sicut
1318 2419 1498 2463 Augustus
1532 2426 1634 2461 prae-

248 2477 399 2511 cellebat
424 2490 542 2513 omnes
570 2491 686 2525 reges,
715 2483 819 2515 sicet
844 2483 910 2516 iste
934 2482 1074 2516 excellit
1099 2493 1218 2516 omnes
1247 2482 1421 2525 doctores,
1447 2480 1632 2516 seeundum

249 2542 340 2585 (pind
367 2543 453 2577 dicit
479 2544 671 2590 Remigius.
719 2545 815 2580 Unde
850 2547 909 2580 alii
950 2547 1113 2582 doctores
1146 2551 1392 2592 comparantur
1416 2546 1540 2586 stellis,
1564 2545 1633 2578 lla-

317 2620 341 2648 1)
369 2621 441 2646 Alii:
469 2622 582 2649 Miles
610 2623 659 2648 wi
687 2624 810 2651 Miles.
922 2627 949 2657 2)
976 2625 1050 2652 Alii:
1079 2624 1282 2651 Lueiannm
1312 2624 1420 2654 lugunt.
1525 2624 1553 2651 3)
1580 2622 1632 2650 llil.

244 2665 286 2689 pn
313 2663 402 2686 „„,1,..
440 2666 655 2696 pariturae,
761 2672 789 2701 4)
816 2669 927 2694 γνώω
966 2670 1030 2701 qni
1058 2683 1086 2689 —
1117 2666 1345 2694 romunt-nuti
1372 2666 1480 2692 ‹nnittit
1513 2667 1562 2693 l¹.'‹l.
1589 2671 1631 2694 i'r.

244 2707 679 2737 r.·t‹.·‹t.1·r·3.v··.intrii.
