1742 3005
315 53 412 105 Cap.
432 52 607 91 valn.
666 51 725 91 De
753 52 971 92 inventione
1001 61 1155 92 sauctae
1184 55 1317 95 crucis.
1433 56 1511 95 307

120 155 291 191 Silvestre
307 164 401 201 papa
416 155 629 192 christianus
648 156 793 192 effectus
818 161 883 201 est,
909 162 1024 193 utrum
1040 162 1154 193 autem
1169 157 1380 205 baptismum
1399 159 1512 196 distu—

120 221 181 262 lit,
214 221 251 255 in
270 220 411 256 dubium
443 223 612 264 vertitur,
647 222 739 258 unde
773 222 816 258 de
850 223 913 258 illa
939 223 1093 269 legenda
1117 226 1229 259 sancti
1254 225 1419 261 Silvestri
1445 237 1514 272 quo

119 286 166 321 ad
201 286 303 331 plura
335 287 498 322 similiter
532 287 722 322 dubitatur.
771 286 864 322 Haec
900 289 1010 334 igitur
1042 289 1201 334 hystoria
1235 290 1278 326 de
1310 293 1514 327 inventione

118 356 265 386 sanctae
292 354 428 396 crucis,
455 362 546 398 quae
575 352 889 389 inecclesiasticis
915 353 1084 397 hystoriis
1108 357 1304 398 invenitur,
1329 358 1385 391 cui
1413 359 1516 392 etiam

120 422 316 460 conso-nant
344 417 543 460 chronicae,
570 417 708 453 videtur
734 428 813 452 esse
837 419 951 463 magis
978 418 1182 454 authentica
1207 430 1308 465 quam
1325 421 1398 463 illa,
1426 433 1516 468 quae

119 492 183 527 per
207 483 376 518 ecclesias
402 485 582 518 recitatur.
633 482 779 516 Constat
802 484 892 516 enim
921 483 1030 517 multa
1053 483 1186 519 ibidem
1211 495 1303 527 esse,
1331 496 1422 531 quae
1446 499 1517 522 non

120 552 317 582 consonant
343 549 502 589 veritati,
527 548 597 581 nisi
621 546 713 581 sorte
739 548 817 591 quis
845 547 951 582 vellet
977 547 1114 591 dicere,
1141 553 1179 583 ut
1203 552 1366 594 superius
1389 552 1516 586 dictum

120 617 186 655 est,
214 613 307 658 quod
328 623 398 647 non
421 611 488 646 fuit
513 612 775 654 Constantinus,
802 612 865 646 sed
892 612 1141 648 Constantinus
1167 620 1270 659 pater
1295 617 1393 662 ejus;
1422 618 1516 662 quod

119 683 236 712 tamen
265 677 406 711 multum
446 676 683 712 authenticum
709 688 780 712 non
804 677 964 722 videtur,
1003 679 1087 713 licet
1110 681 1146 713 in
1172 681 1379 725 quibusdam
1404 683 1515 717 ultra-

119 744 262 777 marinis
295 742 462 787 hystoriis
492 744 544 777 sic
569 743 720 788 legatur.
771 742 853 777 Cum
887 748 1003 778 autem
1034 743 1168 780 Helena
1190 745 1386 781 Jerusalem
1408 747 1517 783 adve-

119 810 244 850 nisset,
269 819 388 843 omnes
414 808 627 844 Judaeorum
653 810 845 854 sapientes,
872 811 931 854 qui
956 820 1020 854 per
1042 814 1152 844 totam
1177 812 1358 856 regionem
1383 814 1517 857 reperti

119 878 221 916 sunt,
257 873 303 908 ad
338 884 376 909 se
412 876 626 920 congregari
654 876 847 919 praecepit.
894 874 987 908 Haec
1015 879 1131 909 autem
1156 875 1288 910 Helena
1316 879 1413 921 prius
1441 883 1515 912 sta-

117 939 258 973 bularia
282 939 417 982 suerat,
452 939 516 974 sed
548 924 694 984 propter
724 940 802 984 ejus
833 939 1127 984 pulchritudinem
1157 940 1406 976 Constantinus
1440 952 1516 977 eam

118 1004 188 1039 sibi
221 1006 421 1046 confinxit,
458 1004 648 1039 secundum
693 1005 787 1050 quod
827 1004 913 1039 dicit
948 1005 1158 1041 Ambrosius
1194 1008 1229 1040 in
1263 1006 1350 1042 haec
1391 1007 1517 1042 verba:

119 1070 349 1106 stabulariam
377 1069 467 1105 hanc
504 1070 615 1104 fuisse
647 1075 833 1113 asserunt,
873 1070 938 1106 sed
977 1072 1163 1116 conjuncta
1195 1077 1251 1106 est
1286 1072 1516 1107 Constantino

119 1137 263 1177 seniori,
294 1137 352 1181 qui
378 1140 506 1180 postea
530 1146 675 1181 regnum
700 1136 849 1181 adeptus
876 1140 950 1171 est:
975 1135 1070 1170 bona
1093 1136 1303 1180 stabularia,
1332 1148 1421 1183 quae
1445 1143 1517 1172 tam

119 1201 312 1247 diligenter
336 1211 509 1246 praesepe
534 1201 665 1236 domini
687 1203 893 1246 requisivit,
925 1200 1019 1236 hona
1048 1201 1265 1245 stabularia,
1301 1213 1391 1248 quae
1421 1203 1517 1237 illum

120 1266 350 1301 stabularium
372 1278 443 1301 non
468 1268 667 1313 ignoravit,
705 1267 765 1311 qui
796 1266 939 1300 vulnera
967 1268 1103 1301 curavit
1127 1277 1149 1302 a
1171 1267 1369 1302 latronibus
1394 1268 1516 1303 vulne-

121 1333 208 1374 ratI,
237 1333 332 1366 hona
361 1332 581 1374 stabularia,
623 1341 713 1376 quae
745 1331 867 1365 maluit
900 1332 1016 1365 omnia
1046 1333 1235 1368 aestimare
1267 1337 1445 1376 stercora,
1480 1338 1518 1368 ut

125 1397 299 1431 Christum
329 1397 571 1432 lucrifaceret:
611 1397 692 1431 ideo
729 1396 825 1431 illam
856 1396 1016 1431 Christus
1048 1396 1091 1431 de
1123 1402 1279 1434 stercore
1309 1399 1442 1433 levavit
1472 1398 1518 1433 ad

122 1474 279 1509 regnum.
327 1462 421 1498 Haec
447 1467 562 1497 autem
588 1462 806 1497 Ambrosius.
853 1462 926 1497 Alii
957 1473 1039 1497 vero
1064 1468 1227 1498 asserunt
1250 1468 1285 1498 et
1307 1465 1343 1498 in
1368 1464 1517 1509 quadam

122 1527 291 1562 chronica
316 1530 403 1562 satis
429 1528 631 1564 authentica
654 1528 803 1573 legitur,
829 1528 921 1573 quod
951 1530 1030 1572 ipsa
1054 1527 1187 1562 Helena
1206 1528 1273 1563 suit
1289 1528 1362 1564 filia
1387 1529 1517 1574 ¹)Clo-

123 1593 214 1628 helis
247 1595 344 1639 regis
375 1593 578 1636 Britonum,
619 1603 721 1639 quam
754 1593 1003 1627 Constantinus
1035 1594 1071 1627 in
1105 1592 1323 1629 Britanniam
1359 1597 1517 1637 veniens,

122 1669 199 1694 cum
227 1663 324 1693 esset
347 1661 452 1695 unica.
474 1660 568 1704 patri
593 1669 676 1701 suo,
702 1658 803 1693 duxit
826 1669 982 1701 uxorem,
1010 1659 1101 1694 unde
1129 1661 1246 1695 insula
1270 1665 1352 1705 post
1374 1665 1518 1696 mortem

125 1725 282 1760 Clohelis
313 1726 383 1763 sihi
415 1725 563 1760 devenit.
613 1724 684 1760 Hoc
716 1728 751 1759 et
773 1726 845 1770 ipsi
867 1724 1032 1760 Britones
1057 1729 1286 1769 attestantur,
1317 1726 1401 1761 licet
1433 1726 1520 1761 alibi

121 1790 283 1837 legatur,
310 1790 404 1836 quod
428 1790 535 1826 fuerit
556 1790 793 1826 Trevirensis.
839 1789 965 1826 Judaci
989 1792 1098 1837 igitur
1124 1793 1265 1826 nimium
1291 1791 1519 1826 formidantes

124 1840 291 1891 dicebant
313 1856 359 1891 ad
382 1858 551 1892 invicem:
584 1866 693 1902 quare
721 1859 871 1902 putatis,
901 1856 995 1902 quod
1028 1858 1154 1903 regina
1183 1867 1249 1891 nos
1279 1857 1325 1892 ad
1348 1867 1388 1892 se
1413 1857 1522 1891 faciat

125 1922 345 1956 convocari?
390 1921 486 1957 Unus
501 1926 615 1957 autem
633 1933 677 1958 ex
701 1924 745 1957 iis
769 1924 907 1957 nomine
933 1920 1045 1958 Judas
1072 1922 1178 1958 dixit:
1205 1924 1280 1959 scio
1305 1923 1410 1965 enim,
1437 1923 1522 1968 quia

124 1986 199 2022 vult
230 1996 253 2021 a
281 1987 385 2022 nobis
414 1987 570 2029 discere,
598 1988 741 2022 ubinam
772 1988 820 2022 sit
850 1986 984 2033 lignum
1015 1989 1149 2030 crucis,
1187 1989 1223 2022 in
1255 1998 1325 2033 quo
1359 1987 1519 2022 Christus

125 2051 309 2087 crucifixus
340 2051 418 2086 fuit.
465 2050 589 2092 Videte
622 2062 731 2098 ergo,
765 2062 811 2087 ne
845 2052 975 2097 aliquis
1013 2052 1084 2087 sibi
1113 2051 1273 2087 confiteri
1308 2054 1520 2096 praesumat,

129 2119 165 2163 2)
175 2119 206 2152 si
228 2128 298 2152 non
320 2121 449 2159 autem,
473 2117 671 2151 certissime
696 2118 836 2159 sciam,
868 2117 962 2163 quod
992 2116 1053 2151 lex
1073 2120 1196 2151 nostra
1226 2116 1456 2151 evacuabitur
1487 2118 1522 2150 et

125 2187 296 2228 paternae
335 2182 547 2217 traditiones
588 2182 745 2218 funditus
787 2182 1023 2218 destruentur.
1076 2182 1262 2217 Zachaeus
1300 2182 1392 2216 enim
1434 2189 1521 2216 avus

127 2258 224 2283 meus
253 2249 512 2292 praenuntiavit
543 2249 638 2293 patri
667 2259 744 2284 meo
770 2248 912 2293 S5m0ni
944 2252 979 2283 et
1002 2252 1104 2293 pater
1127 2249 1280 2282 moriens
1307 2246 1395 2281 dixit
1418 2246 1521 2280 mihi:

126 2313 225 2355 vide,
261 2311 329 2355 fili,
367 2312 507 2358 quando
537 2315 734 2358 inquiretur
765 2324 852 2349 crux
885 2312 1034 2355 Christi,
1060 2313 1156 2347 illam
1176 2311 1387 2353 manifesta,
1421 2314 1521 2345 ante-

128 2388 231 2424 quam
249 2377 369 2424 aliqua
383 2378 533 2422 patiaris
549 2382 738 2414 tormenta:
763 2389 934 2424 nusquam
951 2380 1040 2413 enim
1057 2383 1182 2413 extunc
1202 2386 1290 2424 gens
1309 2375 1523 2413 ,ludaeorum

127 2443 310 2490 regnabit,
341 2441 407 2478 sed
431 2442 502 2485 illi,
529 2444 590 2488 qui
617 2444 818 2479 crucifixum
843 2443 1010 2486 adorant,
1038 2444 1120 2488 quia
1142 2444 1221 2487 ipse
1245 2441 1405 2477 Christus
1429 2439 1521 2475 filius

127 2509 194 2546 Dei
211 2513 298 2545 erat.
334 2508 399 2544 Cui
415 2519 501 2555 ergo
518 2507 609 2543 dixi:
624 2513 727 2554 pater
737 2510 796 2552 mi,
811 2510 845 2543 si
860 2519 941 2544 vere
954 2511 1075 2553 patres
1089 2508 1204 2543 nostri
1215 2507 1334 2544 Jesum
1348 2506 1522 2542 Christum

197 2653 227 2687 l)
243 2653 304 2682 Alii
320 2653 422 2688 legunt
441 2653 588 2682 Chocli.
690 2653 720 2688 2)
739 2652 787 2681 Sic
806 2652 982 2687 legendum,
1002 2653 1092 2687 vulgo
1111 2651 1178 2681 sin.

1157 2705 1202 2740 20
1226 2703 1245 2725 *
