1742 3005
209 116 289 156 522
349 119 442 169 Cap.
476 116 611 153 CXlX.
654 115 710 151 De
742 115 975 151 assumtione
1016 119 1169 152 sanctae
1199 114 1341 152 Mariae
1373 111 1538 162 virginis.

209 224 299 257 done
326 220 550 259 remansisse,
600 219 679 261 ipsa
705 217 912 252 vestimenta
934 217 1045 253 dictus
1061 217 1241 253 Juvenalis
1257 214 1594 259 Constantinopolim

209 290 301 321 misit
327 290 361 320 et
387 287 420 318 in
449 283 543 317 dieta
569 283 722 317 ecclesia
749 283 942 318 honorilice
969 283 1198 320 collocantur.
1244 282 1313 317 Nec
1335 294 1387 317 me
1413 284 1594 327 quisquam

209 353 352 398 proprio
383 349 448 384 hee
485 349 675 383 arbitretur
709 359 814 383 sensu
850 348 1015 391 finxisse,
1057 349 1119 383 sed
1160 358 1202 383 ea
1236 350 1358 394 posui,
1401 358 1491 393 quae
1533 358 1596 391 per

207 419 398 453 doctrinam
432 419 466 449 et
493 414 641 449 studium
673 414 835 449 lec-tionis
863 425 980 449 eorum
1014 415 1144 458 didici,
1177 415 1236 460 qui
1269 414 1454 448 verissima
1484 412 1595 446 tradi-

206 487 302 518 tione
328 493 349 517 a
372 480 550 527 prioribus
577 484 798 525 aeceperunt.
847 479 1031 526 Hucusque
1058 484 1138 514 sunt
1162 478 1290 521 verba,
1317 488 1406 524 quae
1434 479 1468 511 in
1492 487 1595 522 prae-

207 552 301 586 dicto
329 558 487 583 sermone
513 546 696 581 habentur.
745 544 871 580 Verum
895 546 1075 582 Johannes
1097 546 1349 587 Damascenus,
1374 545 1434 590 qui
1460 547 1494 578 et
1519 544 1595 587 ipse

207 618 360 652 Graecus
390 614 535 654 exstitit,
566 612 667 657 plura
692 611 851 646 miranda
871 611 912 646 de
934 611 998 647 hac
1016 613 1260 648 sacratissima
1284 612 1433 656 virginis
1459 619 1594 643 assum-

205 683 301 716 tione
329 682 536 725 prosecutus
564 682 627 712 est.
676 676 736 711 Ait
767 679 858 711 enim
891 680 926 711 in
960 677 1180 712 sermonibus
1209 679 1302 712 suis:
1336 676 1442 711 hodie
1475 684 1594 709 saera-

206 747 342 780 tissima
369 746 470 789 virgo
497 742 642 776 coelesti
680 741 875 784 ¹)tl1ala1no
902 742 1096 785 invehitur,
1124 743 1231 778 hodie
1259 753 1360 778 sacra
1386 746 1420 777 et
1444 742 1597 775 animata

206 812 333 854 archa,
369 820 459 856 quae
493 809 585 842 intra
618 818 657 842 se
692 818 790 841 suum
822 808 902 842 tulit
938 807 1126 851 artificem,
1166 810 1201 842 in
1233 809 1362 853 templo
1395 819 1464 842 non
1494 816 1595 841 manu

206 881 300 914 sacto
337 877 539 921 reponitur,
573 873 678 908 hodie
713 875 953 908 sacratissima
987 874 1149 908 columba
1181 875 1347 908 innocens
1384 877 1417 907 et
1449 872 1595 917 simplex

206 945 349 981 evolans
376 953 418 977 ex
443 941 563 982 archa,
589 939 622 973 id
649 944 703 974 est
731 950 773 975 ex
798 950 965 985 corpore,
994 939 1086 985 quod
1112 940 1219 974 Deum
1245 940 1415 984 suscepit,
1442 937 1594 983 pedibus

206 1013 279 1046 suis
308 1010 462 1054 requiem
490 1006 683 1048 adinvenit,
710 1005 817 1040 hodie
843 1006 1063 1040 immaculata
1085 1008 1185 1052 virgo
1212 1010 1426 1040 terrenarum
1454 1004 1595 1049 passio-

205 1087 283 1111 num
317 1075 453 1116 nescia,
489 1074 556 1106 imo
591 1072 802 1106 coelestibus
837 1071 1073 1106 intellectibus
1099 1071 1236 1107 erudita
1259 1082 1328 1105 non
1357 1072 1436 1114 ²)in
1467 1074 1596 1105 terram

205 1143 312 1183 abiit,
349 1139 412 1174 sed
437 1149 520 1173 vere
547 1138 681 1172 coelum
707 1139 893 1172 animatum
920 1138 1101 1183 appellata
1135 1139 1167 1172 in
1192 1136 1406 1172 coelestibus
1430 1135 1596 1171 taberna-

205 1207 291 1242 culis
313 1206 461 1240 habitat.
510 1203 610 1238 Licet
628 1205 717 1238 enim
737 1203 946 1238 naturaliter
964 1204 1155 1237 sacerrima
1172 1203 1346 1248 beataque
1363 1204 1475 1236 anima
1495 1205 1555 1235 tua
1575 1213 1596 1235 a

203 1274 364 1320 glorioso
385 1275 444 1305 tuo
463 1280 612 1314 corpore
631 1273 817 1314 separetur
837 1273 871 1303 et
887 1268 1090 1313 sepulturae
1108 1278 1234 1313 corpus
1259 1268 1431 1310 tradatur,
1457 1278 1593 1302 verum—

203 1345 319 1374 tamen
353 1348 423 1371 non
457 1339 572 1370 manet
604 1337 638 1369 in
673 1339 784 1369 morte
818 1345 883 1369 nec
909 1334 1116 1369 dissolvitur
1141 1335 1175 1368 in
1201 1335 1437 1377 corruptione.
1487 1332 1594 1378 Cujus

204 1407 293 1441 enim
329 1403 499 1449 parientis
534 1402 721 1447 virginitas
755 1401 926 1434 inviolata
957 1401 1167 1445 permansit,
1206 1399 1311 1445 hujus
1346 1403 1380 1433 et
1412 1401 1595 1445 migrantis

204 1480 333 1515 corpus
364 1469 587 1503 irresolutum
615 1478 677 1512 per
701 1467 817 1501 omnia
844 1470 1049 1511 perseverat
1083 1469 1117 1501 et
1150 1464 1195 1500 ad
1230 1464 1406 1500 meliorem
1439 1467 1594 1501 sanctio-

205 1546 346 1581 remque
368 1536 473 1569 vitam
497 1533 749 1576 transducitur,
776 1544 845 1567 non
870 1537 980 1567 morte
1005 1532 1226 1574 dissolutum,
1256 1531 1319 1566 sed
1345 1533 1447 1566 etiam
1474 1533 1507 1566 in
1535 1542 1595 1567 ae-

202 1607 304 1637 terna
328 1599 471 1635 saecula
495 1609 768 1643 permansurum.
819 1599 916 1633 Sicut
942 1600 1029 1633 enim
1055 1598 1109 1632 sol
1136 1599 1203 1632 iste
1222 1597 1427 1642 splendidus
1448 1607 1488 1632 ac
1508 1598 1595 1632 luci-

203 1668 293 1702 ssuus
322 1669 354 1710 ³)
366 1665 548 1700 sublunari
575 1674 724 1708 corpore
749 1663 863 1697 latens
889 1663 933 1698 ad
959 1663 1100 1698 brevem
1126 1662 1246 1697 horam
1271 1663 1407 1698 videtur
1426 1663 1594 1709 quodam—

203 1732 306 1767 modo
335 1730 506 1772 deficere,
538 1733 653 1763 tamen
688 1730 766 1772 ipse
804 1738 867 1762 suo
901 1739 969 1763 non
1005 1730 1204 1773 privabitur
1238 1729 1364 1764 lumine
1398 1729 1532 1764 habens
1560 1731 1593 1764 in

202 1810 241 1833 se
268 1807 457 1842 perennem
482 1795 610 1830 sontem
637 1794 798 1835 luminis,
833 1795 884 1827 sic
911 1798 945 1829 et
969 1798 1026 1836 tu,
1066 1793 1144 1828 sons
1179 1796 1251 1828 veri
1276 1794 1435 1836 luminis,
1472 1795 1593 1828 incon-

203 1867 337 1897 sumtus
379 1863 472 1896 vitae
511 1860 722 1901 thesaurus,
758 1859 839 1894 licet
881 1859 1029 1904 quodam
1068 1858 1165 1893 brevi
1200 1859 1387 1894 intervallo
1425 1861 1592 1904 temporis

202 1927 438 1972 corporaliter
464 1927 566 1960 morti
593 1927 642 1960 sis
677 1924 842 1967 addicta,
882 1929 996 1959 tanwn
1032 1926 1177 1969 copiose
1211 1923 1314 1958 nobis
1351 1924 1503 1958 infundis
1538 1926 1591 1959 in-

203 1994 395 2029 deficientis
429 1992 566 2026 luminis
600 1991 809 2026 claritatem.
856 1990 941 2024 Hinc
977 2000 1080 2024 sacra
1110 1994 1172 2024 tua
1203 1989 1417 2024 obdormitio
1443 2000 1511 2024 non
1540 1995 1595 2025 est

202 2070 295 2094 mors
321 2057 556 2103 appellanda,
593 2056 655 2091 sed
684 2057 948 2106 transmigratio
984 2057 1059 2090 sive
1085 2065 1246 2090 recessus
1281 2066 1344 2089 seu
1369 2056 1482 2101 magis
1507 2067 1591 2100 pro-

203 2127 278 2170 prie
315 2124 499 2158 adventus.
547 2122 739 2157 Discedens
773 2123 861 2156 enim
890 2132 911 2156 a
936 2132 1086 2166 corpore
1111 2121 1256 2156 advenis
1281 2121 1403 2163 coelo,
1437 2120 1503 2155 tibi
1528 2122 1592 2156 ob-

203 2192 299 2224 xiant
322 2188 442 2235 angeli
469 2192 503 2223 et
527 2187 746 2233 archangeli,
774 2197 955 2229 ascensum
975 2191 1068 2221 tuum
1086 2186 1230 2221 horrent
1250 2188 1395 2232 spiritus
1416 2187 1591 2229 inmundi,

202 2267 271 2291 non
297 2256 392 2289 ivisti
418 2255 519 2299 virgo
546 2253 651 2288 beata
677 2254 711 2287 in
736 2253 883 2296 coelum,
910 2257 947 2287 ut
971 2252 1109 2298 llelyas,
1136 2263 1248 2297 neque
1273 2256 1310 2286 ut
1328 2252 1456 2287 Paulus
1482 2263 1592 2298 usque

205 2321 250 2356 ad
277 2323 416 2356 tertium
442 2319 576 2354 coelum
603 2318 838 2361 adscendisti‚
865 2318 927 2353 sed
952 2329 1063 2363 usque
1089 2318 1132 2351 ad
1160 2318 1314 2364 regalem
1342 2318 1502 2353 thronum
1530 2319 1590 2352 tilii

200 2389 250 2422 tui
279 2388 443 2433 attigisti.
490 2384 590 2421 Mors
618 2384 764 2418 aliorum
799 2389 998 2419 sanctorum
1032 2383 1251 2419 benedicitur
1276 2394 1340 2427 eo,
1376 2384 1470 2429 quod
1493 2386 1590 2429 ipsos

200 2454 325 2486 beatos
351 2451 515 2493 exhibet,
549 2452 582 2484 in
607 2454 642 2485 te
667 2453 780 2484 autem
807 2450 873 2484 hoc
898 2450 1009 2484 locum
1038 2460 1105 2484 non
1133 2449 1260 2492 habet,
1295 2460 1388 2484 mors
1415 2450 1503 2484 enim
1529 2453 1587 2483 tua

201 2528 263 2551 nce
288 2517 468 2552 beatitudo
496 2521 575 2559 tua,
608 2526 670 2551 nec
702 2517 968 2561 transmigratio
1001 2519 1080 2559 tua,
1119 2526 1182 2550 nec
1214 2515 1388 2560 profectio
1413 2518 1492 2555 tua,
1524 2513 1585 2547 sed

202 2592 263 2614 nee
300 2592 460 2617 recessus
493 2582 645 2628 largitur
681 2582 744 2616 tibi
778 2581 1006 2618 beatitudinis
1045 2582 1290 2623 securitatem,
1326 2580 1472 2614 onmium
1499 2580 1586 2612 enini

269 2681 296 2711 1)
322 2680 375 2706 Ed.
396 2685 437 2706 t'r.
458 2681 534 2706 male
565 2682 712 2716 templo
732 2682 811 2715 legit.
915 2684 943 2715 2)
966 2681 1015 2708 [tl.
1037 2685 1079 2708 Pr.
1100 2681 1165 2707 loco
1184 2679 1360 2706 verborum:
1390 2677 1426 2703 in
1466 2688 1480 2703 o:
1491 2686 1502 2703 r
1514 2686 1546 2703 ra
1558 2687 1585 2703 ιιι

201 2737 214 2748 ,ι
226 2723 259 2750 bi
272 2723 297 2750 it
318 2722 420 2751 oss'ertz
443 2724 449 2750 i
462 2735 476 2751 ιι
490 2730 497 2751 t
509 2737 523 2749 ι·
535 2735 546 2752 r
557 2725 599 2752 ιιιί
613 2736 628 2752 ιι
641 2736 654 2751 ιι
667 2737 683 2753 v
696 2727 703 2753 i
715 2731 734 2756 t.
846 2729 874 2760 ,5)
893 2726 945 2753 lad.
967 2730 1010 2753 l'r.
1030 2725 1123 2753 111a1e;
1150 2723 1218 2751 sul)
1231 2721 1372 2750 limari.
