1742 3005
6 166 10 170 ⁴
43 126 142 175 Cap.
161 123 366 161 CCXLlll.
396 122 483 160 Vita
500 128 538 159 et
553 121 789 158 conversatio
811 124 930 157 sancti
946 121 1108 157 Romani
1125 122 1285 159 abbatis.
1335 123 1415 162 957

39 232 118 255 ratus
143 226 265 254 favente
288 226 410 254 domino
433 226 647 253 monasterium
671 225 774 252 statuit
791 224 893 257 ibique
912 224 1034 251 domino
1053 225 1215 253 :nihii-inte
1234 227 1379 262 plurimos
1398 240 1413 255 η

39 273 149 301 saeculi
167 273 300 300 vanitate
319 280 479 298 conversos
497 271 537 297 ad
555 271 683 304 quietem
712 274 741 296 et
759 269 890 296 sobriam
909 270 1167 298 conversacionem
1186 272 1306 299 monitis
1326 273 1413 301 simul

39 324 68 345 et
86 317 232 353 exemplis
250 321 430 352 provocatos
448 315 583 342 adduxit.
620 317 685 350 Quo
704 314 770 340 loco
790 313 917 340 habetur
935 315 1059 341 basilica
1078 317 1140 349 ejus
1154 316 1413 352 nomiuetitulata,

38 372 125 396 quain
142 361 376 393 miraculorum,
400 370 475 394 quae
500 370 552 395 per
578 369 645 386 eum
670 358 808 385 dominus
834 358 873 384 ad
899 358 1019 386 laudem
1045 360 1173 387 nominis
1201 362 1247 388 sui
1265 368 1412 396 operatur,

37 407 196 442 privilegio
221 405 364 433 nobiliter
387 405 552 437 insignivit.
588 407 736 438 Tempore
762 407 861 430 autem
884 403 965 430 vitae
992 413 1062 431 suae
1081 405 1201 440 expleto
1223 407 1412 435 beatissimus

38 455 187 479 Romanus
204 450 261 478 Dei
279 450 493 484 omnipotentis
511 448 641 477 famulus
659 452 729 483 post
747 447 908 480 gloriosam
934 452 962 474 et
988 449 1108 483 plenam
1126 450 1289 479 virtutibus
1308 452 1411 486 vitam,

37 501 107 532 post
123 496 307 523 innumeram
324 494 547 522 multitudinem
564 493 645 520 vitae
664 498 801 519 aeternae
820 492 996 526 acquisitam
1023 503 1056 519 :ic
1074 494 1283 523 miraculorum
1301 498 1411 525 multo-

36 551 101 568 rum
123 539 376 576 perpetrationem
399 544 604 566 consummato
629 537 757 565 viriliter
780 537 962 564 monasticae
988 537 1185 572 professionis
1211 540 1356 568 curriculo
1381 547 1410 569 et

36 584 149 612 dudum
175 589 316 620 exoptato
340 583 465 611 transitu
490 583 572 610 felici
596 582 737 610 coelestia
764 586 903 616 captans,
936 587 1052 609 terrena
1079 582 1289 618 derelinquens
1312 587 1409 620 pridie

35 629 175 657 calendas
198 629 298 657 Martii
319 628 458 661 migravit
481 628 520 655 ad
545 627 707 656 dominnm.
743 627 883 661 Sepultus
909 637 981 654 vero
1008 632 1052 655 est
1077 627 1108 654 in
1126 628 1192 663 ipsa
1210 639 1264 656 sua
1282 631 1408 658 basilica

34 684 51 701 a
73 673 215 702 fratribus
241 673 302 702 suis
328 677 358 700 et
379 673 410 700 in
436 673 542 700 eodem
567 675 634 699 loco
657 672 739 698 beati
764 671 822 698 viri
847 680 954 707 corpus
982 682 1036 708 per
1059 672 1174 706 aliquot
1198 683 1291 702 annos
1319 676 1408 709 digna

33 719 225 746 veneratione
249 722 399 746 servatum
422 723 476 747 est.
507 721 622 745 'Verum
648 717 717 750 quia
743 717 957 745 inconveniens
977 723 1006 745 et
1024 718 1200 746 damnosum
1220 725 1291 753 erat,
1310 729 1407 748 sacra-

32 763 139 791 tissimi
164 763 297 798 corporis
320 763 491 790 thesaurum
516 763 568 789 diu
592 761 623 789 in
648 762 715 789 Ioco
737 762 836 789 minus
871 763 982 790 celebri
1011 763 1168 798 minusque
1198 770 1271 792 noto
1304 766 1406 799 latere,

30 813 182 836 crescente
206 807 342 836 fidelium
364 808 526 835 devotione
552 816 660 842 corpus
686 808 768 835 beati
784 808 842 835 viri
861 808 898 835 de
918 808 983 835 loco
1002 809 1160 844 primariae
1179 810 1349 845 sepulturae
1367 812 1406 838 ad

30 854 135 881 urbem
160 853 401 881 Autissiodorum
426 857 455 879 et
481 851 512 878 in
536 852 663 879 ecclesia
692 853 788 880 sancti
811 853 960 880 Amatoris
984 854 1147 881 honorifice
1170 855 1324 882 conditum
1348 861 1402 884 est.

30 902 181 926 Postremo
207 897 336 932 deniqne
360 902 432 932 post
455 897 568 932 aliquot
595 907 688 925 annos
714 908 781 925 cum
806 898 872 925 odis
899 908 933 925 ac
958 898 1148 934 lampadibus
1173 910 1207 926 ac
1233 900 1404 928 divinorum

30 943 206 977 hymnorum
222 943 354 970 melodia
371 942 410 969 ad
428 942 606 970 coenobium
624 942 706 969 beati
723 943 861 969 Germani
880 943 1014 978 ejusdem
1032 944 1114 971 urbis
1134 946 1285 978 quondam
1302 948 1403 982 ponti<

28 988 93 1016 ficis
117 987 267 1015 miraculis
292 987 515 1014 coruscantibus
541 987 732 1022 deportatum
757 992 802 1014 est
828 992 916 1021 atque
940 989 1102 1016 honorifice
1127 990 1267 1018 collatum
1287 996 1332 1019 est
1349 1002 1403 1027 per

28 1033 151 1066 gratiam
171 1032 284 1060 domini
303 1032 396 1059 nostri
414 1035 483 1060 Jesu
504 1031 624 1064 Christi,
648 1032 695 1058 cui
722 1031 760 1058 sit
785 1032 881 1059 honor
899 1038 929 1059 et
949 1034 1042 1065 gratia
1061 1044 1114 1069 per
1133 1035 1247 1062 infinita
1267 1037 1394 1064 saeculo-

28 1088 92 1105 rum
109 1077 237 1106 saecula.
272 1080 376 1104 Amen.

369 2537 434 2555 ’ΞΟ

479 2675 509 2690 ν’.

503 2713 533 2735 *n

335 2735 540 2782 D‘QSds'ffid
556 2745 659 2781 typis
693 2748 822 2775 Caroli
853 2750 1054 2784 Ramming.
