1742 3005
281 120 362 161 274
474 120 571 169 Cap.
602 117 723 155 LX11.
782 116 840 154 De
871 115 1013 165 virgine
1043 114 1208 166 quadam
1240 114 1486 153 Antiocliena.

283 221 572 272 quemadmodum
597 231 694 267 spem
722 220 900 255 eastitatis
924 219 1131 265 religionem
1157 218 1343 263 tollerent,
1380 222 1416 253 ut
1447 229 1521 253 cum
1549 217 1585 252 id
1611 218 1673 252 ab-

285 291 487 331 stulissent,
515 286 608 334 quod
634 290 710 322 erat
733 285 903 331 amplius,
932 285 1035 319 etiam
1060 283 1095 318 id
1117 285 1307 328 eriperent,
1331 284 1425 330 quod
1453 284 1674 329 derelinque-

283 360 370 391 rent.
418 356 489 391 Aut
512 351 713 390 sacrificare
738 352 907 398 virginem
935 350 1172 395 autlupanari
1194 351 1358 394 prostitui
1378 349 1533 395 jubetur.
1582 350 1675 390 Quo--

285 421 388 456 modo
413 421 532 455 colunt
556 419 652 454 Deos
678 427 781 459 suos,
819 418 878 462 qui
903 417 956 451 sic
981 416 1177 458 vindicant,
1211 419 1272 450 aut
1299 415 1585 461 quemadmodum
1609 417 1677 461 ipsi

288 489 415 529 vivunt,
441 487 499 531 qui
523 486 574 519 ita
593 485 784 530 judicant?
832 483 926 518 Haec
951 483 1090 528 puella,
1118 493 1188 516 non
1213 481 1307 528 quod
1338 481 1381 516 de
1406 481 1580 527 religione
1604 492 1675 516 am—

285 553 444 599 bigeret,
481 550 544 585 sed
570 551 662 597 quod
689 551 732 585 de
766 549 901 595 pudore
927 549 1145 594 trepidaret,
1174 550 1253 593 ipsa
1277 558 1393 583 secum
1417 549 1547 593 inquit:
1595 548 1679 594 quid

285 620 424 664 agimus
450 617 586 652 bodie?
613 621 673 651 aut
699 617 821 650 martir
846 620 906 650 aut
929 616 1049 660 virgo,
1073 614 1186 649 altera
1210 614 1313 648 nobis
1338 614 1514 649 invidetur
1538 624 1676 648 eoi-ona.

286 684 358 719 Sed
384 694 447 717 nec
475 684 623 728 virginis
649 692 775 716 nomen
801 682 1023 726 agnoscitur,
1048 681 1108 714 ubi
1134 682 1347 726 virginitatis
1372 685 1493 715 auctor
1516 685 1677 726 negatur.

286 750 370 784 Nam
408 746 695 794 quemadmodum
732 747 857 792 virge,
905 747 935 779 si
971 747 1188 780 meretricem
1232 746 1349 787 00105,
1394 746 1680 791 quemadmodum

284 817 399 861 virgo,
425 815 455 847 si
481 812 676 847 adulterum
703 811 844 857 diligas,
871 809 1159 857 quemadmodum
1184 813 1298 857 virgo,
1326 812 1357 845 si
1381 821 1532 846 amorem
1552 814 1681 857 petas?

287 879 528 915 Tolerabilius
556 882 610 913 est
633 881 779 912 mentem
806 878 975 922 virginem
1005 887 1105 922 quam
1134 887 1271 911 carnem
1302 876 1447 912 habere.
1495 876 1682 923 Utrumque

286 947 434 986 honum,
461 947 492 979 si
513 944 637 983 liceat,
675 947 710 977 et
735 944 765 976 si
791 953 859 976 11011
883 943 1008 983 110001,
1047 942 1171 977 saltem
1194 954 1263 977 non
1288 943 1419 977 homini
1445 947 1583 981 castae,
1619 944 1680 979 sed

286 1014 359 1047 Deo
387 1013 506 1045 simus.
553 1008 598 1044 Et
617 1008 714 1043 Raab
742 1010 907 1043 meretrix
932 1008 1018 1050 fuit,
1056 1008 1119 1042 sed
1145 1013 1328 1054 postquam
1354 1009 1493 1043 domino
1521 1009 1681 1044 credidit.

287 1079 434 1112 salutem
458 1076 603 1109 invenit.
650 1073 694 1108 Et
718 1073 840 1108 Judnh
869 1085 928 1116 se,
955 1079 992 1108 ut
1017 1074 1180 1109 adultero
1209 1074 1383 1119 placeret,
1411 1077 1566 1117 ornavit,
1593 1087 1683 1122 quae

284 1150 401 1178 tamen
427 1143 510 1188 quia
533 1140 601 1175 1100
626 1139 802 1184 religione
829 1150 897 1173 11011
923 1149 1040 1174 0111010
1067 1139 1232 1181 faciebat,
1261 1151 1360 1174 1101110
1389 1150 1463 1175 00111
1489 1142 1682 1176 adulteram

283 1208 481 1255 judicabat.
529 1206 626 1241 Bene
650 1206 822 1240 successit
847 1205 1059 1249 exemplum,
1095 1214 1174 1238 nam
1212 1206 1243 1238 si
1268 1205 1350 1246 illa,
1386 1217 1475 1251 quae
1512 1218 1550 1242 se
1587 1219 1679 1242 eoni-

282 1265 381 1309 misit
415 1273 602 1319 religioni,
642 1275 676 1305 et
707 1270 875 1316 pudorem
903 1271 1057 1305 servavit
1091 1274 1125 1304 et
1150 1272 1317 1315 patriam,
1354 1270 1518 1306 fortassis
1552 1277 1585 1307 et
1617 1284 1681 1307 1105

288 1339 462 1376 servando
496 1338 703 1384 religionem
738 1336 957 1372 servabimus
992 1338 1095 1371 etiam
1129 1337 1337 1371 castitatem.
1396 1337 1528 1378 Quodsi
1562 1337 1682 1373 Judith

286 1406 493 1451 pudicitiam
519 1404 687 1450 religioni
711 1402 895 1448 praeferre
920 1403 1110 1444 voluisset,
1143 1402 1285 1447 perdita
1310 1404 1423 1448 prima
1453 1405 1556 1438 etiam
1580 1404 1681 1449 pudiss

287 1474 403 1506 citiam
427 1470 655 1516 perdidisset.
704 1469 825 1515 ltaque
846 1469 977 1504 talibus
1005 1469 1193 1503 informata
1220 1469 1388 1513 exemplis
1405 1469 1551 1505 silenter
1568 1472 1681 1504 animo

287 1542 411 1571 ‘tenens
443 1535 553 1570 verba
585 1536 736 1578 domini,
780 1534 905 1581 quihus
949 1536 1021 1569 ait:
1068 1536 1263 1580 quicunque
1303 1534 1499 1579 perdiderit
1534 1538 1681 1570 animam

288 1613 385 1637 suam
411 1605 556 1648 propter
580 1611 651 1643 me,
686 1603 839 1636 inveniet
865 1611 959 1643 00111,
993 1600 1091 1636 flevit
1125 1605 1159 1636 et
1182 1602 1314 1643 tacuit,
1351 1612 1394 1636 ne
1427 1611 1501 1635 eam
1536 1602 1591 1637 vel
1626 1603 1680 1636 lo-

288 1672 447 1715 quentem
474 1666 612 1701 adulter
644 1665 804 1707 audiret,
842 1676 906 1699 nec
939 1666 1086 1710 pudoris
1120 1666 1229 1713 elegit
1259 1669 1421 1713 injuriam
1455 1667 1518 1702 sed
1553 1667 1682 1703 Christi

288 1735 473 1770 recusavit.
522 1732 737 1772 Aestimate,
768 1735 880 1773 utrum
906 1731 1106 1766 adulterare
1134 1735 1288 1776 potuerit
1313 1743 1481 1779 corpore,
1508 1744 1683 1780 1111001101·

288 1810 372 1835 voce
409 1799 630 1833 adulteravit.
678 1796 885 1832 Jamdudum
917 1796 1222 1831 verecundabatur
1253 1800 1368 1832 oratio
1398 1809 1475 1834 mea
1511 1805 1545 1834 et
1581 1801 1681 1845 quasi

288 1865 388 1900 adire
415 1868 595 1910 gestorum
621 1863 747 1897 seriem
775 1863 996 1897 criminosam
1021 1867 1126 1908 atque
1143 1862 1333 1908 explanare
1352 1863 1526 1898 formidat.
1578 1865 1680 1899 Clau-

288 1930 360 1965 dite
388 1940 504 1972 aureS‚
532 1932 686 1975 virgines
710 1929 794 1964 Dei!
822 1929 961 1963 ducitur
987 1928 1184 1973 puellallei
1211 1928 1255 1963 ad
1282 1929 1440 1974 lupanar,
1466 1929 1529 1963 sed
1548 1932 1683 1974 aperite

286 2007 389 2030 aures
415 1997 570 2041 virgines
600 1996 685 2036 Dei,
722 1997 823 2041 virgo
858 1995 1024 2039 prostitui
1058 1998 1200 2038 potest,
1241 1994 1434 2030 adulterari
1458 1990 1539 2030 11011”
1552 1999 1681 2040 potest.

284 2060 488 2107 Ubicunque
513 2061 577 2096 Dei
600 2063 703 2107 virgo
730 2065 802 2103 est,
828 2060 990 2104 templum
1015 2059 1081 2095 Dei
1109 2063 1181 2103 est,
1215 2071 1279 2095 nec
1303 2060 1489 2106 lupanaria
1515 2061 1683 2096 insaniant

285 2130 501 2169 castitatem,
535 2128 599 2163 sed
634 2129 779 2162 castitas
818 2128 920 2161 etiam
953 2126 1021 2160 loci
1048 2125 1167 2161 abolet
1192 2126 1379 2161 infamiam.
1426 2126 1554 2171 Ingens
1579 2132 1679 2171 petu-

285 2193 426 2226 lantium
455 2203 643 2228 concursus
668 2193 705 2228 fit
730 2193 774 2227 ad
793 2193 972 2227 fornicem.
1021 2192 1154 2227 Discite
1175 2193 1329 2225 martiris
1351 2191 1519 2226 miracula
1535 2197 1681 2228 sanctae

286 2259 454 2303 virginis,
493 2259 618 2294 discite
653 2259 809 2293 locorum
834 2257 1027 2299 voc-abula,
1055 2256 1230 2292 clauditur
1253 2258 1345 2292 intus
1372 2257 1551 2301 cobunba,
1589 2263 1678 2293 stre-

282 2327 368 2369 punt
401 2325 588 2369 accipitres
626 2323 735 2365 foris,
780 2327 915 2358 certant
947 2323 1099 2368 singuli,
1145 2324 1223 2368 quis
1257 2323 1425 2368 praedam
1462 2325 1593 2369 primus
1626 2326 1679 2359 in-

282 2389 397 2424 vadat.
447 2391 493 2425 At
520 2390 581 2423 illa
605 2389 764 2423 manibus
793 2388 838 2422 ad
864 2389 998 2424 coelum
1032 2389 1159 2424 levatis
1185 2391 1285 2435 quasi
1312 2389 1356 2424 ad
1383 2383 1520 2424 domum
1545 2391 1677 2424 oratio-

279 2456 334 2489 nis
360 2457 527 2498 venisset,
554 2466 621 2489 non
647 2454 690 2489 ad
716 2455 873 2490 libidinis
901 2455 1159 2490 deversorium:
1187 2455 1338 2498 Christe,
1365 2457 1487 2501 inquit,
1514 2455 1675 2489 domuisti

278 2522 407 2565 virgini
432 2521 527 2555 feros
556 2521 698 2564 leones,
730 2525 832 2566 potes
870 2520 1012 2556 domare
1050 2523 1155 2556 etiam
1189 2521 1363 2556 hominum
1398 2519 1492 2554 feras
1527 2524 1674 2554 mentes.

280 2583 468 2621 Chaldaeis
495 2589 628 2621 roravit
653 2588 747 2633 ignis
765 2614 773 2629 ,
809 2586 956 2622 Judaeis
991 2598 1072 2622 sese
1100 2586 1195 2622 unda
1219 2585 1404 2631 suspendit
1430 2585 1677 2619 misericordia

276 2655 354 2688 tua,
382 2660 450 2684 non
475 2657 601 2686 natura
627 2663 703 2693 sua,
732 2652 893 2687 Susanna
917 2652 961 2687 ad
986 2653 1193 2698 supplicium
1217 2659 1333 2696 genua
1358 2649 1456 2684 flexit
1482 2654 1515 2684 et
1539 2650 1583 2685 110
1611 2650 1674 2685 ad-

273 2714 396 2748 ulteris
429 2716 676 2759 triumphavit,
711 2720 804 2752 aruit
838 2718 982 2754 dextra,
1021 2727 1111 2762 quae
1144 2716 1262 2760 tempii
1295 2716 1345 2750 tui
1381 2715 1473 2750 dona
1505 2715 1674 2761 violabat,
