1742 3005
228 152 305 189 120
538 151 631 200 Cap.
665 148 782 185 XXV.
844 149 900 185 De
931 154 1060 184 sancto
1091 147 1306 185 Vincentio.

228 258 401 302 ingentem
427 253 550 287 molam
578 253 719 300 alligari
747 256 782 287 et
807 254 840 287 in
868 252 995 299 pelago
1024 252 1166 297 projici,
1194 255 1241 294 ut,
1273 250 1363 297 quod
1389 254 1483 286 terra
1510 260 1529 285 a
1557 249 1616 285 be-

228 323 304 356 stiis
327 321 483 354 consumi
506 330 574 354 non
604 321 737 364 potuit,
783 318 907 353 saltem
934 320 968 352 in
994 318 1124 363 pelago
1149 327 1170 351 a
1191 318 1332 351 marinis
1359 315 1485 351 belluis
1511 316 1619 351 devo>-

230 391 335 420 retur.
391 385 528 420 Nautae
553 395 639 431 ergo
663 394 790 430 corpus
818 384 894 429 ejus
921 385 954 417 in
981 383 1129 429 pelagus
1155 381 1353 417 deferentes
1381 381 1620 428 submergunt,

229 451 290 486 sed
316 452 402 497 ipsis
427 449 543 486 nautis
572 450 726 485 velocius
751 450 872 484 littora
898 460 1026 494 corpus
1051 450 1159 494 petit,
1209 447 1301 493 quod
1327 458 1348 482 a
1374 447 1524 494 quadam
1549 456 1621 481 ma-

230 522 333 552 trona
358 521 392 553 et
417 516 625 563 quibusdam
661 516 741 550 aliis
765 517 842 561 ipso
870 515 1049 550 revelante
1075 516 1250 549 invenitur
1279 517 1313 549 et
1338 513 1381 548 ab
1407 514 1450 548 iis
1478 512 1623 547 honori-

232 584 293 618 lice
321 583 501 628 sepelitur.
552 583 601 618 De
627 583 693 616 hoc
711 583 853 616 martire
872 583 922 616 sic
951 581 1033 615 dicit
1061 581 1300 626 Augustinus:
1322 579 1447 615 beatus
1474 579 1623 614 Vincen-

232 651 300 684 tius
328 650 411 683 vicit
436 651 471 683 in
497 649 636 692 verbis,
675 650 758 683 vicit
778 649 811 682 in
837 649 960 693 poenis
976 676 984 690 ,
1023 648 1107 681 vicit
1132 648 1165 680 iu
1194 645 1436 687 consessione,
1484 645 1565 679 vicit
1590 645 1625 678 in

231 714 480 757 tribulatione,
514 716 598 749 vicit
619 717 785 755 exustus,
825 715 908 748 vicit
930 713 1152 755 submersus,
1180 713 1262 745 vicit
1285 714 1401 754 ortus,
1426 712 1508 745 vicit
1533 720 1625 744 mor—

233 784 325 814 tuus.
350 779 463 814 Idem:
488 783 673 824 torquetur
696 778 912 821 Vincentius,
938 782 975 812 ut
1000 781 1216 819 exerceatur,
1242 776 1456 821 flagellatur,
1485 779 1522 809 ut
1547 785 1625 810 eru-

236 846 372 890 diatur,
399 846 572 888 tunditur,
603 848 639 879 ut
663 843 923 887 subsolidetur,
950 844 1119 885 exuritur,
1146 846 1184 876 ut
1207 845 1428 888 repurgetur.
1477 840 1626 875 Ambro-

235 913 307 946 sius
341 914 376 946 in
411 912 633 957 praefatione
667 920 806 955 quoque
832 910 874 944 de
898 910 977 955 ipso
1003 911 1053 944 sic
1086 910 1170 943 ait:>
1202 911 1387 952 torquetur
1412 907 1627 949 Vincentius,

237 977 411 1021 tunditur,
460 977 663 1024 flagellatur
687 980 721 1011 et
747 977 925 1018 exuritur,
974 974 1036 1010 sed
1072 976 1221 1009 invictus
1247 984 1312 1019 pro
1340 977 1462 1008 sancto
1491 974 1628 1007 nomine

237 1045 370 1078 animus
396 1054 464 1078 non
487 1044 697 1085 concutitur,
732 1041 811 1086 plus
837 1041 963 1075 ardens
989 1042 1070 1087 igne
1097 1041 1163 1076 zeli
1189 1050 1291 1085 quam
1318 1039 1421 1083 ferri,
1463 1039 1540 1084 plus
1568 1050 1627 1074 ne-

236 1111 340 1144 ctitur
365 1111 490 1144 timore
514 1109 579 1143 Dei
601 1118 702 1153 quam
729 1107 874 1149 saeculi,
900 1107 977 1152 plus
1005 1107 1114 1141 voluit
1140 1106 1280 1151 placere
1307 1105 1380 1140 Deo
1406 1116 1507 1151 quam
1538 1105 1627 1142 sore.

239 1175 316 1220 plus
343 1175 466 1210 dilexit
490 1176 576 1209 mori
602 1173 750 1217 mundo,
802 1183 904 1218 quam
928 1173 1079 1207 domino.
1152 1172 1236 1207 Item
1262 1172 1499 1217 Augustinus:
1549 1175 1630 1206 ante

239 1242 359 1276 oculos
392 1245 534 1276 nostros
564 1240 754 1274 mirandum
791 1239 1026 1284 spectaculum
1061 1239 1283 1273 constitutum
1311 1240 1384 1280 est,
1429 1237 1538 1283 jtidex
1564 1239 1628 1271 ini-

241 1318 348 1352 quus,
374 1311 487 1341 tortor
511 1309 694 1349 cruentus,
721 1306 841 1339 martir
866 1307 1037 1348 invictus,
1074 1303 1291 1339 crudelitatis
1315 1304 1529 1349 pietatisque
1554 1313 1629 1338 cer-

243 1378 367 1409 tamen.
414 1373 623 1408 Prudentius
648 1382 808 1416 quoque,
835 1373 893 1416 qui
918 1371 1043 1405 claruit
1068 1374 1224 1415 tempore
1249 1368 1443 1404 Theodosii
1467 1371 1630 1409 senioris,

242 1442 300 1485 qui
326 1441 443 1485 coepit
467 1449 557 1474 anno
584 1438 713 1472 domini
739 1437 1043 1481 CCCLXXXVII,
1090 1438 1201 1482 ipsum
1226 1436 1382 1470 Daciano
1407 1435 1632 1480 respondisse

244 1508 309 1541 ait:
335 1510 519 1548 tormenta,
545 1515 725 1547 carceres,
752 1504 926 1550 ungulae,
953 1503 1175 1547 stridensque
1200 1502 1345 1536 flammis
1370 1501 1499 1535 lamina
1525 1505 1630 1546 atque

243 1574 321 1617 ipsa
346 1581 534 1616 poenarum
558 1571 677 1605 ultima
702 1580 794 1603 mors
820 1569 1020 1603 christianis
1044 1568 1146 1603 ludus
1171 1572 1234 1604 est.
1307 1567 1405 1602 Tunc
1436 1567 1631 1601 Dacianus:

247 1641 414 1680 vinctum,
446 1638 478 1682 ¹)
505 1640 671 1672 retortum
695 1634 849 1669 brachiis
874 1646 1009 1669 sursum
1035 1645 1076 1669 ac
1103 1634 1264 1669 deorsum
1289 1633 1486 1675 extendite,
1521 1632 1631 1667 donec

244 1715 415 1750 compago
442 1705 571 1738 ossium
600 1702 737 1736 divulsa
762 1701 976 1736 membratim
1001 1704 1141 1745 crepet,
1191 1704 1227 1734 ut
1253 1710 1317 1745 per
1341 1699 1484 1733 lacunas
1511 1699 1631 1734 vulne-

245 1783 316 1806 rum
337 1772 439 1817 jecur
464 1769 634 1804 detectum
659 1768 815 1813 palpitet.
898 1766 1048 1802 Ridebat
1072 1766 1126 1800 hic
1153 1766 1252 1800 miles
1276 1765 1338 1800 Dei
1364 1775 1484 1799 manus
1509 1775 1631 1800 cruen-

245 1844 298 1873 tas
325 1840 522 1882 increpans,
549 1834 641 1880 quod
668 1834 737 1868 fixa
762 1845 827 1868 non
854 1833 1061 1878 profundius
1087 1835 1234 1866 intraret
1259 1835 1356 1865 artus
1376 1830 1517 1877 ungula.
1549 1830 1632 1864 Cum

246 1908 339 1939 esset
365 1905 398 1937 in
422 1912 576 1943 carcere,
603 1900 750 1946 angelus
778 1900 865 1933 dixit
891 1899 935 1933 ad
963 1883 1058 1934 eum}
1087 1909 1239 1943 exsurge
1268 1898 1388 1931 martir
1412 1897 1543 1939 inclite,
1571 1906 1631 1931 ex-

245 1980 351 2015 surge
377 1979 520 2003 securus
547 1971 581 2002 et
606 1966 705 2001 almis
731 1965 888 2000 coetibus
916 1969 1035 1999 noster
1061 1964 1194 1998 sodalis
1221 1963 1371 1999 addere:
1407 1974 1427 1997 ο
1455 1963 1553 1997 miles
1582 1964 1633 1996 in-

249 2037 435 2070 victissime
461 2035 728 2069 fortissimorum
757 2033 902 2074 sortior,
948 2032 1021 2077 jam
1048 2034 1083 2065 te
1109 2033 1188 2075 ipsa
1221 2040 1329 2065 saeva
1353 2032 1387 2064 ct
1411 2039 1540 2074 aspera
1564 2032 1634 2063 tor-

248 2105 361 2135 menta
388 2102 550 2136 rictorem
579 2102 736 2134 tremunt.
786 2097 968 2133 Exclamat
994 2097 1223 2132 Prudentius:
1269 2095 1427 2132 tusolus
1455 2095 1634 2140 insignite,

247 2168 341 2201 solus
370 2166 481 2200 bravii
508 2166 655 2211 duplicis
681 2164 828 2210 palmam
856 2164 978 2207 tulisti,
1005 2167 1039 2197 tu
1068 2162 1154 2197 duas
1172 2161 1271 2205 simul
1290 2161 1457 2205 paravisti
1483 2159 1634 2194 laureas

320 2336 343 2365 ll
366 2336 414 2360 ΕιΙ.
437 2337 486 2360 [im
499 2357 504 2363 ,
526 2343 561 2359 r:-
575 2338 581 2358 t
596 2344 600 2358 ι
616 2345 632 2357 υ
655 2334 769 2362 1ι·;.;ιιιιῐ,
791 2330 900 2356 (Ιυῐιιιὶν
924 2330 988 2355 loru
1010 2326 1107 2354 tutis.
1129 2335 1318 2361 comp-1140
1344 2325 1515 2360 pinu-serunt
1537 2335 1614 2351 com

250 2394 253 2411 i
284 2380 357 2412 ugit:
370 2391 393 2411 u,
415 2378 466 2403 κνιιΙ
482 2388 636 2413 pvrlwuutui
651 2378 704 2404 licl,
718 2380 758 2403 Γπ,
775 2386 828 2410 pri»
848 2386 856 2401 x
867 2374 971 2400 «wilmus
993 2384 1023 2405 10
1036 2384 1049 2396 ι’
1061 2384 1076 2399 ιι
1089 2382 1100 2398 t·
1120 2371 1137 2397 (l
1150 2382 1164 2396 <¹
1175 2376 1183 2398 l
1196 2382 1233 2397 (ἵν
1246 2375 1253 2397 ί
1265 2381 1280 2396 tt
1294 2380 1319 2397 tn
1336 2370 1420 2397 nll'vrl
1439 2368 1516 2397 l'UsP
1528 2379 1541 2396 (ἱ
1553 2373 1561 2396 ί
1573 2379 1588 2396 n
1601 2378 1635 2397 ΙΙΙΔ
