1742 3005
188 80 284 129 Cap.
315 78 536 116 CXXXVII.
595 79 653 117 De
684 79 916 117 exaltatione
946 85 1100 117 sanctae
1129 80 1265 118 crucis.
1368 80 1450 119 609

61 183 121 218 ille
148 181 322 228 placatum
349 192 388 217 se
414 182 581 217 simulans
609 183 774 217 valefecit
797 188 832 218 et
857 184 1047 228 principem
1073 192 1158 217 suae
1184 183 1301 229 gentis
1327 182 1449 218 adiens

59 247 228 283 Judaeum
255 248 350 282 illum
381 248 423 283 de
452 260 512 290 eo,
540 249 632 294 quod
662 249 819 289 viderat,
846 249 1035 283 accusavit.
1084 248 1208 283 Judaei
1233 249 1342 294 igitur
1367 259 1450 284 con-

58 314 201 359 gregati
236 313 282 347 ad
318 313 455 348 domum
494 315 571 359 ejus
600 316 813 349 conveniunt
841 318 875 348 et
903 315 977 347 visa
1015 315 1168 359 imagine
1201 314 1294 348 illum
1330 320 1450 350 contu-

58 378 170 412 meliis
215 378 311 412 duris
356 379 512 414 alliciunt
555 384 588 414 et
625 383 724 414 extra
757 387 972 423 synagogam
1014 379 1217 411 semivivum
1251 380 1450 424 projiciunt,

60 444 244 489 imaginem
275 455 356 478 vero
382 445 626 479 conculcantes
646 443 796 488 pedibus
822 446 946 476 cuncta
975 442 1008 474 in
1034 451 1076 475 ea
1097 442 1290 476 dominicae
1310 447 1450 487 passio-

59 510 113 542 nis
149 509 342 554 opprobria
372 512 594 544 renovarunt.
645 508 727 542 Cum
770 518 851 541 vero
894 506 986 540 latus
1029 506 1155 540 lancea
1195 507 1448 551 perforassent,

59 573 208 609 ubertim
232 575 378 619 sanguis
405 577 439 607 et
463 579 555 618 aqua
582 574 689 607 exivit
717 576 751 606 et
776 573 996 616 suppositum
1023 582 1084 606 vas
1104 571 1271 616 implevit.
1320 573 1450 619 Stupe-

60 639 145 673 t'acti
176 638 304 674 Judaei
338 639 545 683 sanguinein
583 638 680 672 illum
717 637 763 671 ad
799 647 1004 682 synagogas
1040 637 1239 672 detulerunt
1275 643 1309 673 et
1334 650 1452 675 omnes

58 703 183 738 infirmi
200 714 241 738 ex
261 704 338 747 ipso
360 704 390 747 ¹)
406 704 537 738 inuncti
557 704 716 748 protinus
738 702 963 736 curabantur.
1015 702 1115 736 Tunc
1132 702 1259 738 Judaei
1281 707 1452 750 episcopo

57 773 173 804 terrae
200 768 296 803 illius
322 770 439 803 omnia
466 779 528 814 per
555 769 711 802 ordinem
740 771 970 802 narraverunt
996 771 1030 801 et
1056 768 1265 812 baptismum
1292 774 1327 804 et
1351 769 1450 805 fidem

59 833 190 868 Christi
215 836 424 869 unanimiter
451 838 693 879 susceperunt.
741 832 940 877 Episcopus
975 837 1088 867 autem
1125 836 1330 878 sanguinem
1358 835 1451 870 illum

57 900 94 933 in
126 900 289 944 ampullis
325 900 538 944 crystallinis
574 904 607 934 et
645 900 764 933 vitreis
802 899 1045 939 conservavit,
1086 897 1311 932 christianum
1348 902 1451 934 etiam

58 964 154 999 illum
183 966 374 1000 accersivit
400 970 445 1007 et,
473 967 550 1010 quis
579 970 645 1002 tam
674 963 852 1008 pulchram
882 964 1067 1008 imaginem
1097 966 1370 1008 composuisset,
1398 967 1450 1000 in-

59 1032 213 1076 quisivit.
262 1031 309 1065 At
335 1031 392 1066 ille
414 1030 521 1067 dixit:
545 1029 755 1064 Nicodemus
780 1028 873 1062 illam
892 1031 1100 1073 composuit,
1129 1039 1230 1074 quam
1261 1032 1452 1072 ²)moricns

59 1094 263 1137 Gamalieli,
301 1094 471 1130 Gamaliel
498 1095 682 1137 Zaclian,
722 1094 908 1129 Zac-liaeus
934 1094 1094 1135 Jacobo,
1129 1093 1282 1128 Jacobus
1311 1095 1451 1140 Symoni

59 1160 258 1206 dereliquit,
285 1162 405 1207 sieque
429 1163 463 1195 in
479 1161 674 1197 Jerusalem
705 1170 814 1205 usque
846 1159 890 1192 ad
917 1159 1086 1193 excidium
1113 1159 1209 1193 urbis
1237 1160 1312 1201 suit,
1340 1161 1451 1196 donee

57 1226 136 1261 inde
158 1236 180 1260 a
198 1225 361 1261 fidelibus
382 1228 414 1261 in
436 1238 580 1272 regnum
600 1227 783 1272 Agrippae
815 1224 933 1259 delata
960 1229 995 1259 et
1015 1225 1092 1259 inde
1112 1225 1155 1259 ad
1175 1227 1321 1270 patriam
1342 1238 1451 1261 meam

57 1290 208 1326 deducta
232 1301 254 1326 a
279 1293 484 1337 parentibus
509 1294 593 1326 meis
620 1291 665 1325 ad
696 1302 748 1325 me
776 1290 993 1325 hereditario
1016 1292 1096 1336 jure
1122 1291 1273 1327 devenit.
1309 1292 1452 1328 Factum

57 1360 112 1392 est
144 1357 213 1391 hoc
244 1367 335 1391 anno
369 1357 500 1391 domini
535 1356 664 1391 DCCL.
724 1356 823 1390 Tune
869 1367 987 1391 omnes
1020 1356 1147 1392 Judaei
1180 1368 1383 1404 synagogas
1418 1361 1451 1394 in

59 1422 232 1458 ecclesias
261 1426 511 1456 consecrarunt
536 1427 570 1457 et
595 1427 719 1457 extunc
747 1421 804 1455 hic
830 1433 904 1455 mos
931 1422 1087 1464 inolevit,
1113 1427 1150 1456 ut
1175 1424 1347 1459 ecclesiae
1368 1435 1452 1458 con-

59 1492 294 1530 secrarentur,
320 1489 402 1533 quia
420 1491 499 1522 ante
521 1492 651 1522 tantum
677 1488 806 1521 altaria
830 1487 1139 1522 consecrabantur.
1189 1489 1337 1532 Propter
1359 1489 1451 1523 istud

60 1553 262 1588 miraculum
294 1552 472 1587 ordinavit
498 1553 648 1588 ecclesia
674 1552 702 1588 V
726 1553 794 1588 cal.
821 1552 1032 1587 Decembres
1058 1555 1256 1587 memoriam
1286 1552 1360 1588 lieri
1386 1553 1451 1588 do-

60 1620 207 1654 minicae
232 1620 429 1664 passionis,
465 1618 538 1661 vel,
564 1623 602 1653 ut
628 1618 716 1652 alibi
741 1618 891 1664 legitur,
925 1618 953 1652 V
976 1617 1054 1652 Idus
1079 1617 1309 1655 Novembres.
1356 1618 1452 1654 Unde

61 1688 97 1720 et
120 1683 251 1720 Romae
275 1688 481 1720 consecrata.
506 1684 658 1718 ecclesia
685 1689 739 1719 est
766 1685 800 1718 in
826 1683 961 1718 honore
986 1684 1188 1726 salvatoris,
1215 1684 1274 1718 ubi
1301 1684 1454 1729 ampulla

62 1761 138 1786 cum
172 1750 232 1799 illo
265 1751 436 1796 sanguine
468 1753 669 1784 reservatur
701 1753 735 1784 et
766 1749 935 1785 sollemne
962 1750 1086 1785 festum
1115 1752 1246 1797 agitur.
1271 1771 1316 1776 ——
1339 1771 1384 1775 ——
1408 1770 1454 1776 —

59 1817 105 1854 5.
132 1815 249 1851 Virtus
283 1816 395 1850 crucis
428 1817 531 1851 etiam
564 1814 658 1860 apud
694 1814 850 1850 infideles
881 1817 1030 1850 maxima
1057 1827 1119 1861 per
1154 1817 1269 1850 omnia
1292 1827 1453 1861 compro-

60 1880 174 1916 batur.
222 1871 329 1924 Nam,
363 1884 400 1916 ut
435 1880 627 1927 Gregorius
662 1882 696 1915 in
725 1880 781 1915 Ill.
818 1881 1046 1927 dyalogorum
1078 1881 1169 1916 libro
1196 1886 1453 1923 commemorat,

61 1944 222 1980 Andreas
245 1945 436 1981 Fundanae
460 1947 613 1981 civitatiS
639 1948 841 1991 episcopuS‚
870 1946 947 1980 dum
967 1947 1138 1992 quandam
1157 1947 1454 1982 sanctimonialem

62 2010 250 2054 episcopus
289 2010 449 2045 seminam
489 2022 605 2046 secum
648 2011 810 2046 habitare
852 2014 1086 2055 permitteret,
1138 2015 1300 2058 antiquus
1340 2012 1453 2046 hostis

62 2075 181 2119 coepit
205 2075 359 2118 speciem
385 2075 480 2109 illius
505 2077 628 2110 mentis
657 2078 732 2120 eJus
759 2075 873 2109 oculis
901 2077 1115 2120 imprimere,
1151 2080 1187 2110 ut
1214 2077 1247 2109 in
1273 2076 1363 2110 lecto
1389 2086 1452 2110 ne-

65 2139 172 2174 fanda
195 2140 380 2185 cogitaret.
430 2138 584 2179 Quadam
611 2150 693 2174 vero
721 2139 777 2173 die
801 2139 957 2175 Judaeus
984 2139 1122 2184 quidam
1138 2139 1278 2174 Romam
1298 2142 1452 2183 veniens,

63 2215 139 2239 cum
166 2205 241 2250 Jam
274 2204 364 2239 diem
387 2203 565 2239 declinare
597 2209 774 2246 cerneret,
809 2208 843 2239 et
877 2203 937 2238 ubi
969 2214 1108 2240 manere
1142 2209 1284 2250 posset,
1317 2207 1454 2241 minime

66 2271 281 2315 reperisset,
324 2272 359 2303 in
391 2269 539 2314 quodam
566 2270 695 2315 templo
726 2270 903 2315 Apollinis
935 2269 979 2304 ad
1006 2271 1209 2305 manendum
1234 2281 1272 2305 se
1299 2271 1454 2305 contulit.

68 2335 133 2374 Qui
166 2336 279 2379 ipsum
310 2335 380 2368 loci
421 2335 533 2379 ipsius
577 2335 798 2381 sacrilegium
844 2336 1114 2380 pertimescens,
1155 2337 1314 2382 quamvis
1356 2336 1457 2370 tidem

67 2401 180 2435 crucis
219 2400 357 2434 minime
394 2399 561 2442 haberet,
605 2402 707 2446 signo
749 2402 863 2434 crucis
906 2404 1021 2435 tamen
1061 2411 1099 2436 se
1141 2403 1273 2436 munire
1310 2402 1455 2436 curavit.

68 2464 178 2501 Nocte
217 2469 331 2499 autem
361 2464 478 2499 media
509 2465 683 2511 evigilans
717 2465 804 2500 vidit
836 2465 1065 2511 malignorum
1098 2468 1281 2511 spirituum
1321 2466 1457 2500 turbam

69 2531 171 2576 quasi
203 2531 238 2564 in
274 2529 480 2575 obsequium
515 2530 696 2575 cujiisdam
732 2532 967 2575 ³)potestatis
1010 2531 1151 2576 prodire
1194 2542 1359 2577 eumque,
1400 2532 1458 2577 qui

138 2628 166 2661 l)
184 2628 238 2658 Ed.
256 2632 315 2668 ΒΓ.)
337 2628 506 2657 inventi.
619 2630 647 2662 2)
666 2627 719 2658 Ed.
738 2632 798 2657 Pr.:
821 2626 973 2656 minori.
1093 2630 1122 2663 3>
1140 2631 1263 2657 Recens,
1283 2627 1460 2664 potentis

71 2673 182 2706 legunt.
1054 2670 1062 2675 ’

1143 2726 1188 2760 39
