1742 3005
291 42 372 79 ›113ss
607 43 704 90 (sap.
728 40 864 77 (lxm.
924 41 980 77 De
1015 48 1143 77 sancto
1176 36 1390 75 Dominieo.

719 210 847 275 GAP.
882 209 1041 273 cxlll.
1088 211 1241 275 (108.)

490 313 608 357 De
657 313 971 356 sancto
1015 311 1496 358 Dominico.

390 422 586 456 'montinicus
613 422 739 456 dieitur
766 421 869 467 quasi
894 421 1024 455 domini
1050 426 1168 456 eustos
1198 422 1251 457 vel
1272 432 1292 457 a
1326 422 1463 457 domino
1486 422 1690 456 custoditus.

301 488 363 522 Vel
384 488 511 522 dieitur
532 488 742 529 llorniriiciis,
772 492 934 532 quantum
956 487 998 521 ad
1021 489 1267 534 etymologiam
1289 488 1392 534 hujus
1410 489 1572 529 nominis,
1600 488 1692 533 quod

303 559 355 588 est
374 553 544 588 dominus.
572 553 708 587 Dicitur
725 558 837 588 autem
855 558 972 587 eustos
993 553 1121 587 domini
1140 554 1252 587 tribus
1270 554 1395 596 modis,
1423 554 1559 588 scilicet
1576 557 1695 587 custos

308 619 630 662 ¹)honorisdomini
645 631 712 664 quo
733 619 776 653 ad
798 619 917 659 Deum,
938 624 1056 653 custos
1073 620 1197 654 vineae
1217 620 1346 654 domini
1368 619 1420 654 vel
1433 620 1555 666 gregis
1567 618 1694 652 domini

305 696 372 729 quo
391 686 433 717 ad
451 686 654 729 proximum⁷
685 688 802 717 eustos
824 685 1018 718 voluntatis
1041 685 1170 719 domini
1187 688 1261 720 sive
1280 690 1545 730 praeceptorum
1568 685 1695 718 domini

306 761 373 795 quo
387 750 428 783 ad
442 752 611 794 seipsum.
641 749 1150 784 SecundodieiturDominicus
1171 753 1271 796 quasi
1292 762 1311 785 a
1329 752 1467 785 domino
1487 750 1697 791 custoditus,

306 816 465 850 dominus
500 817 587 850 enim
616 814 805 849 custodivit
832 816 943 859 ipsum
970 820 1133 860 quantum
1166 816 1209 850 ad
1237 817 1409 861 triplicem
1436 820 1561 850 statum
1588 826 1697 852 suum.

307 884 340 915 in
376 892 519 926 quorum
555 883 664 926 primo
702 881 765 914 suit
800 881 931 923 laicus2
962 883 995 915 in
1030 882 1182 916 seeundo
1217 882 1393 928 regularis
1419 883 1627 923 eanonicus,
1666 883 1698 915 in

306 949 410 982 tertio
438 949 488 981 rir
515 947 744 992 apostolicus.
795 945 878 980 Nam
906 949 939 981 in
967 949 1076 992 primo
1105 959 1179 982 eum
1207 948 1397 982 custodivit
1433 947 1595 982 faciendo
1625 957 1699 982 eum

308 1013 538 1047 landabiliter
565 1014 738 1057 incipere,
764 1013 797 1045 in
824 1013 975 1047 seeundo
1003 1013 1177 1048 ferventer
1202 1014 1391 1058 prolicere,
1432 1015 1465 1047 iu
1490 1015 1594 1048 tertio
1620 1023 1699 1057 per-

310 1079 494 1113 fectionem
521 1078 799 1123 apprehendere.
850 1078 972 1113 Tertio
1009 1084 1125 1124 potest
1163 1079 1231 1113 (liei
1259 1080 1457 1114 Dominicus
1483 1090 1546 1123 per
1571 1083 1700 1123 omno<

311 1145 439 1189 logiam
474 1144 577 1189 liujus
615 1145 764 1178 nominis
803 1144 973 1179 dominuS.
1030 1145 1197 1179 Dominus
1241 1156 1388 1190 namque
1435 1144 1561 1179 dicitur
1598 1146 1700 1189 quasi

312 1210 447 1244 donans
482 1211 592 1244 minas
633 1210 728 1253 ²)vel
761 1209 894 1243 donans
921 1211 1030 1244 minus
1058 1210 1113 1245 vel
1142 1210 1276 1245 donans
1306 1221 1437 1245 mimus.
1488 1210 1545 1244 Sic
1574 1210 1700 1244 heatus

311 1276 511 1310 Dominicus
547 1275 610 1309 suit
644 1276 798 1317 (tonans,
834 1275 867 1309 id
902 1280 975 1317 est,
1017 1276 1220 1310 condonans
1256 1278 1366 1310 minas
1404 1286 1466 1320 per
1498 1277 1699 1321 injuriarum

314 1342 571 1383 dimissionem,
609 1341 745 1375 donans
771 1343 881 1375 minus
909 1351 971 1386 per
996 1343 1154 1386 corporis
1181 1344 1471 1376 macerationem.
1512 1344 1595 1387 quia
1622 1352 1699 1376 cor-

312 1409 391 1453 pori
420 1418 482 1441 suo
511 1418 649 1451 semper
680 1408 791 1445 minus
819 1407 938 1449 dabat,
968 1417 1068 1452 quam
1095 1407 1303 1452 appetebat,
1331 1407 1466 1441 donans
1495 1418 1614 1442 munus
1641 1418 1704 1452 per

312 1474 488 1508 libertatis
515 1473 757 1518 largitionem,
794 1474 876 1517 quia
902 1484 969 1507 non
998 1474 1108 1507 solum
1135 1483 1200 1508 sua
1223 1472 1437 1518 pauperibus
1464 1473 1605 1517 tribuit,
1641 1473 1703 1508 sed

315 1542 416 1575 etiam
445 1549 481 1573 se
508 1540 619 1583 ipsum
647 1538 780 1583 pluries
806 1538 957 1573 vendere
984 1539 1105 1573 voluit.

404 1606 605 1639 Dominicus
648 1603 780 1637 ordinis
823 1605 1103 1649 praedicatorum
1147 1605 1216 1640 dux
1262 1610 1295 1640 et
1335 1610 1438 1650 pater
1481 1604 1619 1639 inclitus
1663 1615 1705 1639 ex

317 1672 507 1717 Hispaniae
522 1669 680 1715 partibus
707 1670 801 1711 villa,
829 1681 918 1715 quae
944 1671 1073 1705 dieitur
1102 1672 1344 1717 ³)Calla1ega,
1369 1671 1581 1706 Oxoviensis
1599 1671 1703 1716 dyoe-

317 1740 407 1772 cesis
442 1742 540 1780 patre
577 1735 693 1769 Felice
728 1740 837 1769 matre
871 1747 952 1770 vcro
986 1736 1149 1771 Jolianna
1183 1739 1321 1771 nomine
1352 1737 1539 1771 seeundum
1568 1746 1704 1770 earnem

318 1802 488 1845 originem
512 1799 620 1833 duxit.
670 1800 777 1844 CuJus
805 1805 914 1834 mater
939 1806 1018 1835 ante
1047 1803 1156 1845 ipsius
1185 1806 1295 1835 ortum
1327 1801 1413 1835 vidit
1438 1803 1471 1835 in
1497 1803 1640 1835 somniis
1667 1812 1706 1836 se

319 1866 466 1901 catulum
494 1868 690 1909 gestantem
716 1867 750 1898 in
776 1870 896 1908 utero,
925 1866 1103 1901 ardentem
1140 1868 1172 1900 in
1205 1878 1265 1901 ore
1301 1866 1448 1901 faculam
1477 1866 1704 1912 bajulantmii,

318 1934 376 1978 qui
405 1942 569 1975 egressus
598 1941 639 1965 ex
666 1935 764 1965 utero
791 1935 896 1964 totam
926 1932 1040 1965 mundi
1067 1933 1259 1967 machinam
1290 1933 1509 1968 incendebat⁴
1560 1932 1704 1967 Cuidam

319 2000 421 2033 etiam
448 2001 649 2038 matronae,
687 2006 776 2041 quac
813 1998 923 2041 ipsum
961 2008 1000 2031 ex
1038 2008 1139 2032 sacro
1169 2000 1262 2033 tonte
1288 1999 1482 2040 levaverat,
1508 1996 1704 2040 videbatur,

318 2062 411 2109 quod
446 2072 533 2106 puer
559 2061 759 2096 Dominicus
789 2058 925 2097 stellam
952 2063 1185 2109 perfulgidam
1211 2063 1359 2099 haberet
1384 2066 1417 2098 in
1445 2063 1579 2106 fronte,
1616 2073 1705 2108 quac

317 2133 424 2164 totum
451 2127 570 2161 orbem
594 2127 806 2162 illustrabat.
858 2128 943 2162 Dum
973 2129 1086 2164 adhuc
1116 2134 1210 2165 esset
1235 2130 1400 2175 puerulus
1429 2135 1463 2164 ct
1480 2129 1543 2163 sub
1561 2130 1706 2163 nutricis

319 2194 480 2229 custodia
514 2195 748 2233 constitutus,
791 2193 1031 2239 deprehensus
1071 2200 1125 2230 est
1163 2205 1271 2241 saepo
1314 2196 1438 2230 lectum
1475 2195 1648 2229 dimittere
1675 2199 1708 2229 et

319 2271 426 2305 super
468 2259 593 2293 nudam
634 2258 769 2293 humum
806 2260 939 2304 jacere.
990 2260 1122 2295 Missus
1158 2261 1294 2296 tandem
1329 2261 1520 2296 Palentiam
1556 2260 1599 2295 ad
1632 2264 1705 2295 stu-

320 2326 413 2360 dium
448 2335 566 2359 amore
606 2326 803 2369 sapientiae
838 2327 949 2360 vinum
994 2337 1056 2371 per
1090 2327 1290 2362 decennium
1327 2338 1392 2362 non
1428 2327 1594 2373 gustavit.
1641 2324 1705 2360 Ubi

320 2402 394 2426 cum
433 2391 541 2425 sames
575 2391 693 2425 valida
726 2395 840 2433 esset,
879 2391 988 2426 libros
1025 2403 1098 2426 cum
1135 2395 1225 2427 omni
1258 2393 1470 2438 supellectili
1494 2390 1648 2427 vendidit
1673 2395 1708 2424 ct

322 2458 468 2501 pretium
503 2467 620 2490 corum
656 2456 872 2501 pauperibus
907 2458 1082 2503 erogarit.
1131 2458 1319 2494 Crescente
1339 2459 1412 2504 jam
1440 2458 1515 2502 ejus
1543 2455 1633 2489 sama
1660 2455 1704 2490 ab

388 2557 416 2586 1)
437 2555 550 2581 Verba:
570 2545 735 2589 lionorig
753 2572 785 2575 —
804 2559 936 2582 custos
955 2554 1066 2582 omittit
1087 2556 1139 2584 Ed.
1160 2561 1203 2586 l'r.
1306 2557 1335 2590 2)
1353 2553 1466 2583 Verba:
1492 2552 1553 2579 vol
1586 2566 1617 2573 —
1636 2553 1706 2580 mi-

322 2607 386 2624 nas
406 2599 482 2625 male
510 2599 620 2628 omittit
645 2600 697 2629 Ed.
725 2605 767 2631 Pr,
871 2600 899 2633 3)
932 2602 999 2627 nec.
1041 2599 1158 2633 legunt:
1193 2601 1383 2633 Calagora
1421 2596 1470 2625 vel
1503 2597 1705 2630 Cal-‘tregia

321 2642 568 2672 oxoniensis.
