1742 3005
222 95 272 133 20
484 94 578 143 t'ap.
612 92 655 129 ΙΙ.
713 92 771 128 De
804 101 934 129 sancto
968 91 1117 128 Andrea
1149 92 1335 142 apos-tolo.

222 205 376 246 rilia‚,ne
403 199 580 240 formides,
611 200 694 243 quia
717 197 789 239 Ille,
819 197 862 231 ob
889 198 987 242 cujus
1013 208 1163 234 amorem
1189 203 1222 233 to
1250 203 1283 233 et
1307 202 1384 232 tuos
1412 200 1445 231 et
1465 201 1525 231 tua
1539 200 1607 230 tam

226 267 369 301 viriliter
393 265 620 304 mnitenisistl,
647 263 709 296 tibi
732 262 775 295 ob
807 262 871 295 boe
896 266 931 296 et
955 264 987 295 in
1014 266 1192 307 praesenti
1217 263 1386 297 cuminum
1411 264 1550 309 gratiae
1576 266 1609 296 et

220 337 253 367 in
283 334 397 366 tuturo
435 325 682 375 plenitudinem
718 326 854 372 gloriae
887 326 1070 372 largietur.
1129 328 1199 362 Sed
1227 333 1260 361 et
1285 339 1351 373 ego
1386 338 1508 362 servus
1534 329 1609 372 ejiis

223 412 275 433 me
302 403 335 432 et
362 406 439 431 mea
465 394 526 428 tibi
553 394 682 435 offero,
727 393 912 438 eligasque
936 391 1022 428 tibi.
1058 392 1116 425 ubi
1144 392 1336 436 placuerit,
1374 394 1607 427 mansionem:

224 466 302 497 solo
329 466 443 496 autem
470 459 574 494 hodie
600 469 726 493 mecum
756 458 928 502 prandere
953 457 1096 492 debeas.
1146 458 1207 492 Cui
1235 458 1295 491 illa
1315 461 1365 499 “);
1393 458 1460 491 noli
1487 460 1609 503 inquit,

224 536 342 575 pater,
368 527 439 562 noli
468 526 511 561 de
540 525 605 559 liae.
630 536 666 559 re
692 536 744 558 me
771 534 922 568 rogare.
958 535 999 558 ne
1027 524 1116 558 forte
1142 534 1183 558 ex
1209 523 1274 557 boc
1300 524 1419 569 aliqua
1444 524 1525 557 mali
1552 534 1606 557 sn-

223 597 334 640 spieio
360 596 397 636 Ἰ)
438 592 621 636 perveniat
654 594 688 624 et
723 592 813 623 nitor
850 590 962 624 famae
993 594 1129 624 iestrae
1157 589 1432 634 denigrationem
1459 590 1609 634 aliquam

222 663 388 706 patiatur.
437 656 490 691 Ad
515 666 615 701 quam
644 657 830 699 episeopus
858 655 962 689 dixit:
990 656 1107 699 plures
1135 656 1260 689 erimus
1287 659 1319 689 et
1346 666 1412 688 non
1439 655 1516 689 soli.
1567 653 1608 688 Et

222 728 302 762 ideo
329 724 457 759 nullum
494 722 574 756 mali
602 722 811 765 suspicionis
845 722 1041 765 scrupulum
1068 722 1101 753 in
1128 721 1247 764 aliquo
1278 723 1407 765 poterit
1431 721 1608 766 generari.

222 792 410 826 Venientes
438 790 554 831 itaque
579 786 622 820 ad
649 795 799 819 mensam
826 787 1012 830 episeopus
1039 790 1070 819 et
1097 786 1157 819 illa
1184 796 1226 820 ex
1253 788 1417 831 opposito
1441 786 1613 821 consede-

223 861 301 891 runt
331 854 480 888 caeteris
513 851 748 886 residentibus
787 850 865 884 hino
901 855 933 886 et
967 850 1058 885 inde.
1133 852 1283 886 Intendit
1318 854 1351 885 in
1387 862 1461 886 eam
1487 851 1611 885 erebro

222 925 408 968 episeopus
435 920 580 964 ejusque
610 917 730 951 sat-iem
756 927 823 950 non
849 917 975 951 desinit
1001 918 1125 951 intueri
1161 922 1194 951 et
1228 916 1516 963 pulchritudinem
1548 916 1610 950 ad*

223 989 352 1022 mirari.
401 986 528 1029 Siequo
553 983 629 1017 dum
657 983 778 1016 oenlus
806 984 945 1028 ligitur,
973 984 1106 1017 animus
1132 985 1330 1025 sauciatur,
1369 986 1402 1017 et
1429 982 1507 1016 dum
1534 982 1611 1026 ejus

224 1055 347 1088 sat-iem
373 1062 439 1085 non
467 1050 595 1083 desinit
619 1050 764 1090 intueri,
815 1050 978 1093 antiquus
1011 1048 1122 1082 hostis
1158 1058 1218 1082 cor
1254 1050 1330 1094 ejus
1355 1048 1456 1093 gravi
1491 1047 1612 1092 jac-nlo

227 1119 429 1153 vulneravit.
502 1115 686 1160 Pei-pendit
723 1113 788 1147 boe
826 1115 902 1158 ipse.
937 1114 1105 1158 diabolus
1139 1118 1171 1147 et
1197 1113 1485 1158 pulchritiulinem
1513 1122 1610 1147 suani

222 1186 336 1228 roepit
364 1183 475 1227 magis
501 1191 540 1214 ae
567 1182 678 1225 magis
705 1190 835 1224 augere
855 1181 998 1225 Jamque
1026 1181 1211 1224 episeopus
1237 1181 1414 1224 proximus
1438 1182 1514 1213 erat
1528 1189 1608 1212 eon—

224 1251 363 1291 sensni,
412 1251 448 1281 ut
474 1257 548 1281 eam
574 1246 615 1280 de
642 1246 760 1279 illicito
790 1256 896 1290 opere
922 1249 1130 1287 attentaret,
1174 1245 1312 1290 quando
1335 1244 1552 1303 possibilitas
1573 1254 1611 1277 se

225 1315 380 1355 offerret,
408 1317 488 1346 tunc
514 1311 629 1345 subito
657 1311 796 1356 quidam
812 1311 1019 1355 peregrinus
1045 1312 1139 1344 venit
1165 1310 1210 1344 ad
1235 1312 1359 1344 ostium
1384 1309 1515 1344 crebris
1533 1312 1610 1343 icti*

225 1380 289 1413 bus
317 1379 460 1423 pulsans
497 1381 530 1411 et
558 1377 694 1421 magnis
719 1375 929 1409 clamoribus
959 1375 1141 1419 postulans
1168 1375 1236 1409 sibi
1264 1377 1413 1420 aperiri,
1465 1385 1611 1420 eumque

225 1446 364 1489 aperire
397 1443 529 1477 nollent
564 1446 598 1476 et
623 1441 682 1475 ille
706 1442 842 1486 magnis
870 1440 1080 1475 clamoribus
1106 1445 1141 1475 et
1165 1440 1290 1475 ictibus
1316 1442 1416 1474 nimis
1442 1442 1485 1474 iis
1513 1440 1610 1475 fieret

224 1513 452 1554 importunus,
479 1510 675 1551 interrogat
699 1508 885 1551 episeopus
910 1507 1098 1547 mulierem,
1125 1508 1153 1540 si
1182 1508 1376 1551 ingressum
1401 1506 1495 1540 illius
1509 1516 1609 1551 pere-

225 1576 316 1619 grini
343 1574 490 1608 bominis
515 1573 741 1617 acceptaret?
809 1572 870 1606 Cui
904 1571 966 1605 illa
1000 1571 1106 1606 dixit:
1157 1576 1375 1617 proponatur
1399 1571 1465 1605 sibi
1491 1572 1611 1617 aliqua

227 1641 387 1685 quaestio
413 1640 555 1682 gravis,
607 1647 708 1683 quam
736 1638 764 1671 si
791 1637 943 1672 enodare
971 1639 1132 1679 sciverit,
1173 1637 1396 1679 admittatur,
1441 1639 1469 1671 si
1496 1642 1610 1672 autem

225 1707 408 1741 nescierit,
457 1709 629 1749 tamquam
666 1704 793 1736 inscius
827 1707 861 1736 et
887 1702 1049 1749 indignus
1077 1702 1121 1736 ab
1149 1704 1304 1747 episcopi
1331 1705 1531 1748 praesentia
1555 1714 1609 1738 re-

227 1772 387 1815 pellatur.
427 1769 557 1803 Favent
581 1771 658 1815 eJus
683 1778 801 1802 omnes
828 1770 1022 1803 sententiae
1047 1772 1081 1802 et
1106 1770 1182 1813 quis
1210 1768 1386 1803 sufficiens
1415 1774 1509 1804 esset
1522 1769 1609 1804 liam·

226 1824 463 1882 quaestionem
497 1844 694 1880 proponere
727 1835 958 1868 sciscitantur.
1032 1834 1185 1879 Cumque
1225 1833 1340 1868 nullus
1381 1837 1607 1874 inveniretur,

222 1904 407 1947 episcopus
435 1901 542 1934 dixit:
569 1902 646 1946 quis
669 1901 756 1933 enim
784 1903 938 1933 nostrum
963 1899 1006 1934 ad
1033 1899 1098 1934 hoe
1123 1903 1191 1933 tam
1217 1900 1392 1934 sufficiens
1413 1904 1478 1942 est,
1506 1910 1607 1946 quam

225 1978 284 2001 vos
311 1978 331 1999 o
358 1967 518 2007 domina,
568 1975 658 2011 quae
689 1968 849 1999 caeteros
876 1976 938 1999 nos
964 1969 997 1999 et
1024 1966 1225 2010 eloquentia
1251 1966 1462 2010 praeceditis
1490 1971 1524 2001 et
1549 1976 1606 2000 san

223 2034 353 2077 pientia
380 2031 480 2065 nobis
509 2030 665 2065 omnibus
690 2030 837 2074 amplius
864 2030 1027 2065 rutilatis.
1083 2031 1155 2066 Vos
1180 2032 1288 2077 igitur
1310 2030 1397 2065 hane
1423 2033 1609 2077 proponite

222 2099 472 2142 quaestionem.
510 2097 607 2131 Tunc
633 2095 693 2129 illa
717 2095 822 2128 dixit:
851 2096 1098 2141 interrogetur,
1127 2097 1218 2142 quod
1235 2101 1288 2131 est
1310 2098 1421 2142 majus
1436 2097 1607 2136 mirabile,

223 2162 315 2207 quod
343 2162 432 2196 Deus
459 2172 607 2208 unquam
636 2163 669 2194 in
698 2170 808 2205 parva
833 2171 870 2195 re
897 2160 1029 2195 fecerit.
1078 2161 1318 2205 Interrogatus
1345 2161 1387 2196 de
1416 2162 1480 2196 lioe
1506 2173 1605 2207 pere·

221 2229 343 2271 grinus
370 2238 431 2271 per
455 2229 608 2263 nuntium
637 2227 743 2260 dixit:
784 2226 972 2260 diversitas
997 2230 1029 2260 et
1054 2225 1261 2260 excellentia
1289 2226 1472 2261 facierum:
1518 2229 1607 2261 inter

224 2297 274 2326 tot
299 2295 385 2327 enim
414 2292 582 2334 homines,
610 2293 667 2338 qui
696 2292 832 2325 suerunt
857 2292 901 2325 ab
929 2293 1027 2325 initio
1054 2291 1169 2325 mundi
1195 2296 1226 2325 et
1256 2302 1365 2336 usque
1392 2294 1424 2325 in
1440 2293 1538 2327 linem
1556 2294 1605 2326 ί“11->

222 2359 288 2392 turi
315 2362 415 2399 sunt,
452 2358 518 2392 duo
546 2359 691 2402 reperiri
720 2368 787 2390 non
814 2362 979 2402 possent,
1021 2367 1165 2401 qnorum
1196 2357 1302 2391 savies
1330 2368 1393 2401 per
1418 2359 1532 2391 omnia
1560 2359 1607 2392 si-

222 2423 320 2457 miles
337 2424 405 2457 sint
422 2424 456 2467 ¹¹)
485 2423 539 2457 vel
566 2427 696 2465 essent,
723 2427 758 2457 et
782 2424 815 2456 in
841 2424 916 2467 ipsa
952 2432 1089 2467 quoque
1115 2426 1182 2456 tam
1210 2423 1349 2456 minima
1376 2423 1464 2457 l'acie
1491 2433 1609 2457 omnes

223 2498 345 2522 sensus
369 2489 527 2531 eorporis
553 2488 645 2523 Deus
678 2488 875 2522 collocavit.
942 2487 1133 2522 Audientes
1160 2498 1278 2522 omnes
1305 2488 1381 2532 ejus
1407 2489 1608 2531 responsio—

294 2644 320 2674 1)
341 2642 392 2668 Ed.
412 2642 503 2670 l'rinc.
523 2641 649 2668 sortasse
668 2643 793 2671 rectius:
821 2644 920 2672 nolo,
1026 2643 1054 2675 2)
1082 2643 1134 2670 1511.
1153 2646 1195 2670 l‘r.
1216 2642 1301 2674 legit:
1328 2639 1557 2675 perveniret
1579 2655 1607 2661 -

226 2691 378 2721 pateret
391 2696 406 2712 n
418 2696 438 2714 r.
542 2687 570 2717 3)
590 2687 686 2713 vorbn
708 2688 772 2715 vel
793 2693 927 2716 esst-nt
948 2688 1024 2715 innle
1044 2688 1184 2715 omittunt
1205 2685 1393 2713 recentiores.
