1742 3005
391 96 485 146 Cap.
520 96 619 132 xlv.
686 95 742 131 De
782 94 986 146 epiphania
1018 94 1173 131 donnini.
1420 96 1470 132 93

85 204 148 234 est.
198 199 315 234 lnl'ans
341 201 449 245 vagit,
475 198 659 234 laudantes
687 198 805 245 angeli
831 198 1036 240 audiuntur,
1063 199 1168 242 panni
1192 198 1356 240 sordent,
1380 198 1470 233 Deus

85 265 262 300 adoratur.
309 264 430 311 ltaque
455 267 641 310 potestatis
668 265 821 310 dignitas
847 275 914 298 non
942 251 1129 305 amittitur,
1168 263 1245 297 dum
1268 265 1383 299 earnis
1409 264 1470 298 hu·

86 330 212 365 militas
238 330 472 376 praedicatur.
544 330 632 365 Ecce
662 330 834 376 quomodo
869 332 901 364 in
939 329 1078 364 Christo
1113 340 1221 375 puero
1248 341 1315 364 non
1342 335 1470 365 tantum

86 396 224 431 suerunt
247 395 391 430 humilia
418 400 452 431 et
481 396 626 438 infirma,
654 397 713 431 sed
741 398 843 430 etiam
871 396 1063 430 divinitatis
1090 396 1251 430 sublimia
1269 401 1303 431 et
1318 397 1470 432 excelsa⁵

85 461 134 497 De
160 461 226 496 hoe
254 464 376 497 iterum
404 462 486 496 dicit
511 462 738 506 Hieronymus
765 472 871 505 super
896 461 1080 505 epistolam
1104 461 1148 494 ad
1173 461 1375 498 Hebraeos:
1417 475 1470 499 re›

83 529 179 573 spice
204 538 310 562 cunas
339 527 487 569 Christi,
516 527 593 561 vide
618 528 751 571 pariter
776 530 810 560 et
836 526 986 567 eoeluing
1015 527 1212 572 vagientem
1239 529 1271 561 in
1302 539 1473 575 praesepe

83 595 227 628 intueris
253 593 440 635 infantem,
489 592 552 627 sed
578 591 724 637 angelos
752 591 853 625 simul
879 591 1037 625 ausculta
1063 592 1262 628 laudantes.
1317 594 1472 629 Herodes

83 660 316 704 persequitur,
343 658 405 693 sed
431 658 579 692 adorant
604 658 709 703 magi,
739 668 838 702 quem
868 659 1032 703 ignorant
1055 657 1252 701 Phar-Isaei,
1281 660 1341 694 sed
1369 662 1470 695 stella

83 724 308 767 demonstrat,
333 723 531 769 baptisatur
555 733 576 758 a
601 734 722 765 servo,
750 723 811 757 sed
838 734 904 757 vox
928 723 993 758 Dei
1018 723 1170 769 desuper
1194 727 1347 759 tonantis
1373 726 1470 760 audi

82 795 155 832 tur,
194 791 294 835 aquis
316 791 554 836 immergitur,
584 789 645 824 sed
670 789 830 823 columba
855 789 1055 832 descendit,
1096 791 1195 824 immo
1223 793 1367 835 spiritus
1390 803 1469 826 san-

83 860 157 890 ctus
180 857 214 889 in
239 855 409 890 columba.
467 858 582 896 Quare
608 859 722 890 autem
747 857 839 901 magi
867 855 1066 901 hujusmodi
1091 867 1234 891 munera
1260 857 1471 900 obtulerunt,

83 922 261 967 multiplex
289 926 342 956 est
367 922 468 956 ratio.
517 920 652 963 Prima,
701 923 860 966 quoniam
890 922 1031 956 traditio
1058 924 1278 968 antiquorum
1306 924 1388 963 suit,
1436 931 1471 959 ut

81 988 164 1022 dicit
186 987 384 1032 Remigius,
431 991 467 1020 ut
501 986 614 1020 nullus
648 986 691 1020 ad
717 986 823 1021 Deum
852 987 905 1021 rel
934 988 977 1021 ad
1003 999 1119 1033 regem
1148 998 1275 1023 vacuus
1302 991 1469 1025 introiret

81 1053 210 1089 Persae
240 1056 353 1087 autem
391 1056 425 1087 et
458 1051 627 1087 Chaldaei
652 1053 737 1087 talia
762 1063 905 1088 munera
930 1059 1185 1088 eonsiiexerant
1213 1056 1349 1091 offerre.
1408 1056 1469 1091 lsti

80 1121 191 1161 enim,
234 1122 270 1152 ut
294 1118 420 1152 dieitur
443 1119 478 1152 in
504 1117 659 1162 hystoria
683 1109 915 1161 scholastica,
954 1124 1121 1155 venerunt
1145 1130 1166 1154 a
1191 1121 1315 1155 linibus
1342 1121 1467 1156 Persa-

80 1196 153 1220 rum
179 1190 213 1220 et
238 1184 506 1227 Chaldaeorum,
532 1183 590 1219 ubi
616 1188 670 1219 est
691 1184 814 1219 flumen
841 1184 949 1228 Saba,
978 1196 997 1220 a
1023 1197 1091 1231 qno
1117 1190 1150 1220 et
1177 1185 1318 1221 Sabaea
1344 1186 1469 1221 dicitnr

80 1253 192 1298 regiO.
240 1250 399 1286 Secunda
428 1260 518 1296 quae
544 1255 597 1285 est
622 1250 813 1289 Ber-nardi,
859 1253 1020 1295 quoniam
1046 1251 1171 1287 heatae
1196 1254 1323 1297 virgini
1349 1263 1467 1287 aurum

80 1317 281 1352 obtulerunt
303 1320 447 1361 propter
471 1318 610 1361 inopiae
635 1315 934 1358 sublevationem,
960 1316 1039 1351 thus
1068 1321 1212 1362 propter
1238 1318 1367 1352 stabuli
1393 1319 1468 1354 soe*-

80 1387 209 1424 torem,
251 1381 422 1426 myrham
447 1385 590 1426 propter
616 1381 843 1415 munbi-orum
869 1383 967 1426 pueri
997 1382 1309 1417 consolidationem
1336 1389 1369 1419 et
1395 1395 1466 1419 ma-

80 1448 189 1481 lorum
213 1448 375 1481 vermium
404 1447 654 1491 expulsionem.
713 1447 855 1489 '1¹ertia‚
883 1450 1043 1492 quoniam
1071 1458 1190 1482 aurum
1217 1448 1262 1482 ad
1290 1449 1466 1486 tributum.

79 1512 158 1547 thus
193 1512 237 1546 ad
269 1512 495 1553 sacrificium,
545 1513 681 1556 myrrha
720 1513 763 1547 ad
799 1513 1011 1557 sepulturum
1055 1516 1205 1559 pertinet
1244 1519 1465 1551 mortiwrum.

79 1577 146 1613 Per
170 1577 256 1612 haec
277 1579 347 1611 tria
372 1588 458 1623 ergo
483 1579 516 1611 in
545 1577 684 1612 Christo
710 1581 887 1612 intimatur
912 1581 1012 1625 regia
1035 1583 1215 1624 potestas,
1251 1580 1369 1614 dixina
1394 1591 1459 1615 ma-

74 1645 190 1688 jestas
217 1648 252 1678 et
277 1643 427 1677 humana
452 1643 658 1678 mortalitas.
708 1644 853 1687 Quarta,
881 1647 1041 1689 quoniam
1068 1655 1187 1679 aurum
1215 1646 1389 1691 signifieat
1414 1647 1465 1681 di-

79 1709 272 1752 leetionem,
302 1709 378 1744 thus
406 1712 609 1751 orationem,
641 1710 779 1755 myrrha
807 1712 922 1744 earnis
948 1712 1257 1746 mortificationem.
1313 1711 1355 1746 Et
1382 1712 1466 1747 haee

75 1776 146 1809 tria
170 1774 333 1810 debemus
361 1775 500 1810 Christo
525 1775 663 1810 offerre.
706 1776 845 1819 Quinta,
875 1778 1035 1822 (proniani
1064 1788 1126 1821 per
1150 1776 1235 1811 haee
1263 1779 1326 1811 tria
1355 1780 1465 1823 signi*

79 1840 224 1874 ficantur
250 1842 330 1883 tria,
356 1851 445 1887 quae
471 1845 571 1876 erant
597 1843 629 1874 in
657 1841 816 1883 Christo,
842 1843 975 1877 scilieet
1002 1842 1168 1876 diviiiitas
1195 1845 1464 1888 pretiosissima.

77 1907 192 1940 anima
216 1906 443 1941 devotissima
467 1911 501 1942 et
526 1916 607 1941 earo
634 1909 773 1954 integra
799 1912 832 1942 et
856 1909 1069 1953 incorrupta.
1143 1908 1235 1943 llaec.
1261 1911 1328 1944 tria
1355 1911 1462 1956 signi>

77 1970 270 2005 licabantur
293 1983 357 2017 per
383 1973 444 2007 illa
461 1974 542 2015 tria,
571 1983 660 2018 quae
686 1977 785 2008 erant
810 1975 844 2007 in
869 1973 988 2008 archa.
1034 1973 1120 2008 Nam
1144 1976 1256 2019 virga,
1286 1986 1376 2021 (fuae
1402 1977 1463 2010 llo-

78 2037 158 2079 ruit,
185 2047 266 2071 earo
281 2037 422 2081 Christi,
450 2048 539 2084 quae
564 2041 769 2082 resurrexit,
794 2039 944 2074 Psalm.:
970 2043 1004 2073 et
1022 2039 1274 2074 ressoruitcaro
1295 2052 1371 2076 mea
1385 2046 1462 2083 eto,

78 2102 241 2145 tabulae,
290 2103 347 2137 ubi
375 2108 473 2139 eraut
498 2105 629 2149 scripta
652 2109 863 2150 praecepta,
919 2107 1054 2148 anima,
1088 2106 1123 2138 in
1150 2116 1218 2150 qua
1243 2111 1323 2141 sunt
1346 2118 1471 2143 omnes·

75 2167 233 2203 thesauri
257 2170 424 2204 scientiae
450 2173 484 2204 et
508 2171 703 2214 saptentiae
728 2170 790 2205 Dei
817 2170 1035 2213 absconditi,
1062 2181 1188 2206 manna
1213 2172 1346 2215 deitas,
1374 2183 1463 2218 quae

77 2233 182 2269 hahet
209 2245 340 2270 omnem
367 2246 528 2281 saporem
553 2239 588 2270 et
612 2246 745 2270 omnem
770 2238 989 2271 suavitatem.
1019 2236 1085 2272 Per
1105 2247 1225 2272 aurum
1246 2249 1344 2283 ergo,
1372 2238 1462 2283 quod

77 2302 130 2332 est
153 2301 342 2343 pretiosius
368 2301 525 2336 omnibus
551 2301 721 2343 metallis,
769 2302 978 2347 intelligitur
1002 2302 1166 2337 divinitas
1193 2305 1460 2348 pretiosissima,

77 2373 140 2408 per
163 2363 244 2398 thus
268 2366 383 2399 anima
407 2365 645 2409 devotissima,
672 2369 755 2412 quia
780 2367 859 2401 thus
885 2368 1060 2413 signifieat
1087 2367 1306 2401 devotionem
1333 2372 1365 2402 et
1381 2378 1460 2402 ora-

76 2429 215 2463 tionem.
278 2428 426 2464 Psalm.:
473 2431 646 2476 dirigatur
674 2434 786 2466 oratio
811 2442 888 2466 mea
913 2436 977 2466 ete.
1034 2431 1101 2465 Per
1129 2431 1320 2476 myrrham,
1373 2443 1461 2477 quae

74 2498 261 2529 conservat
287 2503 309 2528 a
332 2497 576 2540 corruptione,
605 2506 686 2530 caro
712 2499 923 2541 incorrupta.
972 2495 1147 2530 Admoniti
1172 2500 1286 2538 autem
1309 2499 1403 2544 magi
1428 2500 1461 2532 in

76 2561 226 2602 somnis,
274 2570 316 2595 ne
346 2560 500 2595 redirent
526 2560 571 2594 ad
595 2560 762 2595 Herodem
779 2588 786 2602 ‚
826 2572 888 2605 per
913 2560 1017 2594 aliam
1043 2562 1131 2595 viam
1158 2563 1293 2596 reversi
1321 2566 1400 2597 sunt
1427 2565 1459 2598 in

36 2656 44 2663 ,
76 2626 262 2672 [egQissm-
279 2635 388 2660 suam.
436 2624 524 2660 Eece
551 2625 722 2671 quomodo
748 2626 842 2670 magi
867 2625 1109 2670 profecerunt,
1143 2637 1219 2661 nam
1246 2627 1350 2662 stella
1374 2628 1459 2663 duce

75 2694 252 2734 venerunt,
280 2701 343 2736 per
366 2691 534 2734 homines,
561 2692 661 2725 immo
682 2700 744 2735 per
769 2690 961 2736 prophetas
978 2691 1091 2726 mloeti
1112 2697 1202 2735 sunt,
1228 2693 1356 2739 angelo
1372 2693 1458 2728 duce
