1742 3005
449 97 546 148 Cap.
581 97 732 138 CLXII.
792 98 849 136 De
880 99 1054 136 omnibns
1089 101 1241 137 sanctis.
1461 101 1537 140 721

143 202 275 247 Justum
301 205 372 242 est,
409 206 465 238 ut„
501 203 584 247 quia
611 203 678 246 ipsi
705 201 748 237 de
773 201 875 237 nobis
903 202 1026 238 festum
1055 208 1164 249 agunt
1189 205 1222 238 in
1246 203 1376 246 coelis,
1414 209 1448 240 et
1472 216 1537 241 nos

148 265 192 300 de
222 267 309 311 ipsis
336 266 461 301 festum
490 277 634 313 agamus
662 269 696 302 in
721 269 835 302 terris.
885 268 994 303 Sexta
1019 273 1072 303 est
1093 274 1237 314 propter
1255 272 1536 315 procurationem

147 333 259 366 nostri
293 331 459 375 honoris;
492 344 565 367 cum
600 335 688 367 enim
719 338 862 367 sanctos
896 332 1124 375 honoramus,
1167 341 1247 369 tunc
1279 340 1432 370 nostram
1467 348 1537 372 rem

146 398 283 443 agimus
309 402 344 432 et
367 403 520 433 nostrum
551 399 718 433 honorem
743 409 989 443 procuramus,
1025 402 1108 444 quia
1134 411 1251 434 eornm
1281 400 1455 437 festivitas
1485 409 1539 438 est

148 467 269 499 nostra
294 463 462 510 dignitas.
493 463 578 498 Nam
600 474 674 498 cum
699 464 910 497 honoramus
937 463 1065 497 fratres
1091 469 1243 505 nostros,
1269 470 1303 499 et
1328 465 1538 503 honoramus

149 539 212 563 nos
238 530 356 574 ipsos,
384 531 512 564 caritas
536 539 683 573 namque
710 528 795 562 facit
820 529 936 562 omnia
960 539 1038 563 esse
1074 531 1288 572 communia3
1318 533 1433 566 omnia
1459 535 1536 578 qui-

151 593 228 630 dem
261 599 382 629 nostra
417 599 498 629 sunt
531 593 722 635 coelestia,
754 594 940 627 terrestria
974 597 1008 628 et
1040 599 1196 631 aeterna.
1244 594 1389 631 Praeter
1422 602 1537 634 autem

149 660 214 694 has
259 662 414 695 rationes
457 661 556 704 ponit
600 659 691 693 alias
727 660 882 694 rationes
919 658 1099 694 Johannes
1132 660 1370 696 Damascenus
1400 663 1442 699 L.
1479 663 1535 700 lv.

149 735 225 770 cap.
245 724 331 767 VII„
359 735 466 771 quare
495 724 629 759 scilicet
645 726 758 759 sancti
784 729 818 760 et
844 725 978 769 pariter
1001 736 1117 759 eorum
1137 736 1288 771 corpora
1313 728 1389 762 sive
1418 740 1535 765 eorum

148 790 318 837 reliquiae
350 790 503 826 debeant
536 790 724 832 honorari,
765 800 910 836 quarum
951 791 1122 836 quaedam
1157 797 1337 827 sunnmtur
1372 801 1535 840 quantum

146 856 192 891 ad
227 867 344 892 eorum
382 856 612 902 dignitatem,
650 855 819 901 quaedam
863 862 1025 902 quantum
1070 857 1113 891 ad
1157 870 1341 902 corporum
1382 862 1535 905 ipsorum

149 924 418 968 pretiositatem.
466 921 629 967 Dignitas
654 925 767 955 autem
795 932 935 963 eorum,
970 926 1007 956 ut
1033 922 1162 957 ibidem
1189 923 1291 965 dicit,
1318 927 1537 971 quadruplex

148 993 223 1032 est,
249 990 412 1034 quoniam
439 988 507 1033 ipsi
532 990 611 1021 sunt
635 987 736 1020 amici
761 986 844 1029 Dei,
875 985 936 1021 filii
963 987 1047 1030 Dei,
1078 988 1249 1024 haeredes
1277 989 1340 1024 Dei
1367 995 1401 1025 et
1429 991 1536 1029 duces

146 1057 270 1092 nostri.
316 1053 359 1089 Et
388 1055 486 1099 ponit
517 1055 604 1088 istas
634 1054 884 1096 auctoritates,
912 1053 954 1088 de
981 1056 1090 1099 primo
1131 1054 1310 1090 Johannes
1347 1056 1430 1092 XV:
1461 1060 1534 1103 Jam

146 1131 216 1155 non
242 1120 353 1154 dicam
366 1130 441 1154 -vos
469 1129 616 1161 servos,
652 1118 715 1153 sed
741 1120 871 1154 amicos
898 1124 985 1162 etc.,
1017 1120 1059 1154 de
1085 1121 1238 1155 seeundo
1262 1120 1340 1156 Joh.
1369 1121 1401 1156 1:
1440 1123 1538 1159 dedit

145 1189 354 1231 potestatem
377 1184 468 1220 filios
494 1185 557 1220 Dei
582 1184 678 1227 fieri,
714 1184 756 1220 de
790 1186 894 1220 tertio
929 1185 1024 1220 Rom.
1061 1185 1158 1221 VIII:
1193 1188 1223 1221 si
1257 1192 1370 1222 autem
1404 1188 1466 1223 filii
1502 1196 1537 1226 et

145 1250 318 1295 haeredes
352 1255 439 1294 etc.,
475 1251 519 1286 de
553 1255 677 1297 quarto
713 1252 763 1285 sic
797 1250 899 1285 dicit:
933 1256 1097 1296 quantum
1122 1252 1325 1296 taboram,
1353 1258 1390 1288 ut
1414 1255 1536 1291 ducem

108 1295 338 1360 *invenirem
364 1318 423 1363 qui
447 1317 583 1352 mortali
600 1321 632 1351 te
651 1318 729 1363 regi
747 1316 938 1351 adduceret
958 1322 991 1352 et
1008 1329 1071 1362 pro
1090 1323 1124 1353 te
1143 1319 1187 1353 ad
1208 1321 1319 1363 ipsum
1342 1329 1535 1356 sermonem

146 1381 290 1418 faceret.
337 1382 450 1417 Duces
472 1384 581 1428 igitur
600 1384 740 1428 generis
760 1384 868 1416 totius
890 1382 1041 1425 humani,
1069 1385 1126 1429 qui
1147 1383 1192 1418 ad
1214 1384 1320 1419 Deum
1348 1396 1410 1429 pro
1431 1386 1534 1421 nobis

145 1448 449 1492 interpellationes
475 1448 625 1490 faciunt,
653 1459 765 1482 nonne
793 1448 991 1482 honorandi
1016 1450 1123 1484 sunt?
1159 1451 1277 1495 utique
1305 1451 1442 1496 quidem
1472 1452 1535 1486 ho-

145 1513 292 1548 norandi
318 1518 398 1548 sunt
421 1512 551 1558 templa
575 1515 751 1559 erigentes
779 1512 852 1548 Deo
881 1518 914 1549 et
944 1525 1060 1549 eorum
1086 1516 1286 1549 memoriam
1317 1521 1534 1552 venerantes.

114 1579 248 1626 ‘Aliae
289 1584 470 1614 sumuntur
511 1583 674 1625 quantum
715 1579 759 1614 ad
796 1590 979 1625 corporum
1022 1582 1175 1625 ipsorum
1209 1582 1466 1625 pretiositatem
1503 1589 1537 1619 et

145 1647 244 1691 ponit
269 1645 359 1680 idem
384 1644 621 1680 Damascenus
647 1650 797 1691 quatuor
833 1650 867 1680 et
892 1646 1110 1691 Augustinus
1137 1646 1236 1680 addit
1263 1648 1436 1692 quintum,
1474 1660 1537 1694 per

145 1710 239 1757 quod
263 1711 507 1746 manifestatur
530 1712 734 1756 pretiositas
762 1722 944 1756 corporum
973 1713 1046 1747 sive
1074 1713 1300 1758 reliquiarum
1325 1718 1535 1750 sanctorum.

143 1776 224 1821 Ipsa
259 1778 347 1811 enim
379 1781 580 1812 sanctorum
611 1787 763 1822 corpora
797 1776 936 1812 suerunt
971 1779 1217 1822 promtuarium
1242 1778 1328 1819 Dei,
1374 1780 1537 1824 templum

145 1841 294 1884 Christi,
328 1842 544 1877 alabastrum
572 1842 769 1888 spiritualis
796 1844 985 1889 unguenti,
1020 1843 1135 1879 sontes
1169 1844 1278 1878 divini
1307 1849 1341 1879 et
1368 1856 1536 1892 organum

144 1909 290 1953 spiritus
317 1910 441 1943 saneti.
489 1908 603 1944 Primo
631 1910 720 1944 enim
744 1908 883 1943 suerunt
917 1911 1166 1953 promtuarium
1196 1910 1282 1954 Dei,
1319 1912 1409 1947 unde
1436 1912 1537 1948 dicit:

145 1971 182 2007 hi
201 1975 289 2008 enim
308 1974 526 2018 promtuaria
541 1974 606 2009 Dei
627 1985 715 2019 pura
736 1975 927 2010 coenacula
952 1975 1035 2009 facti
1053 1980 1143 2010 sunt.
1194 1976 1356 2012 Secundo
1377 1979 1539 2023 templum

147 2037 290 2080 Christi,
316 2038 408 2073 unde
427 2041 598 2084 sequitur,
625 2042 787 2085 quoniam
809 2051 872 2084 per
893 2041 1108 2075 intellectum
1129 2043 1162 2075 in
1183 2043 1393 2086 corporibus
1420 2054 1539 2078 eorum

146 2102 320 2137 habitavit
346 2103 460 2144 Deus,
487 2108 523 2137 ut
548 2105 598 2137 ait
622 2105 815 2149 apostolis:
851 2106 1015 2148 nescitis,
1050 2108 1213 2150 quoniam
1240 2117 1392 2151 corpora
1421 2113 1542 2143 vestra

147 2168 310 2213 templum
346 2168 576 2203 inhabitantis
615 2170 649 2203 in
684 2169 782 2204 vobis
817 2171 961 2214 spiritus
995 2172 1108 2204 saneti
1145 2173 1250 2207 sunt?
1298 2172 1391 2207 Deus
1427 2178 1539 2208 autem

147 2235 292 2278 spiritus
319 2238 392 2273 ests
429 2234 581 2280 qualiter
614 2236 722 2281 igitur
755 2246 823 2269 non
857 2234 1063 2270 honoranda
1087 2237 1240 2271 animata
1265 2238 1394 2283 templa
1419 2239 1482 2274 Dei
1509 2244 1543 2274 et

148 2300 301 2333 animata
316 2299 380 2334 Dei
406 2300 634 2336 tabernacula
668 2302 762 2336 etos?
811 2301 860 2336 De
895 2301 961 2336 hoc
988 2303 1090 2336 etiam
1118 2302 1403 2348 Cin-§sostomusz
1440 2304 1542 2339 homo

148 2364 184 2398 in
208 2363 455 2400 aedificatione
482 2368 653 2411 parietum
678 2366 895 2410 delectatur,
934 2367 1028 2402 Deus
1064 2371 1178 2402 autem
1213 2370 1247 2402 in
1275 2372 1543 2405 conversatione

149 2433 366 2472 sanctorum,
415 2431 506 2465 unde
537 2431 687 2469 Psalm.:
731 2433 889 2475 domine,
933 2433 1040 2468 dilexi
1085 2433 1248 2468 decorem
1289 2434 1410 2469 domus
1450 2439 1543 2470 tuae.

151 2495 258 2535 Quem
300 2494 489 2530 decorem?
547 2495 625 2530 Non
667 2509 768 2542 quem
811 2498 1000 2533 diversitas
1041 2509 1247 2533 marmorum
1287 2500 1544 2544 splendentium

151 2559 257 2603 I'acit,
290 2559 351 2594 sed
379 2571 478 2605 quem
505 2566 663 2605 praestat
688 2564 843 2597 varietas
879 2565 1065 2598 viventium
1091 2566 1295 2609 gratiarum.
1342 2564 1406 2600 Ille
1441 2565 1547 2601 decor

152 2633 289 2660 earnem
316 2625 491 2667 delectat,
528 2627 595 2661 iste
631 2626 783 2662 vivificat
809 2629 976 2666 animam,
1011 2629 1071 2663 ille
1096 2640 1159 2674 pro
1185 2633 1340 2675 tempore
1366 2630 1487 2676 dejicit
1514 2636 1547 2667 et

156 2688 286 2735 decipit
308 2690 441 2733 oculos,
470 2692 537 2727 iste
559 2696 672 2727 autem
700 2695 731 2727 in
759 2697 962 2739 perpetuum
981 2693 1143 2729 aedificat
1162 2696 1386 2732 intellectum.
1423 2697 1547 2733 Tertio

1228 2761 1274 2796 46
