1742 3005
198 90 296 140 Cap.
329 89 497 128 CCXIII.
537 90 597 128 De
621 97 750 128 sancto
778 91 972 129 Ludovico
999 105 1088 144 rege
1113 94 1359 133 Francorum.
1416 96 1498 136 915

114 191 263 225 braveris,
289 192 367 221 lecto
386 194 544 227 evangelio
563 195 679 228 singula
700 196 833 222 membra
852 197 971 224 abbatis
991 196 1029 224 de
1056 197 1139 230 oleo,
1166 198 1247 233 quod
1271 200 1359 228 sudat
1385 200 1422 229 de
1449 205 1495 229 tu·-

111 237 193 264 mulo
212 246 296 270 meo,
321 247 486 273 perunges,
513 239 615 273 sicque
634 241 826 268 suscitabitur
845 246 890 273 et,
917 246 1076 276 antequam
1101 243 1238 272 divinum
1264 245 1396 272 officium
1414 254 1496 273 com-

110 281 210 316 pleas,
230 282 269 309 ad
287 283 421 315 vigorem
441 289 470 311 et
488 289 598 312 statum
617 285 775 319 pristinum
793 284 1013 313 reformabitur.
1050 288 1102 315 His
1121 288 1209 316 dictis
1222 289 1306 322 virgo
1321 289 1495 317 beatissima

111 325 247 354 dextram
266 328 418 362 pontificis
444 329 660 364 apprehendit,
687 330 821 363 dausque
846 330 892 357 illi
916 331 1058 358 annulum
1083 333 1248 367 pretiosum
1275 339 1304 361 et
1331 334 1495 362 chartulam

109 372 207 399 aureis
225 372 334 400 litteris
353 373 494 408 scriptam
513 379 542 401 et
562 374 708 409 disparuit
729 379 756 401 et
776 374 843 401 iniri
863 375 963 402 odoris
990 376 1150 408 fragrantia
1169 379 1319 407 rem-msit.
1357 379 1495 406 Chartula

109 425 182 443 vero
216 421 276 445 tres
303 419 464 446 x‘erboruni
490 419 583 446 lineas
608 419 740 445 habebat
767 423 797 445 et
819 419 893 445 haec
920 429 975 454 per
999 421 1136 449 ordinem
1162 423 1344 452 continebat.
1398 425 1493 452 Prima

108 459 203 488 linea:
238 462 365 496 Sabine,
399 464 455 490 hae
486 463 602 491 litterae
633 468 701 490 sunt
727 462 805 489 inter
830 473 877 490 me
902 469 930 490 et
958 469 986 491 te
1013 466 1096 498 sigua
1124 467 1295 495 dilectionis
1320 474 1493 504 perpetuae.

108 505 261 533 Secunda:
292 506 365 534 fecit
396 507 453 534 tibi
478 508 617 535 meritum
642 508 746 540 ingens
773 507 875 539 dolor,
905 508 995 536 saciet
1021 510 1077 537 tibi
1104 511 1245 542 gaudium
1273 512 1377 544 iugens
1401 522 1492 542 amor.

107 550 227 577 Tertia:
247 551 354 579 ducem
373 552 562 588 baptizabis,
589 561 679 580 sanus
699 552 738 578 ad
757 551 878 586 propria
897 554 1061 587 remeabis,
1086 556 1188 589 sicque
1207 557 1353 584 decennio
1372 558 1492 592 expleto

107 593 302 623 laudabiliter
319 607 435 624 mecum
453 597 512 624 eris
531 597 561 623 in
579 596 703 623 coelesti
722 597 847 636 palatio,
883 600 967 625 Tunc
986 598 1032 625 vir
1047 600 1207 628 immensas
1219 601 1328 633 gratias
1344 606 1372 629 et
1389 602 1493 629 laudes

106 642 170 666 Deo
195 640 329 667 reddidit
353 650 409 676 pro
434 646 496 668 tam
523 640 671 668 ineffabili
696 641 917 675 consolatione,
950 653 1040 676 quam
1066 644 1094 671 ei
1120 646 1297 674 exhibuerat
1322 648 1493 682 praesentia

105 683 230 717 virginis
248 685 406 717 gloriosae.
441 689 530 713 Facto
549 685 639 717 igitur
658 685 706 712 die
727 685 787 712 dux
807 691 939 714 montem
965 689 1140 723 adscendit,
1167 695 1195 717 et
1223 701 1289 718 cuin
1316 692 1491 727 episcopum

104 728 144 755 ad
162 728 255 756 altare
273 730 501 764 procedentem,
527 730 698 762 videntem,
726 730 898 764 loquentem
917 737 945 759 et
966 733 1065 761 omnia
1084 736 1217 762 membra
1237 735 1420 769 integraliter
1440 737 1492 763 ha-

103 773 226 800 bentem
252 775 455 809 conspiceret,
486 775 643 810 obstupuit
667 776 869 804 vehementer.
916 779 1000 804 Tunc
1033 778 1111 806 lecto
1144 781 1301 813 evangelio
1332 786 1491 816 praesente

101 818 178 845 duce
196 819 359 854 episcopus
377 821 511 847 membra
531 820 669 852 abbatis,
696 821 746 854 qui
765 820 795 847 in
815 821 915 848 medio
934 822 1051 857 positus
1079 829 1154 857 erat,
1181 834 1311 858 ungens,
1337 837 1391 861 per
1409 826 1489 853 ordi-

100 872 170 890 nem
195 864 289 891 abbas
314 863 454 891 omnibus
479 864 656 892 videntibus
682 865 838 892 redivivus
865 867 1019 901 apparuit,
1055 868 1157 901 sicque
1181 870 1320 897 omnibus
1347 871 1489 897 membris

100 908 342 942 renascentibus,
369 914 530 942 antequam
557 910 693 937 divinum
720 909 851 937 officium
878 912 1048 945 perficeret,
1083 913 1257 947 plenissime
1284 919 1406 941 sanatus
1433 920 1487 942 est.

101 956 167 987 Quo
185 953 253 980 viso
272 953 416 981 miraculo
436 954 497 981 dux
516 954 652 988 lacrymis
671 954 877 989 perfunditur,
905 955 993 981 corde
1021 956 1230 990 compungitur
1249 963 1276 984 et
1297 959 1488 993 amplectitur

98 997 191 1024 fidem
216 1002 246 1025 et
269 1007 336 1025 cuin
361 999 463 1026 multis
489 999 643 1026 nobilibus
670 999 803 1033 perfecte
836 999 1028 1027 credentibus
1059 1001 1096 1026 ab
1130 1001 1274 1036 episcopo
1305 1002 1487 1037 baptizatur.

99 1042 157 1077 Qui
176 1052 243 1070 cum
261 1042 441 1071 haeredibus
461 1049 582 1076 careret,
602 1043 722 1070 saeculo
741 1044 934 1076 renuntiavit,
954 1048 1063 1071 terram
1081 1054 1164 1072 snam
1181 1046 1319 1073 vendidit
1332 1051 1361 1074 et
1377 1048 1487 1075 bonam

97 1088 269 1122 portionem
293 1087 436 1115 fratribus
460 1088 490 1115 in
516 1093 617 1115 monte
637 1090 713 1122 Syna
734 1088 912 1121 degentibus
932 1089 1073 1122 tradidit,
1099 1092 1225 1117 Romani
1251 1101 1317 1118 cum
1341 1091 1486 1127 episcopo

97 1137 127 1159 et
151 1133 262 1160 abbate
287 1137 317 1160 et
343 1132 410 1160 aliis
435 1133 539 1160 multis
564 1133 737 1160 devotionis
764 1133 856 1165 gratia
883 1133 983 1166 venit,
1016 1134 1108 1160 multa
1136 1134 1197 1161 auri
1224 1135 1358 1170 pondera
1385 1145 1485 1164 secum

97 1177 236 1204 deserens
258 1178 444 1213 pauperibus
470 1177 586 1206 tribuit.
620 1178 736 1204 Deinde
760 1177 798 1204 ad
823 1178 980 1205 consilium
1006 1179 1101 1206 sancti
1128 1180 1232 1207 Sabini
1250 1180 1485 1210 santOSiSSImunt

94 1222 310 1251 monasterinm
333 1222 499 1256 virgiuum,
525 1223 607 1256 quod
633 1222 741 1249 dicitur
767 1222 834 1248 aula
859 1224 927 1255 Dei,
952 1223 982 1250 iu
1007 1224 1151 1251 honorem
1176 1225 1283 1252 beatae
1311 1226 1484 1253 catherinae

93 1267 251 1301 laudavit,
281 1268 364 1302 quod
395 1268 427 1294 in
459 1267 561 1295 multis
592 1267 838 1302 possessionibus
870 1272 898 1295 et
925 1268 1041 1295 divitiis
1065 1269 1233 1303 ampliavit.
1275 1273 1427 1298 Postremo
1453 1272 1484 1297 in

94 1317 198 1340 monte
224 1313 346 1341 Cassino
372 1312 579 1340 monachalem
605 1312 740 1338 habitum
767 1313 899 1347 suscepit
925 1313 1098 1347 ibidemque
1125 1315 1240 1342 Christo
1264 1315 1326 1347 regi
1352 1325 1483 1350 suaeque

93 1358 182 1386 matri
200 1362 229 1385 et
249 1358 356 1384 beatae
376 1358 568 1390 Catherinae,
587 1357 730 1391 quamdiu
749 1357 841 1390 vixit,
862 1357 1059 1385 devotissime
1078 1359 1229 1388 militavit.
1265 1362 1391 1387 Sanctus
1409 1369 1482 1387 vero

94 1403 238 1435 Sabinus,
264 1412 332 1430 cum
355 1407 423 1437 post
450 1402 627 1430 decennium
653 1402 692 1429 ad
718 1406 883 1429 extremum
914 1404 1063 1437 venisset,
1093 1405 1214 1437 dignum
1248 1408 1310 1431 Deo
1344 1405 1483 1440 spiritum

92 1446 225 1480 efflavit,
245 1447 300 1474 sed
318 1457 384 1474 cum
402 1447 501 1480 lingua
519 1449 583 1481 ejus
602 1447 632 1475 in
652 1456 702 1474 ore
720 1449 783 1481 ejus
803 1447 923 1474 mininie
943 1454 1117 1483 appareret,
1143 1450 1219 1476 nulli
1238 1449 1377 1481 dubium,
1410 1450 1481 1483 quin

91 1492 177 1524 virgo
196 1491 326 1524 gloriosa
352 1501 418 1519 eam
443 1492 528 1525 tulit,
555 1502 631 1526 quae
656 1501 709 1519 suo
736 1492 848 1519 devoto
875 1502 941 1520 eam
967 1504 1020 1528 per
1047 1494 1225 1521 decennium
1252 1494 1409 1520 mutuavit.
1447 1499 1479 1521 ln

91 1537 178 1571 hujus
204 1545 323 1570 quoque
348 1536 471 1568 gloriosi
498 1537 634 1572 episcopi
661 1537 834 1564 memoriam
862 1537 988 1565 annulus
1008 1542 1036 1565 et
1056 1539 1156 1567 charta
1175 1539 1257 1574 apud
1276 1538 1479 1567 Mediolanum

91 1590 185 1616 usque
203 1581 294 1610 hodie
313 1585 479 1611 servantur.

509 1903 636 1965 cAP.
672 1903 860 1966 ccxffl.
895 1902 1050 1968 (210.)

115 2005 216 2049 Do
245 2003 466 2049 sancto
495 2002 821 2048 liudovico
850 2013 1008 2060 rege
1035 2004 1446 2050 Francorum.

186 2109 359 2137 LudovIcus
378 2109 487 2136 dicitur
505 2109 591 2142 quasi
610 2109 707 2135 lucem
726 2108 842 2135 donans
861 2116 914 2135 seu
932 2108 1008 2135 lucis
1023 2108 1119 2135 dator.
1155 2112 1371 2143 Interpretatur
1382 2108 1473 2134 etiam

86 2159 231 2190 quantum
256 2154 296 2181 ad
321 2154 457 2181 ultimam
481 2152 611 2180 nominis
637 2157 754 2188 partem
777 2156 888 2179 custos.
924 2156 989 2180 Icos
1016 2152 1095 2179 enim
1120 2161 1224 2184 graece
1243 2152 1352 2179 dicitur
1369 2157 1471 2179 custos

84 2200 188 2229 latine.
222 2199 289 2227 Fuit
315 2199 395 2226 enim
420 2207 542 2226 severus
568 2197 656 2225 verbi
682 2201 783 2224 custos
809 2196 879 2229 nei,
906 2201 938 2223 ut
964 2206 1001 2223 ex
1027 2198 1090 2231 ejus
1123 2196 1214 2229 gestis
1241 2197 1471 2224 demonstratur.

84 2245 149 2273 Fuit
164 2244 255 2272 etiam
268 2243 396 2280 pervigil
416 2248 516 2271 custos
535 2241 682 2269 exercitus
702 2241 748 2268 sui
765 2240 796 2267 in
815 2245 891 2267 terra
912 2245 940 2267 et
959 2241 1033 2268 mari
1051 2252 1086 2269 ac
1101 2242 1190 2269 etiam
1205 2241 1314 2277 inipso
1330 2241 1470 2268 coullictu

85 2289 266 2318 certaminis.
300 2289 385 2317 Unde
404 2288 441 2315 de
460 2297 496 2315 eo
516 2287 545 2314 in
564 2286 691 2314 ecclesia
710 2290 856 2313 cantatur.
890 2285 1062 2314 Ludovicus
1089 2296 1124 2313 ex
1148 2286 1270 2314 nomine
1288 2286 1364 2313 lucis
1384 2286 1470 2313 dator

84 2334 262 2370 exprimitur
281 2338 310 2362 et
330 2337 430 2361 custos
448 2332 481 2360 in
499 2332 660 2360 certamine
677 2330 847 2366 praesentis
866 2330 948 2358 vitae
967 2330 1098 2365 ponitur,

185 2382 296 2406 Beatus
314 2377 486 2406 Ludovicus
504 2377 657 2412 quondam
675 2385 727 2403 rex
744 2379 922 2403 Francorum
940 2375 1066 2403 illustris
1084 2380 1200 2411 patrem
1215 2375 1320 2403 habuit
1333 2375 1470 2402 christia-

83 2424 241 2452 nissimum
265 2433 366 2456 regem
390 2422 510 2450 nomine
535 2421 732 2450 Ludovicuui.
768 2421 823 2448 Hic
846 2420 883 2447 de
910 2421 1065 2454 Albigesio
1092 2426 1122 2449 et
1149 2421 1293 2448 comitatu
1315 2420 1468 2448 Tolosano

83 2469 250 2497 haereticos
268 2467 436 2496 debellavit
454 2472 483 2495 et
500 2467 639 2494 haereses
659 2465 854 2501 exstirpavit,
881 2470 918 2492 etr
937 2466 1009 2493 dum
1034 2470 1235 2493 reverteretur
1258 2465 1289 2492 in
1307 2464 1469 2497 Franciani,

82 2514 224 2547 migravit
242 2514 282 2541 ad
300 2513 456 2542 Christum.
490 2516 565 2539 Puer
583 2511 672 2543 igitur
692 2515 812 2538 sanctae
830 2511 942 2538 indolis
960 2515 1046 2546 patre
1065 2510 1274 2538 strenuissimo
1293 2509 1335 2536 sic
1347 2510 1469 2536 orbatus

83 2560 139 2588 snb
165 2559 261 2586 tutela
284 2558 388 2586 matris
411 2556 557 2585 videficet
580 2556 710 2583 Blancae
737 2555 856 2588 reginae
882 2556 1035 2589 quondam
1061 2555 1138 2587 regis
1159 2555 1304 2582 Castellae
1322 2553 1403 2581 filiae
1422 2563 1469 2581 re-

81 2604 202 2633 mansit.
239 2607 335 2639 Qnem
352 2602 419 2639 ipsa
438 2601 599 2629 tenerrime
618 2600 746 2632 diligens
766 2601 820 2628 sub
841 2600 978 2628 custodia
1001 2599 1167 2635 spiritualis
1194 2598 1327 2631 magistri
1350 2602 1379 2625 et
1398 2607 1469 2625 con-

82 2647 151 2677 silio
169 2648 378 2681 religiosorum
396 2646 525 2675 maxime
544 2645 659 2674 ordinis
676 2645 802 2673 fratrum
821 2645 1062 2681 praedicatorum
1081 2649 1110 2671 et
1129 2644 1276 2671 minorum
1290 2643 1321 2670 in
1334 2643 1468 2670 moribus

82 2698 113 2721 et
130 2693 256 2722 scientia
275 2693 442 2722 litterarum
469 2691 595 2721 tradidit
620 2691 825 2720 imbuendum.
863 2692 902 2718 At
927 2690 993 2725 ipse
1019 2689 1102 2718 velut
1128 2689 1204 2717 alter
1230 2688 1371 2717 Salomon
1396 2697 1470 2724 puer
