1742 3005
314 89 410 138 Cap.
445 88 595 124 CXVll.
655 88 713 125 De
743 98 872 124 sancto
904 87 1111 136 Laurentio
1142 88 1308 125 martire.
1423 69 1507 126 489¹

116 193 317 229 Vincentius
360 198 474 228 autem
518 195 550 228 in
589 194 737 240 Juvenili
781 198 896 228 aetate
930 193 993 228 sub
1032 193 1260 239 Dyocletiano
1287 197 1321 227 et
1347 191 1503 226 Daciano

115 269 242 303 passus
276 264 340 294 est.
389 259 459 294 Sed
497 261 585 294 inter
617 259 759 294 Decium
788 264 821 293 et
845 259 1103 304 Dyocletiauum
1132 260 1304 294 fluxerunt
1330 260 1412 292 anui
1436 259 1504 291 cir-

115 326 203 359 citer
224 324 288 358 XL
312 328 346 359 et
371 325 601 369 imperatores
628 329 760 370 septem
787 325 889 359 medii
920 327 1077 367 fuerunt,
1104 329 1140 359 ut
1164 330 1244 358 tuuc
1269 324 1394 359 beatus
1421 324 1505 359 vin-

115 392 249 425 centius
275 401 343 424 non
370 392 523 435 potuerit
544 391 686 436 juvenis
711 392 902 426 exstitisse.
949 391 1079 425 Beatus
1103 394 1217 424 autem
1256 390 1376 424 Sixtus
1409 389 1505 424 Lau-

118 457 263 490 rentium
298 466 396 490 suum
430 456 719 501 archidyaconum
746 455 932 489 ordinavit.
981 454 1111 489 Eodem
1143 459 1299 499 tempore
1324 454 1506 500 Philippus

117 523 308 566 imperator
340 526 373 556 et
400 522 489 555 filius
524 531 607 555 suus
645 522 783 555 nomine
807 519 990 564 Philippus
1021 518 1120 554 fidem
1147 519 1275 553 Christi
1300 526 1507 565 receperant

119 592 153 622 et
182 587 365 621 christiani
398 587 512 621 effecti
546 585 728 620 ecclesiam
754 585 942 620 sublimare
967 585 1150 630 plurimum
1175 585 1386 620 nitebantur.
1436 585 1506 621 Iste

117 652 297 697 Philippus
330 653 461 697 primus
495 653 686 697 imperator
719 651 803 693 suit,
840 652 899 696 qui
932 651 1032 686 iidem
1065 650 1195 685 Christi
1219 653 1372 696 recepit,
1407 663 1507 697 quem

119 717 314 763 Origenes,
343 721 380 751 ut
404 716 552 759 dicitur,
579 717 622 751 ad
652 717 752 752 iidem
780 719 969 759 convertit,
1002 717 1085 751 licet
1109 716 1195 750 alibi
1220 716 1380 763 legatur,
1414 718 1507 763 quod

116 783 242 817 beatus
266 781 410 818 Pontius
441 793 516 818 eum
543 784 766 818 converterit.
815 782 990 828 Regnavit
1023 787 1137 817 autem
1170 793 1260 817 anno
1287 783 1324 818 M
1350 783 1393 818 ab
1421 783 1507 818 urbe

116 848 280 891 condita,
305 852 343 882 ut
358 848 561 883 millesimus
581 858 691 882 annus
718 848 850 883 Romae
870 848 1010 882 Christo
1036 850 1153 893 potius
1179 859 1279 893 quam
1305 849 1418 894 ydolis
1445 849 1506 884 ‹le-

118 913 306 948 dicaretur.
355 913 420 954 Qui
437 914 572 959 quidem
590 924 700 948 annus
717 913 919 948 millesimus
947 913 1012 948 suit
1038 924 1058 947 a
1083 913 1248 948 Romanis
1273 925 1347 948 cum
1375 915 1508 960 ingenti

118 978 278 1013 ludorum
312 983 348 1013 et
380 979 657 1024 spectaculorum
694 983 865 1023 apparatu
904 979 1114 1014 celebratus.
1163 979 1249 1014 Erat
1281 985 1393 1015 autem
1426 980 1508 1015 Phi-

119 1044 216 1090 lippo
258 1045 462 1090 imperatori
501 1044 602 1079 miles
642 1044 783 1090 qnidam
829 1046 966 1080 nomine
1000 1045 1127 1080 Decius
1163 1047 1197 1079 in
1229 1048 1334 1080 armis
1368 1045 1507 1081 bellicis

119 1110 259 1144 multum
284 1113 446 1145 strenuus
471 1114 506 1146 et
531 1111 696 1145 famosus.
747 1110 827 1145 Cum
855 1116 970 1145 autem
996 1111 1117 1146 iisdem
1150 1111 1366 1157 temporibus
1394 1111 1510 1146 Gallia

120 1174 330 1218 rebellaret,
364 1175 449 1210 illuc
480 1178 671 1222 imperator
703 1176 845 1211 Decium
881 1178 996 1219 misit,
1032 1181 1069 1211 ut
1099 1177 1325 1212 rebellantem
1361 1177 1508 1212 Galliam

119 1240 271 1276 Romano
297 1242 442 1286 imperio
475 1242 694 1289 subJugaret.
743 1242 876 1278 Missus
901 1243 1027 1278 Decius
1053 1254 1223 1289 prospere
1249 1248 1372 1278 cuncta
1397 1245 1511 1290 gessit

123 1312 158 1342 et
189 1306 235 1342 ad
266 1307 400 1341 libitum
436 1309 568 1352 potitus
603 1310 751 1342 victoria
784 1307 926 1342 Romam
964 1309 1080 1344 rediit.
1126 1309 1282 1344 Audiens
1320 1311 1512 1354 imperator

122 1375 200 1419 eJus
228 1373 435 1415 adventum,
478 1384 553 1408 eum
591 1374 696 1408 altius
732 1373 966 1409 honorificare
998 1375 1107 1409 voluit
1138 1380 1172 1410 et
1205 1375 1315 1410 eidem
1345 1385 1366 1409 a
1402 1375 1512 1410 Roma

122 1449 233 1484 usque
271 1438 318 1473 ad
352 1438 525 1474 Veronam
560 1439 686 1474 obvius
726 1441 798 1474 ivit.
848 1440 917 1475 Sed
951 1442 1034 1485 quia
1066 1441 1234 1475 malorum
1262 1446 1406 1481 mentes,
1443 1452 1511 1486 quo

122 1506 235 1551 magis
260 1515 300 1540 se
324 1504 492 1539 honorari
519 1507 682 1548 sentiunt,
709 1516 750 1541 eo
778 1506 925 1550 amplius
953 1517 1015 1551 per
1042 1507 1241 1551 snperbiam
1266 1509 1511 1549 intumescunt,

122 1569 251 1605 Decius
283 1571 319 1604 in
353 1570 551 1615 superbiam
593 1571 706 1606 elatus
742 1573 921 1617 imperium
961 1574 1078 1618 eoepit
1106 1572 1237 1607 ambire
1271 1576 1305 1607 et
1336 1572 1378 1607 de
1403 1577 1512 1608 morte

124 1637 178 1670 sui
213 1635 341 1670 domini
375 1641 606 1681 pertractare.
656 1639 739 1673 Cum
768 1640 876 1685 igitur
910 1640 1100 1684 imperator
1141 1639 1176 1672 in
1211 1643 1322 1672 stratu
1360 1649 1422 1672 suo
1449 1638 1513 1673 sub

124 1702 304 1747 papilione
329 1703 547 1748 quiesceret,
584 1705 711 1740 Decius
749 1706 962 1750 papilionem
996 1705 1147 1740 latenter
1181 1706 1338 1739 introivit
1373 1710 1407 1739 et
1433 1704 1514 1739 dor-

124 1769 282 1802 mientem
308 1768 478 1803 domiuum
499 1771 696 1816 Jugulavit,
735 1773 924 1806 exercitum
949 1776 1086 1814 autern,
1120 1772 1179 1817 qui
1206 1782 1279 1805 cum
1306 1773 1517 1816 imperatore

126 1837 288 1876 venerat,
323 1833 369 1868 ad
394 1845 433 1870 se
458 1846 563 1880 prece
589 1842 624 1872 et
648 1839 785 1883 pretio,
816 1837 1016 1872 muneribus
1043 1841 1077 1872 et
1104 1838 1288 1882 promissis
1314 1838 1458 1871 attraxit
1483 1842 1517 1872 et

125 1899 171 1934 ad
209 1899 330 1934 urbem
363 1903 498 1947 regiam
533 1903 647 1948 gradu
686 1905 823 1938 concito
857 1905 1073 1949 properavit.
1132 1903 1288 1938 Audiens
1324 1903 1388 1938 hoe
1433 1903 1516 1938 Phi-

125 1965 244 2010 lippus
273 1967 385 2000 minor
418 1968 575 2002 extimuit
612 1973 644 2003 et
679 1974 786 2003 totum
818 1969 1021 2004 thesaurum
1047 1971 1158 2014 patris
1192 1974 1226 2004 et
1250 1980 1366 2012 suum,
1403 1974 1440 2004 ut
1470 1972 1519 2004 ait

129 2029 294 2064 Sicardus
327 2032 364 2064 in
400 2031 565 2067 chronica
597 2044 681 2076 sua,
716 2034 822 2068 beato
857 2035 956 2069 Sixto
990 2040 1024 2069 et
1056 2039 1176 2069 sancto
1204 2036 1397 2069 Laurentio
1425 2045 1518 2068 com-

130 2095 324 2138 mendavit,
360 2100 416 2138 ut,
450 2098 481 2131 si
519 2099 631 2142 ipsum
665 2109 686 2132 a
718 2098 827 2133 Decio
857 2101 1004 2134 interfici
1040 2101 1279 2146 contingeret,
1316 2099 1519 2134 thesaurum

130 2162 243 2206 ipsum
264 2160 422 2196 eeclesiis
444 2166 477 2196 et
503 2163 718 2208 pauperibus
744 2169 945 2210 erogarent.
992 2165 1064 2200 Nec
1089 2169 1123 2200 te
1148 2169 1296 2207 moveat,
1326 2166 1419 2211 quod
1439 2166 1518 2202 the-

131 2229 247 2269 sauri,
283 2238 370 2273 quos
405 2227 529 2263 beatus
561 2229 774 2264 Laurentius
806 2229 1040 2275 dispensavit,
1082 2241 1150 2265 uon
1177 2230 1337 2266 dicuntur
1363 2232 1521 2268 thesauri

130 2294 375 2338 imperatoris,
413 2294 476 2329 sed
501 2295 694 2338 ecclesiae,
733 2298 815 2341 quia
839 2299 953 2341 potuit
977 2307 1075 2340 esse,
1110 2297 1203 2342 quod
1230 2308 1303 2332 cum
1329 2300 1416 2344 ipsis
1440 2299 1520 2334 the—

132 2360 248 2393 sauris
272 2358 427 2404 Philippi
452 2361 672 2405 imperatoris
700 2362 851 2408 aliquem
886 2364 990 2398 etiam
1020 2362 1222 2398 thesaurum
1249 2364 1420 2400 ecclesiae
1447 2365 1520 2399 ‹lis-

133 2426 305 2470 pensavit.
351 2425 415 2460 Vel
451 2426 541 2461 forte
584 2426 664 2461 ideo
705 2427 866 2463 dicuntur
897 2428 1056 2463 thesauri
1089 2431 1280 2472 ecclesiae,
1323 2432 1405 2476 quia
1437 2431 1522 2466 Phi-

132 2491 249 2536 lippus
267 2502 328 2527 eos
346 2492 539 2538 reliquerat
556 2493 724 2529 ecclesiae
743 2494 956 2540 pauperibus
975 2494 1245 2539 dispensandos.
1277 2497 1378 2532 Licet
1394 2497 1524 2533 haheat

134 2556 387 2592 dubitationem
414 2558 670 2601 vehementem,
708 2564 818 2594 utrnm
844 2560 963 2594 Sixtns
989 2564 1071 2594 tunc
1095 2562 1262 2606 temporis
1288 2562 1403 2606 fuerit,
1433 2565 1522 2599 sicu!

135 2621 227 2656 infra
251 2622 398 2660 dicetur.
445 2623 574 2659 Postea
591 2625 772 2671 Philippus
796 2627 933 2673 aufugit
953 2630 1040 2662 etse
1057 2638 1077 2661 a
1095 2627 1185 2662 faeie
1203 2628 1300 2663 Decii
1322 2630 1523 2665 occultavit.

136 2691 276 2723 senatus
295 2690 403 2736 igitur
422 2689 560 2726 obviam
571 2691 678 2727 Decio
692 2694 863 2737 processit
879 2697 912 2728 et
927 2694 1037 2738 ipsum
1056 2695 1089 2729 in
1102 2695 1280 2740 imperium
1296 2696 1522 2731 confirmavit.
