1742 3005
246 111 327 152 762
505 111 600 161 Cap.
632 108 838 147 CLXVIII.
909 107 968 146 De
998 112 1129 145 sancta
1157 107 1368 147 Elizabeth.

244 218 413 261 irrigatur
438 218 472 249 et
497 214 549 248 sic
575 221 687 257 usque
711 210 756 246 ad
783 209 1044 254 completorium
1069 208 1199 243 talibus
1232 213 1286 244 est
1309 210 1435 247 divinis
1460 210 1623 246 consola-

242 280 396 314 tionibus
433 280 627 312 immorata.
677 276 759 311 Cum
785 286 868 311 vero
895 274 954 308 diu
977 277 1098 308 tac-ens
1123 273 1252 308 nullum
1287 276 1426 311 verbum
1452 279 1627 312 emisisset

243 347 403 390 penitus,
428 343 569 378 tandem
594 350 822 387 prorumpens
848 340 967 374 locuta
993 343 1046 374 est
1070 338 1206 375 dicens:
1239 342 1307 384 ita,
1333 341 1488 384 domine,
1512 347 1550 377 tu
1573 344 1626 378 vis

242 421 322 446 esse
347 420 477 445 mecum
503 412 537 443 et
562 418 629 453 ego
654 411 767 442 tecum
802 410 836 441 et
867 415 1039 451 nunquam
1072 405 1150 439 volo
1183 415 1204 440 a
1236 409 1271 441 te
1305 407 1476 451 separari.
1522 407 1626 442 Post-

242 476 380 510 modum
404 485 478 509 cum
504 473 548 508 ab
574 473 712 508 ancillis
739 475 942 518 rogaretur,
979 474 1016 504 ut
1049 470 1093 505 ad
1119 470 1183 506 Dei
1214 471 1381 507 honorem
1415 476 1449 507 et
1473 473 1626 517 ipsarum

241 540 539 581 aedificationem,
570 538 653 583 quid
686 538 831 579 viderit,
863 536 1054 577 indicaret,
1091 536 1152 570 illa
1187 537 1341 581 ipsorum
1365 539 1628 583 importunitate

242 606 382 642 devicta
406 607 475 640 ait:
510 604 581 640 vidi
614 603 747 638 coelum
774 606 930 647 apertum
963 606 997 636 et
1019 602 1139 638 Jesum
1164 613 1202 638 se
1228 602 1272 637 ad
1297 613 1351 638 me
1375 603 1628 649 benignissime

241 672 466 706 inclinantem
494 670 692 713 vultumque
716 669 760 703 ad
788 679 841 703 me
867 669 1139 703 sincerissimum
1170 668 1422 712 ostendentem,
1449 680 1517 715 ego
1544 679 1627 704 vero

241 737 284 772 de
311 746 377 772 sua
402 737 538 770 visione
565 733 735 768 ineffabili
757 732 977 778 jucunditate
1004 733 1148 776 perfusa
1180 734 1223 768 de
1255 744 1319 768 suo
1344 744 1487 770 recessu
1512 744 1627 769 rema-

240 803 366 838 nebam
400 801 506 835 multo
543 809 701 834 moerore
735 798 886 843 deiecta.
936 797 1001 837 Qui
1035 799 1100 831 mei
1133 800 1295 833 misertus
1330 801 1453 835 iterum
1488 811 1540 835 nie
1572 801 1628 834 sui

239 868 355 902 vultus
381 867 583 901 ostensione
609 864 805 899 laetificans
830 864 896 897 ait:
932 863 962 897 si
987 866 1024 896 tu
1049 863 1101 896 viS
1128 873 1207 898 esse
1233 875 1381 907 meeum,
1417 875 1476 900 ero
1503 869 1627 902 tecum.

242 934 306 968 Cui
331 943 399 978 ego
428 930 615 975 respondi,
650 934 754 975 prout
784 940 837 965 me
869 930 1068 973 loquentem
1095 928 1292 964 audivistis.
1343 930 1495 975 Cumque
1519 940 1628 976 roga-

241 1002 356 1039 retur,
381 1001 419 1032 ut
443 998 546 1032 etiam
573 997 761 1037 visionem,
797 1004 897 1039 quam
918 996 1022 1039 juxta
1046 994 1158 1029 altare
1184 995 1287 1038 vidit,
1322 1000 1534 1040 exponeret,
1568 995 1630 1030 illa.

241 1063 449 1108 respondit:
477 1072 566 1107 quae
592 1061 640 1094 ibi
667 1060 761 1102 vidi,
789 1071 856 1094 non
886 1059 1028 1104 expedit
1053 1069 1240 1103 enarrare,
1267 1060 1315 1095 ibi
1340 1065 1454 1096 tamen
1479 1063 1513 1095 in
1539 1071 1629 1107 gau-

242 1130 301 1163 dio
328 1129 376 1162 sui
402 1127 508 1161 multo
541 1132 575 1162 et
599 1127 662 1161 Dei
698 1125 855 1160 miranda
888 1127 1067 1170 conspexi.
1120 1126 1280 1170 ¹)Saepe
1306 1137 1464 1171 quoque,
1491 1127 1569 1161 dum
1596 1129 1630 1160 in

243 1196 404 1229 oratione
429 1193 660 1234 consisteret,
698 1191 808 1225 facies
835 1192 911 1236 ejus
940 1192 1026 1225 mire
1051 1190 1262 1234 splendebat
1286 1195 1320 1225 et
1347 1202 1389 1226 ex
1415 1193 1491 1238 ejus
1517 1192 1628 1226 oculis

242 1262 355 1294 instar
388 1259 475 1293 solis
511 1257 601 1292 radii
632 1257 832 1302 prodibant.
882 1257 998 1301 Saepe
1029 1260 1142 1290 autem
1178 1257 1254 1300 ejus
1289 1259 1403 1291 oratio
1435 1260 1522 1292 tanti
1557 1258 1627 1292 ser-

241 1328 339 1360 voris
372 1323 632 1366 inveniebatur,
666 1328 703 1358 ut
737 1325 839 1358 etiam
874 1323 965 1356 alios
999 1321 1238 1356 inflammaret.
1286 1323 1451 1358 Juvenem
1481 1334 1629 1369 namque

242 1390 416 1437 quendam
442 1390 649 1425 seculariter
676 1389 830 1423 indutum
856 1388 900 1422 ad
929 1398 967 1423 se
993 1398 1120 1422 vocans
1147 1389 1215 1422 ait:
1242 1389 1371 1423 videris
1391 1389 1491 1422 trimis
1512 1389 1628 1424 disso-

241 1458 315 1492 lute
340 1459 478 1499 vivere,
504 1466 578 1490 cum
604 1455 752 1491 deberes
778 1456 930 1489 creatori
956 1459 1015 1488 tuo
1041 1455 1194 1496 servire,
1229 1454 1401 1497 vellesne,
1438 1454 1531 1500 quod
1566 1465 1630 1499 pro

242 1528 278 1558 te
302 1523 409 1557 Deum
441 1523 608 1557 orarem?
655 1520 697 1555 Et
723 1521 804 1555 ille:
839 1520 918 1554 volo
953 1524 988 1554 et
1018 1519 1054 1553 id
1084 1519 1306 1555 veliementer
1331 1531 1498 1566 exposco.
1548 1521 1632 1555 Cum

243 1589 354 1633 igitur
379 1589 531 1621 orationi
556 1598 594 1621 se
622 1586 780 1621 dedisset
805 1590 839 1621 ct
866 1588 1031 1630 juvenem
1057 1585 1217 1621 similiter
1246 1597 1309 1631 pro
1335 1597 1373 1622 se
1399 1587 1551 1621 orationi
1577 1587 1631 1620 in-

242 1653 406 1688 cumbere
442 1653 653 1693 monuisset,
690 1653 830 1696 juvenis
866 1652 939 1686 alta
972 1663 1057 1688 voce
1099 1652 1262 1687 clamavit
1304 1652 1441 1687 dicens:
1481 1656 1631 1693 cessate,

245 1719 398 1760 domina,
425 1718 469 1752 ab
497 1719 679 1759 oratione,
710 1718 782 1762 jam
809 1721 957 1751 cessate.
1007 1718 1076 1752 Sed
1104 1729 1179 1752 cum
1206 1718 1267 1752 illa
1300 1720 1465 1752 attentius
1500 1722 1631 1760 oraret,

238 1786 382 1829 juvenis
408 1783 512 1818 altius
539 1784 691 1817 clamans
718 1783 823 1816 dixit:
852 1787 1009 1824 cessate,
1043 1782 1192 1824 domina,
1219 1785 1301 1827 quia
1326 1787 1419 1818 totus
1445 1783 1568 1818 delicio
1599 1786 1633 1818 et

241 1850 441 1885 comburor.
488 1848 568 1893 lpse
603 1851 691 1883 enini
730 1851 827 1882 tanto
861 1848 979 1882 calore
1006 1848 1120 1882 suerat
1145 1858 1356 1889 succensus,
1389 1852 1426 1882 ut
1451 1852 1544 1882 totus
1570 1858 1629 1882 su-

243 1916 331 1949 dans
363 1920 397 1949 et
436 1914 570 1948 sumans
606 1924 733 1958 eorpus
770 1918 805 1948 et
836 1913 984 1947 brachia
1009 1913 1103 1947 velut
1127 1923 1246 1947 aurens
1268 1914 1444 1957 jactaret,
1480 1914 1569 1948 adeo
1595 1918 1632 1948 ut

244 1981 403 2025 plerique
446 1984 668 2013 occurrentes
708 1980 890 2023 ipsumque
928 1983 1088 2012 tenentes
1129 1983 1244 2013 vestes
1289 1980 1366 2024 ejus
1408 1990 1492 2024 prae
1523 1981 1631 2014 vnimio

244 2045 375 2080 sudore
400 2045 558 2078 madidas
585 2045 778 2078 invenirent
810 2048 844 2078 et
869 2047 1002 2077 aestum
1030 2044 1106 2088 ejus
1138 2044 1230 2078 terre
1258 2055 1325 2078 non
1356 2048 1518 2089 possent,
1553 2047 1631 2090 ipso

244 2122 327 2146 vcro
354 2111 524 2145 clamante
552 2113 585 2144 et
613 2109 771 2144 dicente:
796 2095 889 2143 totus
917 2108 1024 2143 ardeo
1050 2113 1084 2143 et
1109 2120 1303 2144 consumor.
1350 2108 1400 2151 Ut,
1419 2121 1500 2145 vero
1527 2110 1634 2146 beata

243 2175 431 2211 Elizabetlt
457 2177 650 2209 orationem
677 2175 885 2219 eomptevit,
913 2175 1055 2220 juvenis
1086 2179 1250 2209 aestuare
1283 2176 1452 2218 cessavit,
1489 2177 1546 2220 qui
1575 2187 1631 2211 re-

246 2242 346 2277 diens
381 2240 425 2275 ad
463 2251 501 2275 se
537 2242 646 2284 ipsum
684 2244 718 2275 et
752 2240 870 2274 diviua
903 2241 1021 2285 gratia
1056 2240 1251 2274 illustratus
1287 2240 1444 2275 ordinem
1489 2242 1632 2276 fratrum

244 2309 413 2343 minorum
441 2308 622 2351 ingressus
649 2310 713 2341 est.
760 2306 825 2341 Illa
857 2311 970 2341 autem
1005 2304 1229 2339 inflammatio
1262 2307 1312 2340 sie
1344 2311 1487 2341 ostensa
1514 2307 1631 2342 fervo-

247 2384 319 2408 rem
359 2373 554 2407 orationuni
596 2381 734 2405 suarum
781 2373 920 2417 igneum
961 2372 1248 2414 demonstrabat,
1295 2374 1352 2417 qui
1394 2377 1462 2406 tam
1497 2373 1632 2410 validus

246 2439 402 2479 exstitit,
446 2436 538 2482 quod
583 2438 686 2471 etiam
732 2436 896 2482 frigidum
939 2438 1172 2472 inflammavit.
1234 2437 1305 2473 Sed
1339 2438 1399 2473 ille
1432 2439 1630 2474 carnalibus

245 2507 409 2537 assuetus
436 2507 470 2536 et
496 2502 740 2546 spiritualibus
766 2502 914 2536 nondum
941 2502 1087 2537 idoneus
1121 2503 1207 2538 talia
1233 2514 1359 2548 capere
1385 2515 1452 2539 non
1479 2503 1628 2539 valebat.

246 2567 301 2602 Ad
329 2579 493 2602 summum
522 2578 605 2602 vero
630 2568 797 2602 cumulum
827 2568 1054 2612 perfectionis
1087 2574 1232 2615 propter
1256 2569 1393 2606 Mariae
1417 2569 1629 2613 contempla-

316 2710 344 2742 l)
366 2709 415 2736 Ed.
436 2714 478 2738 l’r.
499 2712 590 2738 xerbu
611 2713 738 2740 omium
760 2722 797 2739 su
808 2722 848 2748 ep
861 2723 875 2737 s·
894 2729 925 2734 ν·-
945 2713 1170 2747 prodibant.
