1742 3005
328 86 424 136 Cap.
456 84 607 123 LXXX.
664 86 724 123 De
756 92 886 122 sancto
917 85 1044 123 Primo
1075 91 1112 122 et
1140 84 1348 122 Feliciano.
1453 83 1533 123 345

593 203 720 266 GAP.
753 203 918 265 Lxxx.
954 203 1085 268 (75.)

289 305 390 349 De
427 305 647 349 sancto
675 303 897 350 Primo
937 304 1003 348 et
1031 303 1382 350 FelicianO.

230 411 365 447 Primus
392 415 492 458 quasi
520 423 670 447 summus
698 416 731 446 et
756 422 925 457 magnus,
962 410 1160 446 Felicianus
1196 416 1297 458 quasi
1325 414 1410 448 felix
1435 424 1532 448 anus.

142 476 178 510 id
205 482 278 521 est,
306 478 391 513 felix
418 489 537 513 senex.
585 478 648 512 Ille
676 478 765 511 enim
795 476 922 510 dicitur
948 486 1099 510 summus
1132 479 1207 512 sive
1240 489 1387 524 magnus
1417 479 1530 525 digni<

141 546 214 577 tate
240 548 386 588 propter
409 545 557 578 martirii
582 543 864 587 perpessionem,
899 545 1078 586 potestate
1112 546 1257 587 propter
1290 544 1535 578 miraculorum

142 611 403 653 operationem,
430 608 616 642 sanctitate
643 611 790 652 propter
817 609 908 642 vitae
934 607 1201 652 perfectionem,
1230 608 1400 644 felicitate
1428 621 1534 655 prop-

142 678 198 709 ter
223 676 315 708 vitae
339 673 532 719 gloriosam
569 674 779 709 fruitionem.
827 673 899 708 Iste
933 677 1047 707 autem
1078 673 1204 709 dicitur
1229 685 1336 710 senex
1363 686 1432 709 non
1456 680 1533 710 tan-

140 744 210 774 tum
236 744 383 785 propter
406 741 578 784 temporis
605 741 868 785 antiquitatem,
904 739 965 773 sed
1002 741 1106 774 etiam
1139 745 1287 785 propter
1316 742 1535 776 reverentiae

140 804 369 852 dignitatem,
404 810 550 851 propter
586 807 783 851 sapientiae
808 806 1040 840 maturitatem
1069 810 1102 841 et
1127 811 1271 852 propter
1293 817 1424 841 morum
1451 817 1534 854 gra-

139 873 294 907 vitatem.

230 937 365 973 Primus
382 941 415 972 et
427 937 628 973 FelicIanus
649 936 742 982 apud
756 935 1018 982 Dyocletianum
1036 941 1069 972 ct
1085 936 1335 972 Maximianum
1351 948 1372 972 a
1387 937 1533 983 templa

140 1014 215 1038 rum
231 1002 456 1049 pontificibus
477 1008 697 1045 accusantur,
720 1002 824 1048 quod,
846 1004 914 1037 nisi
938 1013 998 1037 eos
1011 1002 1210 1038 sacrificare
1223 1003 1383 1046 set-erint,
1402 1004 1497 1038 nulla
1514 1015 1535 1039 a

141 1070 216 1105 Diis
236 1068 411 1104 beneficia
429 1068 588 1120 obtinere
604 1068 779 1103 valebunt.
828 1067 935 1104 Jussu
955 1070 1063 1115 igitur
1086 1070 1332 1113 imperatorum
1347 1071 1378 1103 in
1396 1080 1535 1105 carcerc

142 1135 388 1178 recluduntur,
437 1134 500 1170 sed
540 1135 584 1169 ab
623 1135 752 1181 angelo
788 1134 937 1177 s01uu1)
976 1134 1194 1180 postmodum
1224 1135 1347 1168 iterum
1381 1137 1532 1180 impera-

142 1200 280 1236 toribus
306 1204 589 1246 praesentantur,
616 1202 674 1246 qui
699 1210 772 1234 cum
800 1202 834 1234 in
862 1200 928 1235 side
956 1200 1041 1234 lirini
1067 1202 1317 1245 persisterent,
1344 1201 1535 1236 crudeliter

141 1266 266 1301 laniati
279 1266 321 1302 ab
339 1268 486 1302 invicem
508 1270 729 1311 separantur,
757 1266 914 1311 dicitque
935 1277 1082 1311 praeses
1098 1265 1292 1309 Feliciauo,
1318 1271 1355 1300 ut
1373 1277 1457 1301 suae
1475 1278 1532 1302 se-

144 1334 277 1367 nectuti
295 1332 494 1366 consuleret
514 1331 632 1365 etDiis
652 1331 860 1370 immolaret,
909 1331 1200 1366 CuiFelicianus:
1224 1342 1306 1367 eece
1320 1333 1392 1378 jam
1403 1332 1535 1367 LXXX

142 1408 253 1432 annos
279 1397 395 1432 babeo
425 1401 459 1431 et
483 1397 585 1431 XXX
610 1398 689 1431 anni
716 1401 813 1439 sunt,
850 1407 892 1432 ex
926 1408 993 1443 quo
1020 1399 1201 1432 veritatem
1224 1400 1351 1444 agnovi
1379 1403 1411 1432 et
1442 1398 1535 1444 elegi

141 1463 217 1498 Deo
245 1465 384 1506 vivere,
424 1464 482 1508 qui
517 1473 570 1497 me
603 1468 721 1508 potest
747 1462 789 1498 de
812 1465 882 1497 tuis
907 1464 1066 1497 manibus
1093 1463 1259 1498 liberare.
1310 1463 1409 1497 Tunc
1426 1465 1536 1509 jussit

140 1535 309 1574 praeses
329 1539 405 1563 eum
443 1528 552 1574 ligari
585 1532 619 1563 et
653 1528 772 1563 clavos
811 1530 845 1562 in
877 1528 1038 1562 manibus
1065 1533 1099 1563 et
1132 1529 1280 1574 pedibus
1309 1528 1407 1574 astigi
1434 1530 1535 1574 eique

142 1594 249 1629 dixit:
281 1594 414 1629 tamdiu
447 1596 496 1629 sic
532 1596 622 1637 eris,
661 1594 770 1630 donec
806 1594 910 1629 nobis
946 1596 1182 1629 consenseris.
1233 1594 1298 1634 Qui
1333 1594 1411 1628 dum
1440 1595 1534 1629 laeto

143 1660 239 1695 vultu
266 1662 492 1706 persisteret,
526 1671 601 1695 eum
633 1659 762 1695 ibidem
799 1661 958 1705 torqueri
990 1661 1099 1706 jussit
1133 1664 1166 1695 et
1193 1660 1279 1694 nihil
1306 1662 1444 1705 penitus
1470 1661 1534 1693 mi-

141 1726 298 1761 nistrari.
346 1726 432 1761 Post
466 1725 534 1760 hoc
569 1730 725 1760 sanctum
752 1725 901 1761 Primum
928 1725 1055 1760 adduci
1081 1726 1163 1760 fecit
1187 1727 1289 1771 eique
1317 1725 1422 1759 dixit:
1456 1736 1535 1760 ecce

142 1789 255 1826 frater
283 1795 364 1825 tuus
397 1793 645 1836 imperatorum
680 1791 833 1826 decretis
870 1793 1050 1827 consensit
1089 1796 1123 1826 et
1161 1792 1204 1826 ob
1238 1792 1304 1826 boc
1330 1803 1475 1838 magnus
1501 1794 1535 1826 in

141 1855 275 1900 palatio
299 1860 510 1900 veneratur,
544 1862 583 1892 tu
616 1858 728 1904 igitur
759 1857 923 1892 similiter
953 1867 1033 1904 age.
1083 1856 1147 1892 Cui
1171 1858 1248 1893 ille:
1284 1858 1368 1893 licet
1394 1858 1536 1903 dyaboli

141 1920 234 1955 filius
261 1923 334 1965 sis,
360 1933 479 1958 verum
504 1927 622 1958 tamen
646 1924 683 1957 in
707 1928 808 1968 parte
836 1923 976 1966 dixisti,
1012 1924 1096 1968 quia
1126 1923 1236 1958 frater
1260 1935 1356 1959 meus
1383 1926 1534 1969 impera-

141 1987 231 2020 toris
260 1987 426 2022 coelestis
451 1986 593 2023 decreto
619 1991 809 2024 consensit.
857 1988 956 2023 Tunc
990 1990 1102 2023 iratus
1139 1996 1286 2034 praeses
1315 1991 1425 2034 jussit
1449 1990 1535 2023 saci-

143 2052 210 2101 bus
233 2052 347 2087 latera
373 2053 449 2097 ejus
475 2052 614 2087 incendi
640 2057 674 2087 et
698 2052 873 2098 plumbum
896 2053 1050 2089 bulliens
1075 2055 1109 2088 in
1133 2065 1173 2089 os
1194 2055 1270 2100 ejus
1289 2054 1437 2096 i-nl'undi,
1462 2064 1536 2088 cer-

143 2122 248 2152 nente
273 2117 451 2152 Feliciano
469 2146 477 2160 ,
512 2122 550 2152 ut
575 2119 627 2152 sic
653 2120 781 2153 terreri
808 2123 957 2163 posset,
994 2121 1072 2163 ipse
1105 2123 1218 2153 autem
1255 2118 1430 2163 plumbum
1458 2124 1536 2153 tan-

145 2192 249 2228 quam
283 2193 408 2229 aquam
448 2182 612 2229 frigidam
647 2186 802 2218 suaviter
832 2184 933 2220 bibit.
982 2181 1083 2219 Tunc
1116 2185 1227 2218 iratus
1269 2194 1415 2229 praeses
1451 2185 1538 2219 duos

146 2248 269 2282 leones
293 2248 340 2283 ad
364 2258 426 2284 eos
451 2250 540 2283 mitti
566 2251 769 2295 praecepit,
794 2252 851 2296 qui
876 2251 991 2284 statim
1025 2249 1070 2283 ad
1105 2249 1216 2294 pedes
1247 2260 1363 2284 eorum
1392 2261 1430 2285 se
1456 2262 1536 2295 pro-

143 2313 309 2358 jecerunt
344 2318 379 2348 et
411 2318 585 2360 tamquam
619 2316 702 2362 agni
735 2317 908 2351 mansueti
942 2326 1060 2350 coram
1096 2316 1140 2348 iis
1176 2319 1358 2350 steterunt.
1407 2315 1539 2350 Rursus

147 2388 250 2412 ursas
290 2377 453 2413 crudeles
485 2378 648 2423 dimittit,
693 2385 727 2416 et
761 2391 836 2416 cum
870 2380 1034 2416 leonibus
1068 2385 1327 2416 mansuescunt.
1385 2380 1542 2414 Aderant

147 2443 192 2478 ad
227 2443 295 2478 hoc
333 2443 570 2488 spectaculum
604 2445 684 2490 plus
717 2457 818 2492 quam
852 2445 917 2482 XII
942 2445 1052 2479 millia
1083 2446 1254 2489 virorum,
1293 2444 1336 2479 de
1363 2444 1488 2490 quibus
1513 2444 1540 2480 D

148 2510 214 2544 viri
246 2510 282 2543 in
318 2508 458 2544 domino
493 2508 735 2555 crediderunt,
773 2521 920 2557 praeses
952 2514 1065 2546 autem
1091 2514 1233 2545 sanctos
1267 2509 1351 2545 fecit
1373 2510 1541 2545 decollari

218 2608 247 2640 1)
264 2610 335 2636 Rec.
352 2607 472 2641 legunt:
492 2608 537 2635 ab
556 2609 694 2641 angelo
713 2608 948 2641 visitantur,
968 2612 1004 2635 et
1022 2617 1039 2635 a
1057 2607 1251 2641 vinculis,
1270 2607 1411 2642 quibus
1430 2613 1542 2635 erant

150 2652 280 2685 ligati,
307 2653 578 2680 absolvuntur
597 2658 632 2680 et
651 2653 770 2681 liberi
790 2654 826 2681 in
847 2661 1002 2681 carcere
1022 2652 1329 2681 deambulantes
1349 2652 1542 2681 dominum

151 2697 255 2725 clara
272 2705 371 2726 voce
391 2697 693 2727 collaudabant.
