1742 3005
272 64 377 103 818*
413 66 507 113 Cap.
540 60 726 99 CLXXX.
788 61 846 96 De
878 60 1017 96 sanctis
1048 60 1223 97 Barlaam
1257 68 1294 97 et
1324 60 1519 111 Josapbat.

275 170 350 204 dani
377 166 528 201 nobilem
554 164 665 198 nollet
691 164 908 208 desponsare
935 173 1097 206 uxorem,
1124 164 1200 207 ipse
1228 174 1378 199 renuens
1404 165 1542 212 aufugit
1568 170 1602 201 et
1627 167 1658 200 in

274 232 443 278 quendam
470 231 580 264 locum
610 229 798 264 deveniens
825 229 992 274 virginem
1021 228 1213 274 quandam,
1242 229 1422 274 enjusdam
1450 233 1545 266 senis
1570 242 1657 276 pau-

271 300 366 343 peris
391 296 520 337 liliam,
555 295 773 330 laborantem
809 298 843 329 et
874 305 936 329 ore
963 294 1071 329 Deum
1105 293 1305 329 laudantem
1332 295 1431 331 vidit,
1477 296 1532 330 Ad
1557 307 1657 343 quam

268 364 349 398 ille:
377 361 458 408 quid
484 365 555 402 est,
582 360 674 406 quod
701 362 800 406 agis,
837 360 987 395 mulier?
1022 370 1095 394 eum
1121 361 1209 394 enim
1238 361 1287 394 ita
1313 370 1447 406 pauper
1471 362 1542 404 sis,
1574 373 1656 408 gra—

267 431 351 464 tiam
376 433 492 463 tamen
518 428 598 472 agis
626 426 720 468 Deo,
758 435 801 460 ac
833 427 863 459 si
894 435 1021 472 magna
1054 427 1250 470 recepisses
1286 426 1330 460 ab
1366 437 1419 461 eo.
1468 427 1520 462 Ad
1559 439 1657 473 quem

269 496 349 530 illa:
378 496 468 529 sicut
494 502 604 537 parva
629 491 798 526 medicina
824 501 931 536 saepe
958 501 978 525 a
997 501 1123 537 magno
1146 492 1473 538 languoreliberat‚
1500 494 1550 527 sic
1574 503 1657 539 gra-

269 564 393 596 tiarum
428 560 519 594 actio
553 559 586 591 in
621 559 738 602 parvis
773 557 874 591 donis
907 566 1110 602 magnorum
1136 556 1285 592 eflicitur
1309 559 1442 592 auctrix
1469 558 1658 599 donor-unu

271 627 360 661 baec
383 630 519 665 tamen,
546 633 636 668 quae
664 625 881 657 extrinsecus
907 626 1006 664 suut,
1033 626 1154 657 nostra
1182 633 1249 657 non
1276 627 1374 666 sunt,
1401 623 1461 658 sed
1490 634 1544 665 ea,
1570 634 1659 669 quae

271 694 304 726 in
339 690 442 725 nobis
477 694 558 723 sunt
592 692 627 722 et
658 692 780 721 nostra
813 691 914 729 sunt,
949 698 970 721 a
994 688 1067 722 Deo
1095 698 1222 733 magna
1254 690 1392 733 accepi,
1426 690 1508 734 quia
1535 699 1588 724 me
1613 688 1658 722 ad

273 767 371 791 suain
395 755 582 800 imaginem
610 752 712 794 feeit,
741 751 951 786 intellectum
976 752 1056 786 mibi
1086 752 1201 794 dedit,
1238 753 1282 787 ad
1309 764 1404 788 suam
1430 765 1484 790 me
1509 755 1656 800 gloriam

271 823 409 857 vocavit
440 825 474 855 et
504 820 646 864 januam
681 819 778 864 regni
813 819 865 852 sui
889 820 960 863 jam
987 817 1070 851 mihi
1096 820 1254 862 a-peruit;
1290 829 1353 863 pro
1378 821 1486 853 tantis
1514 830 1598 865 ergo
1625 824 1659 854 et

271 894 340 923 tam
377 887 513 931 maguis
546 884 648 918 donis
689 886 799 928 ipsum
834 883 979 918 laudare
1015 884 1187 917 convenit.
1237 883 1367 919 Videns
1403 885 1546 929 juvenis
1582 886 1658 930 ejus

271 953 490 999 prudentiam
523 961 595 985 eam
628 960 648 984 a
682 954 782 995 patre
815 959 878 983 suo
914 950 948 982 in
982 959 1125 983 uxorem
1164 951 1278 994 petiit.
1337 950 1398 984 Cui
1432 950 1514 985 ille:
1553 949 1657 985 filiam

271 1029 379 1056 meam
406 1019 566 1061 accipere
592 1027 660 1050 non
685 1015 803 1057 vales,
839 1016 921 1059 quia
956 1014 1098 1048 divitum
1126 1019 1160 1049 et
1184 1015 1351 1050 nobilium
1377 1015 1469 1050 filius
1495 1026 1553 1058 es,
1590 1028 1657 1063 ego

270 1090 383 1120 autem
416 1092 549 1127 pauper
574 1091 662 1115 sum.
711 1080 781 1115 Sed
809 1090 882 1114 cum
909 1080 968 1114 ille
995 1081 1132 1114 omniuo
1159 1082 1328 1123 instaret,
1357 1084 1407 1116 ait
1431 1092 1560 1117 senex:
1589 1094 1656 1117 non

270 1160 411 1196 possum
439 1158 513 1182 eam
541 1146 604 1181 tibi
632 1146 739 1187 dare,
775 1149 813 1179 ut
845 1146 879 1179 in
914 1145 1049 1179 domum
1086 1148 1196 1189 patris
1231 1147 1278 1180 tui
1313 1146 1421 1181 ducas
1454 1158 1546 1190 eam,
1582 1159 1656 1184 cum

268 1218 369 1251 unica
394 1213 476 1248 mibi
501 1214 556 1246 sit.
606 1211 650 1246 Et
673 1212 751 1246 ille:
787 1210 880 1255 apud
916 1221 977 1244 vos
1004 1211 1150 1245 manebo
1177 1215 1210 1246 et
1236 1212 1336 1246 vobis
1361 1224 1414 1247 me
1439 1215 1471 1247 in
1499 1215 1656 1248 omnibus

267 1279 506 1316 conformabo.
555 1278 742 1322 Deponeus
770 1278 878 1322 igilur
903 1279 1092 1321 pretiosum
1119 1281 1353 1311 ornamentum
1380 1277 1534 1313 habitum
1561 1282 1656 1314 senis

269 1347 381 1382 induit
415 1349 449 1380 et
485 1344 577 1389 apud
611 1354 685 1378 eum
719 1352 862 1377 manens
897 1344 1008 1387 ipsam
1043 1343 1077 1376 in
1107 1353 1246 1377 uxorem
1273 1344 1420 1387 accepit.
1468 1343 1653 1390 Postquam

268 1416 382 1446 autem
408 1421 514 1445 senex
541 1409 670 1443 diutius
697 1420 770 1444 eum
797 1408 978 1453 probavit,
1012 1410 1047 1442 in
1078 1407 1265 1442 thalamum
1301 1419 1375 1442 eum
1405 1409 1502 1443 duxit
1531 1414 1565 1444 et
1590 1412 1651 1444 im-

268 1488 419 1512 mensum
448 1476 584 1521 pondus
612 1475 824 1516 divitiarum,
850 1479 1012 1520 quantum
1035 1484 1208 1520 nunquam
1233 1474 1381 1517 viderat,
1408 1475 1474 1509 sibi
1501 1476 1656 1510 ostendit

269 1547 303 1578 et
336 1543 451 1576 omnia
484 1541 552 1574 sibi
588 1540 695 1574 (ledit.
745 1540 838 1575 Dixit
870 1545 983 1575 autem
1007 1540 1197 1585 Josaphat:
1230 1542 1477 1576 convenienter
1503 1552 1555 1577 me
1586 1544 1654 1576 ista

267 1609 381 1654 tangit
411 1607 566 1641 narratio
599 1610 632 1640 et
665 1615 686 1639 a
715 1610 749 1640 te
784 1606 849 1640 boe
881 1606 1009 1640 dictum
1043 1616 1122 1641 esse
1147 1606 1191 1641 de
1217 1616 1270 1640 me
1296 1607 1476 1649 existimo,
1509 1607 1571 1642 sed
1598 1608 1654 1642 dio

267 1674 368 1716 milii,
403 1677 522 1718 paler,
556 1675 640 1717 quot
664 1682 829 1705 annorum
868 1682 905 1706 es
933 1676 966 1706 et
990 1672 1049 1705 ubi
1076 1673 1317 1714 conversaris,
1351 1673 1434 1717 quia
1461 1683 1482 1708 a
1506 1677 1540 1708 te
1564 1684 1651 1707 nun-

268 1750 369 1785 quam
395 1739 474 1772 volo
501 1739 671 1781 separari.
720 1736 762 1771 Et
787 1737 865 1771 ille:
893 1747 1058 1771 annorum
1085 1748 1158 1771 sum
1181 1737 1275 1772 XLV
1302 1740 1334 1772 in
1361 1738 1510 1773 desertis
1537 1743 1653 1774 terrae

267 1806 425 1838 Sennaar
450 1803 594 1848 degens.
646 1803 699 1837 Ad
726 1814 824 1847 quem
851 1803 1042 1847 Josapliat:
1075 1803 1223 1846 amplius
1260 1807 1361 1846 pater
1392 1804 1473 1837 inihi
1500 1814 1652 1848 appares

264 1870 361 1903 Lxx
379 1879 558 1903 annorum.
607 1868 650 1902 Et
668 1869 747 1902 ille:
771 1869 800 1902 si
821 1869 1036 1902 analivitalc
1056 1877 1131 1901 mea
1149 1878 1266 1902 omnes
1290 1878 1400 1901 annos
1423 1878 1518 1902 meos
1545 1879 1651 1913 quae-

265 1937 314 1969 ris
338 1935 493 1974 discere,
523 1933 610 1967 bcne
637 1943 698 1967 eos
725 1935 944 1974 existimasti,
970 1933 1031 1967 sed
1058 1933 1152 1966 nullo
1182 1932 1283 1966 modo
1309 1943 1331 1966 a
1355 1943 1406 1967 me
1431 1935 1462 1967 in
1490 1944 1652 1967 mensura

263 2001 358 2034 vilae
384 2002 646 2042 computantur,
682 2002 853 2043 quotquot
877 1999 910 2031 in
938 1999 1089 2031 vanitate
1115 1998 1229 2031 muudi
1257 2000 1400 2042 expensi
1440 2003 1538 2040 sunt;
1569 2003 1651 2033 tunc

265 2066 351 2099 enim
386 2066 419 2097 in
452 2064 611 2097 interiori
645 2062 783 2097 homine
818 2067 973 2097 mortuus
1010 2072 1101 2097 eram
1135 2067 1169 2097 et
1193 2073 1302 2097 annos
1330 2065 1450 2098 inertis
1477 2074 1649 2109 inmquam

264 2132 355 2164 vitae
380 2128 578 2162 nominabo.
629 2127 709 2162 Cum
739 2130 846 2174 igitur
869 2127 1044 2172 Josapbat
1070 2138 1144 2162 eum
1164 2130 1197 2162 iu
1219 2128 1393 2164 desertum
1415 2130 1515 2174 sequi
1534 2129 1649 2171 vellet,

261 2195 350 2229 dixit
374 2193 553 2227 Barlaam:
587 2194 617 2226 si
645 2193 709 2228 boc
735 2194 882 2235 seceris,
915 2197 949 2227 et
979 2197 1040 2227 tuo
1065 2196 1243 2228 consortio
1267 2194 1395 2229 carebo
1422 2199 1456 2229 et
1483 2205 1649 2239 persecu-

260 2261 366 2294 tionis
395 2258 560 2292 sratribus
586 2261 671 2293 meis
697 2263 822 2293 auctor
846 2259 1026 2300 exsistam,
1053 2259 1130 2296 sed.
1156 2270 1228 2294 cum
1256 2265 1485 2305 opportunum
1514 2264 1648 2305 tempus

261 2325 414 2366 videris,
441 2324 485 2358 ad
510 2335 561 2358 me
587 2326 718 2359 venies.
768 2324 929 2358 Barlaam
960 2326 1068 2369 igilur
1092 2325 1195 2359 lilium
1223 2328 1319 2371 regis
1345 2326 1530 2371 baptizans
1557 2330 1590 2360 et
1614 2327 1649 2359 in

260 2390 326 2425 lide
350 2391 480 2435 optime
506 2391 681 2424 instruens
705 2400 779 2425 eum
806 2390 983 2423 osculatus
1011 2394 1064 2424 est
1090 2392 1128 2425 et'
1149 2390 1194 2424 ad
1220 2391 1332 2425 locum
1361 2402 1456 2426 suum
1486 2400 1648 2426 reversus

260 2461 324 2491 est.
373 2456 558 2500 Postquam
586 2459 698 2490 autem
727 2466 786 2490 rex
813 2455 915 2489 silium
944 2455 1170 2490 christianum
1199 2456 1325 2491 sactum
1352 2456 1497 2498 audivit,
1525 2458 1557 2490 in
1584 2455 1645 2489 do-

259 2521 334 2555 lore
352 2523 456 2555 nimio
483 2522 619 2565 positus
645 2526 709 2555 est.
761 2521 866 2561 Quem
895 2521 1032 2566 quidam
1052 2523 1181 2556 amicus
1201 2532 1297 2565 suuS‚
1324 2523 1462 2557 nomine
1481 2519 1644 2563 Aracbis,

259 2586 445 2620 consolans
470 2589 537 2621 ait:
562 2597 764 2634 cognosco,
800 2596 861 2620 rex
897 2597 1027 2627 senex,
1064 2586 1232 2632 quendam
1273 2589 1471 2627 eremitam,
1507 2587 1562 2630 qui
1601 2585 1643 2620 dc

256 2654 375 2684 nostra
411 2656 509 2686 secla
541 2657 614 2694 est,
651 2654 708 2698 qui
743 2663 806 2696 per
839 2653 953 2686 onmia
993 2651 1153 2686 Barlaam
1181 2651 1303 2686 similis
1335 2655 1406 2694 est;
1443 2649 1499 2683 bie
1535 2651 1642 2696 igitur
