1742 3005
333 106 427 157 Cap.
462 107 575 145 CXL.
634 108 692 146 De
723 115 854 146 sancto
884 109 1076 148 Matthaeo
1107 109 1295 161 apostolo.
1424 109 1506 150 (325

119 219 183 245 1100
215 221 277 256 per
311 222 434 259 magos
469 212 698 260 Ephigeniam
737 218 857 259 posset
890 214 1111 260 aliquatenus
1153 214 1353 256 immutare,
1395 218 1504 250 totam

118 276 196 320 ejus
222 275 356 311 domum
384 279 466 324 igne
492 280 637 324 copioso
664 279 819 321 vallavit,
844 283 881 313 ut
906 281 1015 324 ipsam
1044 289 1117 314 cum
1136 280 1286 314 caeteris
1306 279 1504 326 virginibus

119 347 377 385 concremaret,
414 344 599 388 apostolus
633 349 746 379 autem
782 345 911 379 eisdem
947 354 1123 389 apparens
1157 355 1289 379 omnem
1316 345 1431 390 ignem
1457 344 1502 379 ab

117 415 234 440 earum
262 407 363 442 domo
391 410 565 451 excussit,
599 411 657 455 qui
685 420 868 454 erumpens
894 410 989 454 regis
1018 409 1183 453 palatium
1210 411 1338 443 invasit
1365 415 1399 445 et
1424 411 1502 445 solo

118 481 202 517 rege
248 473 416 508 evadente
455 476 510 508 vix
553 484 626 508 011111
664 476 766 507 1111100
799 474 869 507 tilio
902 478 1027 507 cuneta
1061 475 1271 514 consumsit,
1315 476 1502 521 statimque

117 535 207 571 tilius
240 543 401 583 arreptus
439 549 460 573 a
493 539 675 573 daemonio
708 539 817 582 patris
851 539 995 571 crimina
1020 539 1187 572 confitens
1213 537 1258 571 ad
1284 539 1503 583 sepulchrum

116 603 270 647 apostoli
294 605 518 648 properavit,
550 607 652 648 pater
685 613 766 637 vero
793 604 1014 647 turpissimus
1041 603 1202 647 leprosus
1228 603 1393 647 effectus,
1427 614 1502 639 011111

115 669 230 701 curari
256 678 323 701 non
348 672 482 712 posset,
507 678 609 703 manu
629 669 774 713 propria
793 668 914 714 gladio
938 679 976 703 se
1003 670 1160 713 peremit.
1208 668 1362 713 Populus
1387 674 1502 705 autem

117 731 258 766 fratrem
290 731 509 779 Ephigeniae
539 735 583 768 ab
622 733 784 778 apostolo
817 733 1029 778 baptizatum
1064 744 1181 779 regem
1206 735 1404 776 constituit,
1444 738 1503 781 qui

113 806 176 841 per
201 807 310 832 annos
335 798 432 833 LXX
458 801 620 845 regnavit
646 802 679 833 et
705 798 809 832 filiuni
836 809 932 832 suum
952 798 1019 832 sibi
1038 798 1252 833 substituens
1275 798 1501 835 christianum

113 862 239 896 cultum
265 865 449 909 magnifice
473 865 654 909 ampliavit
678 868 712 899 et
735 868 842 897 totam
870 863 1082 908 Aethiopiae
1107 865 1319 908 provinciam
1340 865 1499 901 ecclesiis

116 927 247 962 Christi
272 929 440 973 replevit,
474 929 607 964 Zaroes
641 933 755 963 autem
790 933 823 963 et
848 928 1032 973 Arphaxat
1060 929 1103 962 ab
1129 939 1171 963 ea
1199 929 1276 970 die,
1311 939 1380 974 qua
1403 932 1498 976 regis

114 993 219 1026 tilium
251 994 432 1038 apostolus
465 996 664 1036 suscitavit,
702 996 737 1028 in
771 993 948 1028 Persidem
984 994 1166 1039 sugerunt,
1209 994 1271 1029 sed
1304 995 1431 1040 Symon
1465 1001 1500 1031 et

112 1057 224 1093 Judas
257 1069 318 1093 005
349 1059 476 1093 ibidem
513 1061 679 1094 vicerunt.
728 1058 944 1101 Notandum,
980 1059 1073 1104 quod
1107 1061 1140 1093 in
1176 1060 1281 1094 heato
1315 1060 1498 1096 Matthaeo

115 1128 265 1168 quatuor
297 1124 576 1160 considerantur.
632 1124 780 1159 Primum
826 1129 879 1159 est
919 1125 1143 1160 obedientiae
1183 1125 1371 1167 velocitaS,
1416 1127 1499 1171 quia

114 1198 213 1230 mox,
246 1192 283 1222 ut
308 1188 568 1224 Christus'eum
605 1192 761 1232 vocavit,
798 1191 961 1224 continuo
1004 1190 1224 1233 ¹)teloueum
1258 1190 1401 1235 reliquit
1433 1201 1496 1226 nec

113 1252 272 1288 dominos
307 1265 389 1289 51105
419 1257 544 1290 timens
581 1257 735 1290 rationes
771 1256 993 1301 vectigalium
1027 1255 1250 1299 imperfectas
1283 1255 1426 1301 reliquit
1463 1261 1498 1291 et

113 1318 253 1353 Christo
288 1320 442 1364 perfecte
475 1320 649 1355 adhaesit.
695 1321 761 1356 Pro
798 1320 862 1354 hac
898 1321 1083 1355 velocitate
1108 1320 1330 1355 obedientiae
1356 1322 1496 1366 quidam

113 1386 333 1420 occasionem
366 1388 495 1420 erroris
531 1386 598 1420 sibi
635 1391 894 1427 assumserunt,
927 1387 1016 1420 510111
1048 1388 1171 1420 recitat
1205 1386 1430 1431 Hieronymus
1463 1390 1496 1422 111

111 1451 279 1495 originali
313 1461 419 1495 super
454 1452 666 1495 praedictum
700 1452 810 1486 10011111
844 1451 981 1486 11100115;
1015 1453 1133 1496 arguit
1158 1453 1190 1485 in
1216 1452 1283 1485 1100
1308 1452 1385 1485 1000
1410 1451 1498 1486 Por-

112 1515 246 1560 phirius
283 1520 316 1551 et
347 1515 506 1551 Julianus
540 1518 721 1562 Augustus
758 1517 811 1552 vel
854 1518 1060 1561 imperitiam
1096 1517 1262 1561 hystorici
1299 1518 1498 1552 mentientis

112 1580 167 1615 vel
192 1581 374 1616 stultitiam
399 1593 534 1624 eorum,
574 1584 631 1628 qui
657 1584 772 1617 statim
799 1584 907 1617 secuti
935 1584 1003 1616 sint
1028 1582 1252 1624 salvatorem,
1279 1584 1380 1627 quasi
1407 1584 1497 1617 irra-

109 1646 329 1681 tionabiliter
363 1648 552 1693 quemlihet
586 1653 764 1683 vocantem
797 1647 967 1682 hominem
994 1651 1073 1682 sunt
1098 1649 1219 1682 secuti.
1269 1646 1351 1681 Eum
1377 1652 1497 1684 tantae

112 1713 257 1747 virtutes
289 1717 456 1759 tantaque
490 1715 594 1760 signa
625 1718 914 1758 praecesserunt,
948 1723 1037 1758 quae
1070 1714 1274 1758 apostolos,
1310 1718 1498 1760 antequam

111 1776 315 1820 crederent,
340 1778 472 1813 vidisse
496 1789 563 1812 non
589 1778 728 1812 dubium
757 1783 820 1814 est.
871 1779 973 1814 Certe
1008 1779 1126 1824 fulgor
1159 1780 1236 1823 11150
1269 1782 1302 1813 01
1327 1781 1496 1824 maJestas

109 1842 303 1877 divinitatis
330 1843 477 1886 occulta,
503 1854 592 1889 quae
620 1846 723 1878 etiam
749 1846 784 1878 in
806 1844 956 1879 humana
979 1844 1070 1878 facie
1100 1844 1295 1887 relucebat,
1322 1855 1364 1880 ex
1384 1846 1495 1889 primo

109 1907 153 1942 ad
178 1918 217 1943 se
243 1908 399 1944 videntes
424 1909 565 1944 trahere
591 1914 730 1954 poterat
754 1910 936 1955 adspectu.
985 1909 1022 1944 Si
1049 1900 1137 1944 enim
1163 1910 1196 1943 in
1219 1915 1382 1956 magnete
1407 1911 1496 1946 haee

109 1983 190 2008 esse
222 1975 331 2009 virtus
367 1974 513 2017 dicitur,
555 1980 593 2009 ut
629 1975 775 2009 annulos
814 1980 848 2010 et
884 1975 1038 2010 festucas
1071 1976 1141 2010 sihi
1174 1975 1332 2019 copulet,
1365 1980 1495 2021 quanto

110 2039 222 2083 magis
258 2037 416 2072 dominus
451 2041 599 2074 omnium
633 2044 869 2074 ereaturarum
905 2040 949 2073 ad
980 2050 1018 2075 se
1043 2044 1183 2084 poterat
1206 2039 1370 2082 trahere,
1406 2050 1495 2084 quos

110 2102 262 2137 volebat.
310 2102 404 2137 Haec
427 2103 667 2147 Hieronymus.
715 2104 909 2138 Secundum
936 2108 991 2138 est
1016 2105 1093 2148 ejus
1118 2103 1267 2148 largitas
1300 2105 1375 2138 sive
1405 2103 1495 2139 libe-

109 2167 245 2210 ralitas,
273 2169 355 2212 quia
378 2169 494 2201 statim
521 2167 605 2202 fecit
630 2169 662 2202 ei
687 2168 879 2201 convivium
906 2177 1066 2213 magnum
1092 2168 1126 2201 in
1152 2166 1253 2200 domo
1271 2177 1345 2202 sua.
1394 2168 1494 2208 Quod

110 2232 247 2279 quidem
283 2234 477 2267 convivium
514 2243 581 2266 non
617 2237 687 2267 tam
713 2231 778 2266 fuit
802 2242 962 2278 magnum
994 2233 1131 2267 ratione
1156 2232 1274 2266 lautae
1300 2243 1496 2278 praepara*

107 2299 227 2340 tionis,
256 2298 319 2333 sed
345 2299 446 2332 etiam
474 2297 538 2331 fuit
560 2306 721 2342 magnum
749 2299 858 2342 primo
886 2299 1022 2332 ratione
1048 2298 1133 2340 voti,
1161 2299 1243 2342 quia
1266 2307 1342 2332 eum
1366 2308 1493 2344 magno

108 2363 236 2398 affectu
265 2367 299 2397 et
322 2362 498 2397 desiderio
527 2363 638 2407 ipsum
664 2364 809 2407 recepit.
857 2362 1018 2397 Secundo
1046 2363 1185 2397 ratione
1210 2365 1383 2407 mysterii,
1409 2365 1492 2409 quia

107 2428 193 2462 illud
229 2428 294 2462 suit
334 2427 558 2462 indicativum
600 2430 719 2474 magni
755 2429 921 2473 mysterii.
971 2428 1070 2468 Quod
1115 2429 1312 2472 mysterium
1349 2430 1494 2474 exponit

110 2492 237 2528 Glossa
263 2503 370 2538 super
395 2491 523 2527 Lucam
551 2492 686 2527 dicens:
715 2494 774 2538 qui
798 2492 972 2527 domicilio
995 2492 1170 2528 Christum
1198 2494 1325 2538 recipit
1342 2494 1491 2537 interno,

108 2560 266 2593 maximis
295 2557 558 2594 exuberantium
592 2559 750 2602 pascitur
774 2557 1067 2592 delectationibus
1094 2557 1319 2602 voluptatum.
1370 2558 1490 2594 Tertio

176 2702 202 2732 1)
221 2701 274 2730 Ed.
295 2705 339 2729 l'r.
358 2702 435 2729 111-’110
455 2705 479 2729 Τ
491 2702 507 2728 11
519 2712 533 2727 0
545 2711 560 2729 0
572 2702 579 2728 1
590 2712 605 2729 o
616 2713 632 2728 11
644 2702 651 2727 i
662 2712 678 2728 11
689 2712 715 2728 111
737 2699 834 2728 offert.

1169 2755 1216 2789 4ss
