1742 3005
435 59 529 110 Cap.
566 60 681 98 CXX.
741 62 799 100 De
831 70 960 100 sancto
991 62 1201 101 Bernardo.
1429 65 1511 104 529

124 162 279 206 salubre,
309 164 384 209 eJus
404 165 580 199 castitatis
603 166 785 210 proposito
807 166 930 202 incidit
954 166 1148 213 multosque
1174 168 1240 202 sibi
1260 168 1407 215 laqueos
1433 175 1510 205 ten-

122 230 266 263 tationis
292 231 470 275 opposuit.
521 230 602 265 Cum
629 232 716 265 enim
745 231 932 277 aliquando
956 234 989 266 in
1013 233 1186 278 quandam
1213 233 1372 270 feminam
1389 236 1510 271 oculos

122 293 255 329 defixos
281 294 494 340 aliquamdiu
530 297 722 339 tenuisset,
759 299 922 332 continuo
958 297 1001 333 de
1034 308 1073 333 se
1109 300 1187 344 ipso
1223 300 1436 336 erubescens
1477 304 1511 337 in

120 365 230 395 semet
255 362 367 406 ipsum
395 363 640 396 severissimus
666 362 758 396 ultor
793 364 943 408 insurgit
976 372 1018 397 ac
1053 365 1085 397 in
1121 369 1282 409 stagnum
1314 367 1510 412 gelidarum

119 436 286 472 aquarum
314 426 472 462 insiliens
498 427 629 461 tamdiu
658 427 784 461 ibidem
810 429 1012 471 permansit,
1043 429 1153 463 donec
1178 439 1289 473 paene
1317 434 1509 477 exsanguis

120 492 266 527 effectus
298 503 361 537 per
393 493 542 538 gratiam
576 492 641 527 Dei
675 500 696 525 a
729 491 846 526 calore
887 492 1040 526 carnalis
1073 496 1382 538 concupiscentiae
1414 501 1508 532 totus

118 557 292 604 refriguit.
343 557 442 592 Circa
474 557 562 592 idem
598 560 735 601 tempus
771 558 937 591 instinctu
972 557 1152 593 daemonis
1186 559 1304 604 puella
1338 561 1508 606 quaedam

116 625 151 657 in
175 623 302 658 lectum
329 621 532 657 dormientis
555 633 593 657 se
618 622 711 657 nuda
737 623 877 668 injecit,
915 632 1016 668 quam
1045 623 1103 658 ille
1131 626 1286 660 sentiens
1315 636 1389 661 cum
1416 630 1508 662 omni

116 698 201 733 pace
226 692 261 733 et
286 688 426 722 silentio
453 692 586 733 partem
614 689 646 723 ei
673 688 810 730 lectuli,
846 698 945 734 quam
973 694 1228 734 occupaverat,
1265 693 1373 726 cessit
1404 698 1439 727 et
1473 696 1505 728 in

113 755 204 788 latus
231 754 377 788 alterum
406 764 445 788 se
469 758 675 788 convertens
704 753 885 795 dormivit,
923 755 1050 789 misera
1087 766 1169 790 vero
1205 756 1265 790 illa
1291 757 1505 803 aliquamdiu

113 822 291 854 sustinens
315 824 348 854 et
367 824 588 864 exspectanS,
617 819 743 854 deinde
759 820 907 865 palpans
927 824 959 854 et
980 821 1173 863 stimulans,
1201 824 1401 865 novissime,
1430 835 1504 858 cum

113 885 299 920 immobilis
326 886 402 930 ipse
428 887 654 930 persisteret,
691 885 753 919 illa
779 885 860 919 licet
885 885 1188 929 impudentissima
1213 892 1327 929 esset,
1366 889 1506 924 erubuit

112 955 146 986 et
173 951 320 986 horrore
346 951 479 996 ingenti
505 955 609 995 atque
635 950 864 984 admiratione
890 950 1035 995 perfusa
1051 961 1200 997 surgens
1221 952 1370 999 aufugit.
1421 955 1503 989 Cum

112 1018 233 1051 iterum
265 1017 298 1050 in
327 1016 428 1052 domo
455 1016 632 1061 cujusdam
660 1019 838 1050 matronae
864 1015 1122 1060 hospitaretur,
1157 1017 1218 1052 illa
1243 1019 1501 1057 adolescentem

111 1086 257 1127 aspectu
291 1081 452 1116 decorum
480 1081 730 1122 considerans,
766 1080 988 1116 vehementer
1022 1083 1055 1116 in
1081 1085 1399 1127 concupiscentiam
1426 1089 1502 1132 ejus

110 1149 260 1190 exarsit,
293 1157 368 1181 cum
394 1151 505 1183 autem
533 1150 679 1183 seorsim
707 1148 829 1182 tectum
857 1146 924 1181 sibi
950 1149 1059 1181 sterni
1086 1147 1247 1191 fecisset,
1287 1152 1366 1194 ipsa
1391 1153 1502 1197 impu-

110 1213 234 1248 denter
251 1217 285 1248 et
301 1213 446 1248 silenter
467 1212 509 1248 de
528 1218 629 1248 nocte
650 1224 799 1259 surgens
818 1213 860 1247 ad
883 1224 957 1247 eum
986 1215 1148 1248 accessit.
1199 1214 1305 1254 Quam
1335 1216 1395 1251 ille
1419 1227 1500 1252 sen-

109 1281 200 1314 tiens
222 1280 381 1324 protinus
403 1279 629 1314 exclamavit:
659 1280 828 1321 latrones,
848 1279 1013 1312 latrones.
1052 1278 1104 1313 Ad
1125 1289 1225 1324 quam
1245 1292 1360 1316 vocem
1379 1283 1503 1318 mulier

111 1344 222 1390 fugit,
248 1345 383 1378 familia
407 1347 543 1390 surgit,
572 1345 716 1379 lucerna
741 1344 965 1386 accenditur,
991 1343 1083 1378 latro
1111 1347 1311 1389 quaeritur,
1347 1348 1407 1382 sed
1437 1351 1502 1382 mi-

111 1411 200 1444 nime
225 1410 418 1452 invenitur,
455 1410 499 1444 ad
524 1410 672 1445 lectulos
701 1409 831 1455 singuli
859 1409 1023 1451 redeunt,
1053 1411 1238 1454 quiescunt
1265 1415 1408 1455 caeteri,
1438 1414 1500 1448 sed

111 1486 179 1511 non
206 1476 267 1509 illa
293 1476 420 1509 misera
446 1478 656 1521 requiescit,
694 1486 771 1509 nam
798 1475 910 1510 denuo
940 1476 1109 1520 exsurgit,
1138 1475 1308 1510 Bernardi
1335 1477 1498 1512 lectulum

110 1543 219 1587 petit,
246 1541 307 1576 sed
334 1541 412 1576 ille:
439 1542 614 1584 latrones,
642 1542 810 1583 latrones,
838 1540 951 1574 denuo
978 1540 1194 1574 exclamavit.
1241 1541 1350 1576 Latro
1376 1545 1498 1579 iterum

110 1608 308 1652 quaeritur,
342 1607 406 1642 sed
438 1617 657 1653 nequaquam
694 1606 737 1640 ab
774 1617 837 1648 eo,
874 1606 933 1650 qui
966 1604 1062 1639 solus
1093 1611 1259 1647 noverat,
1287 1608 1498 1652 publicatur,

109 1683 219 1718 usque
244 1674 346 1708 tertio
372 1673 532 1719 improba
555 1673 680 1708 mulier
705 1673 756 1706 sic
788 1671 930 1716 repulsa
962 1672 1019 1705 vix
1049 1671 1188 1706 tandem
1221 1678 1313 1708 metu
1346 1675 1401 1710 vel
1435 1675 1498 1711 dc-

108 1739 311 1782 speratione
350 1740 442 1773 victa
476 1740 641 1774 cessavit.
690 1738 773 1772 Cum
805 1741 919 1772 autem
953 1739 1115 1782 sequenti
1152 1737 1209 1772 die
1254 1741 1321 1774 iter
1361 1745 1498 1787 ageret,

108 1807 296 1849 arguentes
314 1814 388 1838 eum
413 1805 512 1847 socii,
540 1804 632 1850 quod
647 1806 775 1839 totiens
796 1804 952 1837 latrones
970 1805 1206 1847 somniaverit,
1234 1807 1496 1851 perquirebant.

109 1867 241 1908 Quibus
266 1869 327 1904 ille
353 1871 419 1904 ait:
457 1871 630 1905 veraciter
660 1869 727 1904 hac
753 1874 854 1904 nocte
887 1868 1036 1903 insidias
1071 1880 1144 1904 sum
1171 1881 1360 1916 perpessus
1386 1871 1497 1906 latro-

107 1935 179 1976 nis,
206 1936 289 1980 quia
313 1934 455 1981 hospita
479 1935 563 1970 mihi
588 1935 765 1971 nitebatur
791 1934 931 1970 auferre
960 1934 1162 1969 thesaurum
1188 1938 1497 1982 irrecuperabilem

110 2000 299 2035 castitatis.
346 1999 573 2045 Perpendens
610 2002 719 2045 igitur
752 2011 820 2034 non
851 2010 930 2034 esse
963 2004 1070 2033 tutum
1098 2001 1303 2037 cohabitare
1329 2005 1497 2047 serpenti,

108 2063 227 2109 fugam
261 2063 423 2098 meditari
455 2067 570 2109 coepit
603 2069 637 2100 et
673 2064 827 2098 ordinem
863 2064 1149 2099 cisterciensium
1194 2070 1318 2100 extunc
1358 2067 1498 2112 ingredi

108 2128 329 2164 deliberavit.
380 2129 480 2170 Quod
514 2139 587 2164 cum
621 2129 750 2163 fratres
786 2129 863 2173 ejus
900 2133 1155 2174 cognoscerent
1191 2133 1225 2164 et
1257 2141 1332 2164 eum
1360 2131 1403 2165 ab
1431 2130 1498 2166 hoc

107 2196 291 2240 proposito
317 2193 429 2229 modis
455 2195 613 2229 omnibus
646 2193 891 2239 prohiberent,
929 2197 1060 2228 tantam
1095 2196 1127 2229 ei
1163 2198 1311 2241 gratiam
1338 2196 1497 2231 dominus

107 2261 276 2302 contulit,
307 2263 345 2294 ut
378 2271 446 2295 non
480 2261 590 2294 solum
624 2261 701 2305 ipse
735 2270 757 2295 a
782 2260 1012 2295 conversione
1037 2270 1104 2293 non
1131 2260 1397 2305 prohiberetur,
1433 2262 1498 2298 sed

108 2335 228 2359 omnes
252 2324 381 2360 fratres
407 2335 492 2360 suos
517 2330 552 2360 et
575 2326 700 2360 multos
726 2322 816 2361 alies
842 2326 885 2360 ad
911 2325 1116 2370 religionem
1135 2326 1272 2360 domino
1291 2327 1495 2361 lucraretur.

109 2390 285 2426 Gerardus
314 2395 426 2426 tamen
456 2391 565 2426 frater
590 2393 666 2437 eJus
701 2392 800 2426 miles
828 2395 989 2426 strenuus
1015 2390 1102 2425 haec
1129 2390 1248 2425 fratris
1276 2391 1383 2425 verba
1407 2401 1499 2426 vana

108 2456 255 2501 putabat
280 2461 313 2492 et
338 2458 415 2502 ejus
441 2459 578 2491 omnino
605 2459 736 2492 monita
761 2456 975 2501 repellebat3
1003 2459 1082 2490 tunc
1109 2454 1309 2490 Bernardus
1335 2455 1402 2491 fide
1423 2458 1497 2502 jam

109 2523 233 2568 igneus
260 2526 295 2558 et
321 2522 475 2557 fraterno
501 2524 660 2557 caritatis
687 2522 763 2556 zelo
785 2523 904 2556 mirum
928 2522 960 2555 in
980 2520 1114 2555 modum
1136 2525 1383 2566 exasperatus:
1409 2524 1495 2565 scio,

109 2589 232 2633 inquit,
261 2588 372 2624 frater
390 2589 447 2627 mi,
476 2591 561 2631 scie,
588 2588 666 2622 sola
691 2589 829 2623 vexatio
854 2587 1064 2621 intellectum
1083 2586 1181 2620 dabit
1202 2586 1347 2623 auditui.
1394 2587 1496 2634 Digi-

108 2655 248 2699 tumque
281 2654 383 2690 lateri
419 2655 495 2698 ejus
529 2664 729 2699 apponensz
767 2655 901 2693 veniet,
938 2653 1065 2698 inquit,
1100 2651 1176 2686 dies
1213 2656 1248 2687 et
1271 2654 1339 2687 cito
1367 2655 1494 2695 veniet,

1170 2718 1215 2752 3
