1742 3005
1 1740 5 1771 ὲ

2 1774 6 1820 ἰ

1 1826 8 1851 1

425 77 522 128 Cap.
554 77 724 115 LXXIV.
780 77 838 116 De
868 82 997 114 sancto
1028 75 1240 115 Gordiano,
1443 74 1522 111 337

130 179 417 216 sanctificandum
444 181 658 225 immundos,
685 180 776 227 quod
801 185 960 224 notatur,
989 192 1065 216 cum
1088 181 1216 215 dieitur
1239 182 1400 223 sanctus,
1435 181 1524 214 sicut

132 248 221 281 enim
247 246 376 281 dicitur
399 248 563 291 spiritus,
591 248 650 293 qui
675 248 844 292 vivificat,
885 249 934 282 ita
961 251 1123 290 sanctus,
1162 248 1246 292 quia
1269 244 1464 280 sanctificat
1491 249 1524 280 et

130 311 282 346 mundat.
330 311 427 347 Unde
453 318 592 347 sanctus
618 313 708 348 idem
734 319 787 348 est
811 313 905 358 quod
938 313 1096 347 mundus.
1142 312 1290 346 Psalm.:
1328 311 1522 355 ¹)lluminis

129 379 314 422 impetum,
342 377 376 412 id
406 382 477 420 est,
505 378 672 412 mundans
699 383 733 413 et
757 378 939 412 abundans
964 380 1081 423 gratia
1105 379 1250 421 spiritus
1277 378 1391 411 sancti
1420 377 1523 411 laeti·

130 441 212 477 sicat
235 444 410 478 civitatem
430 443 507 486 Dei,
534 443 570 477 id
595 448 668 485 est,
697 444 880 478 ecclesiam
906 443 971 477 Dei
998 447 1032 477 et
1058 454 1120 486 per
1138 442 1231 476 istud
1250 442 1372 477 flumen
1391 443 1523 476 sancti-

131 507 247 543 ficavit
292 508 556 543 tabernaculum
597 518 696 542 suum
741 508 957 542 altissimum.
1008 507 1140 547 Quarto
1182 507 1226 540 ad
1259 506 1525 541 confortandum

130 584 282 609 amorem
308 576 400 608 inter
424 564 607 608 discordes
630 577 664 607 et
683 572 849 607 odiosos:
876 572 969 618 quod
989 576 1140 614 notatur,
1168 582 1242 607 cum
1261 571 1389 605 dicitur
1406 576 1524 616 pater:

132 643 233 684 pater
257 641 346 674 enim
371 638 499 673 dicitur
525 649 578 681 eo,
607 638 700 684 quod
727 638 936 674 naturaliter
970 639 1087 684 diligit
1107 648 1191 680 nos3
1214 637 1295 672 Joh.
1322 637 1421 672 XIII:
1448 639 1524 682 ipse

131 706 220 739 enim
241 708 342 748 pater
357 708 449 738 amat
463 714 539 738 nos.
567 703 603 738 Si
624 708 725 749 pater
740 708 773 738 et
788 715 852 738 nos
871 703 933 738 filii
951 706 1026 749 ejus
1043 708 1077 739 et
1103 702 1230 737 fratres
1249 703 1292 738 ad
1317 705 1463 738 invicem
1491 708 1526 739 et

130 771 220 804 inter
244 768 372 804 fratres
388 769 549 814 perfecta
561 771 716 804 amicitia
729 774 943 814 perseverat.
971 769 1096 809 Quinto
1109 769 1154 803 ad
1167 769 1369 803 salvandum
1386 770 1524 814 justos:

131 835 224 880 quod
250 839 393 869 notatur
423 837 456 869 in
485 835 562 877 hoc,
589 845 662 869 cum
691 835 837 869 dieitur:
865 836 898 868 in
927 837 1065 869 nomine
1091 846 1186 875 meo,
1215 834 1308 880 quod
1336 840 1390 869 est
1419 834 1524 869 ,lesus

132 905 167 935 et
191 901 287 935 salus
320 902 581 945 interpretatur.
629 900 667 934 In
692 901 830 934 nomine
857 902 965 945 igitur
988 900 1085 942 Jesu,
1113 900 1149 934 id
1175 905 1229 934 est
1254 900 1398 941 salutis,
1426 904 1528 943 pater

131 967 225 999 misit
249 967 419 1010 spiritum,
448 970 488 1000 ut
512 966 687 1007 ostendat,
713 965 806 1010 quod
833 965 877 999 ad
903 965 1092 1015 salvandas
1119 970 1244 1011 gentes
1271 967 1373 999 venit.
1417 965 1524 999 Sexto

131 1031 176 1066 ad
201 1031 393 1065 docendum
419 1033 584 1077 ignarOS‚
620 1031 713 1076 quod
739 1035 881 1065 notatur
905 1032 937 1064 in
964 1041 1025 1073 e0,
1057 1031 1150 1076 quod
1179 1031 1321 1065 dicitur:
1363 1031 1423 1065 ille
1464 1041 1525 1065 vos

132 1096 272 1132 docebit
299 1098 425 1131 omnia.
475 1096 576 1131 Circa
603 1102 760 1131 octavum
787 1097 993 1139 notandum,
1033 1097 1126 1142 quod
1161 1097 1277 1137 datur,
1296 1097 1371 1130 sive
1397 1098 1524 1129 missus

132 1167 187 1197 est
212 1164 245 1196 in
281 1163 459 1207 primitiva
490 1162 662 1204 ecclesia3
696 1165 807 1207 primo
843 1173 906 1208 per
939 1164 1150 1203 orationem,
1195 1161 1304 1195 unde:
1342 1161 1525 1195 orantibus

131 1227 304 1272 apostolis
321 1232 386 1261 etc.
410 1232 444 1262 et
467 1227 553 1262 Luc.
572 1227 634 1262 111:
660 1233 783 1263 orante
799 1228 883 1263 Jesu
912 1227 1095 1262 descendit
1119 1229 1264 1272 spiritus
1291 1232 1432 1261 sanctus
1458 1232 1523 1261 ete.

132 1292 294 1327 Secundo
321 1304 385 1338 per
410 1293 508 1328 verbi
533 1293 598 1328 Dei
634 1294 794 1328 devotam
828 1299 862 1328 et
895 1297 1061 1328 attentam
1096 1293 1319 1327 auditionem.
1368 1293 1445 1326 Act.
1475 1292 1525 1325 X:

130 1357 247 1391 adhue
275 1357 440 1403 loquente
464 1359 568 1394 Petro
594 1359 720 1394 cecidit
745 1361 891 1404 spiritus
917 1363 1057 1393 sanetus
1083 1363 1146 1394 etc.
1198 1358 1320 1393 Tertio
1347 1369 1409 1403 per
1434 1360 1523 1391 assi-

133 1422 236 1456 duam
262 1424 516 1466 operationem,
543 1424 636 1469 quod
660 1429 802 1458 notatur
826 1426 861 1458 in
876 1434 1035 1458 manuum
1052 1425 1286 1469 impositione.
1336 1424 1413 1457 Act.
1433 1423 1524 1464 vulf

130 1490 212 1520 tunc
239 1487 464 1531 imponebant
488 1500 608 1523 manus
637 1500 742 1534 super
765 1490 845 1523 illos
863 1494 926 1524 etc.
954 1489 1020 1525 vel
1038 1491 1214 1536 impositio
1236 1499 1392 1524 manuum
1412 1490 1522 1534 signi-

132 1552 213 1587 fieat
238 1552 516 1597 absolutionem,
543 1566 632 1601 quae
657 1556 695 1590 fit
721 1556 755 1589 in
780 1555 1015 1590 consessione.

568 1878 695 1942 cAl'.
728 1878 912 1941 txxlv.
949 1875 1075 1941 (69.)

381 1979 491 2023 De
535 1981 798 2024 sancto
830 1976 1277 2029 Gordiano&

224 2084 422 2121 Gordianus
448 2095 470 2120 a
495 2096 607 2132 ge08‚
632 2065 724 2132 quod
752 2093 806 2123 est
830 2089 959 2133 dogma
986 2090 1060 2122 sive
1085 2088 1219 2129 domus,
1246 2090 1281 2121 et
1306 2085 1408 2130 dyan,
1433 2081 1526 2130 ipiod

133 2155 190 2188 est
218 2151 368 2194 clarum,
395 2154 497 2196 quasi
521 2153 617 2188 clara
644 2153 785 2195 domus,
819 2154 856 2187 in
879 2163 948 2198 qua
973 2153 1158 2187 habitabat
1184 2152 1298 2187 Deus:
1330 2152 1420 2185 siout
1443 2150 1529 2185 dicit

134 2218 354 2263 Augustinus
378 2218 414 2251 in
440 2217 531 2251 libro
557 2217 601 2253 de
627 2220 767 2254 civitate
789 2218 875 2254 Dei:
909 2218 1003 2253 bona
1026 2219 1148 2253 domus
1173 2222 1228 2253 est
1254 2217 1398 2263 paribus
1423 2227 1527 2251 mem—

131 2281 210 2316 bris
235 2281 430 2326 disposita,
466 2283 582 2328 ampla
618 2289 652 2319 et
676 2284 803 2319 lucida.
853 2284 916 2319 Sic
947 2285 1006 2320 ille
1038 2289 1180 2319 sanetus
1207 2284 1272 2318 fuit
1297 2285 1430 2328 pariter
1454 2282 1526 2315 dis-

135 2348 274 2392 positus
299 2356 363 2390 per
385 2348 596 2384 concordiae
624 2352 873 2393 imitationem,
899 2350 1036 2395 amplus
1063 2361 1127 2394 per
1150 2351 1330 2384 caritatem
1346 2376 1354 2390 ‚
1391 2346 1528 2381 lucidus

136 2422 200 2457 per
232 2412 426 2446 veritatem.
474 2411 693 2457 Epymaehus
724 2415 769 2449 ab
802 2426 887 2460 epy,
926 2416 961 2460 ³)
974 2414 1069 2460 quod
1103 2418 1157 2449 est
1189 2423 1297 2458 supra
1322 2416 1357 2447 et
1379 2411 1527 2453 mac-hin,

137 2476 233 2523 quod
258 2480 313 2512 est
337 2486 420 2519 rex,
447 2478 549 2522 quasi
574 2488 746 2523 supernus
772 2490 856 2523 rex,
881 2479 938 2514 vel
961 2480 1004 2513 ab
1033 2489 1117 2524 epy,
1145 2478 1240 2524 quod
1269 2482 1323 2513 est
1349 2488 1467 2523 supra,
1494 2481 1529 2512 et

136 2542 300 2586 machus,
329 2543 421 2587 quod
450 2548 504 2578 est
528 2553 666 2589 pugna,
694 2545 797 2589 quasi
822 2555 886 2589 pro
911 2546 1074 2590 supernis
1099 2553 1273 2590 pugnans.

207 2642 235 2674 1)
254 2641 309 2670 Ed.
328 2645 372 2669 I’r.
397 2642 476 2669 male
501 2642 588 2675 legit:
614 2645 703 2668 Post
728 2640 782 2667 flu
794 2641 917 2681 minis.
1019 2642 1048 2675 2)
1073 2644 1142 2669 Rec.
1161 2640 1278 2674 legunt:
1305 2640 1350 2667 de
1377 2648 1440 2667 san
1452 2640 1526 2667 ctis

139 2687 172 2715 G.
191 2689 228 2713 et
246 2686 466 2722 Epimacho.
570 2688 599 2720 3)
617 2687 717 2715 Verba
741 2686 842 2720 quod
867 2690 928 2714 est
956 2701 986 2709 -
1013 2695 1191 2722 pugnans
1210 2685 1322 2713 omittit
1340 2685 1395 2714 Ed.
1415 2689 1458 2712 l’r.

1200 2741 1246 2775 22
